{"host":"4nqeo0vu1vuav7gg","time":1608223177,"event":{"mods":["AchievementEnabler","BaseMod","Block Reminder","Colored Map","Colored Powertips","Highlight Path","Minty Spire (QoL Compilation)","Quick Restart","Rare Cards Sparkle","Relic Relevance Reorder","StSLib"],"gold_per_floor":[117,129,142,142,142,172,172,207,234,244,257,272,304,5,5,81,81,95,9,9,0,0,0,28,28,28,58,58,70,86,86,86],"floor_reached":31,"playtime":1591,"items_purged":["Strike_B","Auto Shields"],"score":540,"play_id":"3131a94a-c630-4471-a41d-a1b353d29482","local_time":"20201217173937","is_ascension_mode":true,"campfire_choices":[{"floor":7.0,"key":"REST"},{"floor":15.0,"key":"REST"},{"data":"White Noise","floor":23.0,"key":"SMITH"},{"floor":25.0,"key":"REST"},{"data":"Buffer","floor":28.0,"key":"SMITH"}],"circlet_count":0,"master_deck":["AscendersBane","Zap","Dualcast","Loop","BootSequence","Coolheaded","Skim","Coolheaded","Melter","Defragment","Compile Driver","Undo","Static Discharge","Doom and Gloom","Conserve Battery","Creative AI","Conserve Battery","Multi-Cast","Redo","Seek","Echo Form","Skim","White Noise+1","Ball Lightning","Buffer+1","Fusion","Blizzard"],"relics":["Cracked Core","NeowsBlessing","DataDisk","Bag of Marbles","PreservedInsect","Anchor","Pantograph","Symbiotic Virus","Regal Pillow","Membership Card","Spirit Poop","Pandora\u0027s Box","Strawberry","MealTicket"],"acts_visited":["Exordium","TheCity"],"potions_floor_usage":[31,31],"damage_taken":[{"damage":0.0,"enemies":"Jaw Worm","floor":1.0,"turns":1.0},{"damage":0.0,"enemies":"Small Slimes","floor":2.0,"turns":1.0},{"damage":0.0,"enemies":"Cultist","floor":3.0,"turns":1.0},{"damage":50.0,"enemies":"Gremlin Nob","floor":6.0,"turns":6.0},{"damage":14.0,"enemies":"Lagavulin","floor":8.0,"turns":8.0},{"damage":3.0,"enemies":"Large Slime","floor":10.0,"turns":4.0},{"damage":2.0,"enemies":"Blue Slaver","floor":11.0,"turns":3.0},{"damage":0.0,"enemies":"2 Fungi Beasts","floor":12.0,"turns":3.0},{"damage":2.0,"enemies":"Gremlin Nob","floor":13.0,"turns":3.0},{"damage":38.0,"enemies":"The Guardian","floor":16.0,"turns":9.0},{"damage":7.0,"enemies":"Shell Parasite","floor":18.0,"turns":6.0},{"damage":42.0,"enemies":"Slavers","floor":24.0,"turns":7.0},{"damage":0.0,"enemies":"Gremlin Leader","floor":27.0,"turns":4.0},{"damage":22.0,"enemies":"3 Byrds","floor":29.0,"turns":3.0},{"damage":0,"enemies":"Centurion and Healer","floor":30,"turns":7},{"damage":0,"enemies":"Colosseum Slavers","floor":31,"turns":4},{"damage":35,"enemies":"Colosseum Nobs","floor":31,"turns":4}],"seed_played":"8261119536477574422","potions_obtained":[{"floor":1.0,"key":"Block Potion"},{"floor":6.0,"key":"Block Potion"},{"floor":10.0,"key":"Block Potion"},{"floor":13.0,"key":"Explosive Potion"},{"floor":16.0,"key":"PowerPotion"},{"floor":24.0,"key":"Dexterity Potion"},{"floor":27.0,"key":"Energy Potion"}],"is_trial":false,"path_per_floor":["M","M","M","?","?","E","R","E","T","M","M","M","E","$","R","B",null,"M","$","?","?","?","R","E","R","T","E","R","M","M","?"],"character_chosen":"DEFECT","items_purchased":["Membership Card","Static Discharge","Doom and Gloom","Conserve Battery","White Noise"],"campfire_rested":3,"item_purchase_floors":[14,14,14,14,19],"current_hp_per_floor":[64,64,64,64,64,14,35,21,21,18,16,16,14,14,50,12,56,49,49,49,49,49,49,14,52,52,52,52,30,30,0,0],"gold":86,"neow_bonus":"THREE_ENEMY_KILL","is_daily":false,"chose_seed":false,"campfire_upgraded":2,"win_rate":0.0,"timestamp":1608223177,"path_taken":["M","M","M","?","?","E","R","E","T","M","M","M","E","$","R","BOSS","M","?","?","?","?","R","E","R","T","E","R","M","?","?"],"items_purchased_type":["Relic","Card","Card","Card","Card"],"build_version":"2020-12-13","purchased_purges":2,"victory":false,"max_hp_per_floor":[71,71,71,71,71,71,71,71,71,71,71,71,71,71,71,71,71,71,71,71,71,71,71,78,78,78,78,78,78,78,78,78],"card_choices":[{"not_picked":["Heatsinks","Go for the Eyes"],"picked":"Loop","floor":1.0},{"not_picked":["Scrape","FTL"],"picked":"BootSequence","floor":2.0},{"not_picked":["Force Field","Sweeping Beam"],"picked":"Coolheaded","floor":3.0},{"not_picked":["Auto Shields","Doom and Gloom"],"picked":"Skim","floor":6.0},{"not_picked":["Hologram","Rip and Tear"],"picked":"Coolheaded","floor":8.0},{"not_picked":["Hologram","Auto Shields"],"picked":"Melter","floor":10.0},{"not_picked":["Sunder","Coolheaded"],"picked":"Defragment","floor":11.0},{"not_picked":["FTL","Undo"],"picked":"Compile Driver","floor":12.0},{"not_picked":["Go for the Eyes","Steam Power"],"picked":"Undo","floor":13.0},{"not_picked":["Core Surge","Machine Learning"],"picked":"Creative AI","floor":16.0},{"not_picked":["Hologram+1","Redo","Stack"],"picked":"SKIP","floor":18.0},{"not_picked":["Redo","Go for the Eyes"],"picked":"Ball Lightning","floor":24.0},{"not_picked":["BootSequence","Rip and Tear+1"],"picked":"Buffer","floor":27.0},{"not_picked":["Go for the Eyes","Gash"],"picked":"Fusion","floor":29.0},{"not_picked":["Recycle","Lockon+1"],"picked":"Blizzard","floor":30}],"player_experience":958864,"relics_obtained":[{"floor":6.0,"key":"Bag of Marbles"},{"floor":8.0,"key":"Symbiotic Virus"},{"floor":9.0,"key":"PreservedInsect"},{"floor":13.0,"key":"Regal Pillow"},{"floor":24.0,"key":"Strawberry"},{"floor":26.0,"key":"Pantograph"},{"floor":27.0,"key":"MealTicket"}],"event_choices":[{"damage_healed":0.0,"max_hp_gain":0.0,"max_hp_loss":0.0,"gold_gain":0.0,"event_name":"Big Fish","player_choice":"Box","floor":4.0,"gold_loss":0.0,"damage_taken":0.0,"relics_obtained":["DataDisk"],"cards_obtained":["Regret"]},{"cards_removed":["Regret"],"damage_healed":0.0,"max_hp_gain":0.0,"max_hp_loss":0.0,"gold_gain":0.0,"event_name":"Bonfire Elementals","player_choice":"Offered Curse","floor":5.0,"gold_loss":0.0,"damage_taken":0.0,"relics_obtained":["Spirit Poop"]},{"damage_healed":0.0,"max_hp_gain":0.0,"max_hp_loss":0.0,"gold_gain":0.0,"event_name":"Addict","player_choice":"Stole Relic","floor":20.0,"gold_loss":0.0,"damage_taken":0.0,"relics_obtained":["Anchor"],"cards_obtained":["Shame"]},{"damage_healed":0.0,"max_hp_gain":0.0,"max_hp_loss":0.0,"gold_gain":0.0,"event_name":"Masked Bandits","player_choice":"Paid Fearfully","floor":21.0,"gold_loss":9.0,"damage_taken":0.0},{"cards_removed":["Shame"],"damage_healed":0.0,"max_hp_gain":0.0,"max_hp_loss":0.0,"gold_gain":0.0,"event_name":"Back to Basics","player_choice":"Elegance","floor":22.0,"gold_loss":0.0,"damage_taken":0.0},{"damage_healed":0,"gold_gain":0,"player_choice":"Fight","damage_taken":0,"max_hp_gain":0,"max_hp_loss":0,"event_name":"Colosseum","floor":31,"gold_loss":0},{"damage_healed":0,"gold_gain":0,"player_choice":"Fought Nobs","damage_taken":0,"max_hp_gain":0,"max_hp_loss":0,"event_name":"Colosseum","floor":31,"gold_loss":0}],"is_beta":false,"boss_relics":[{"not_picked":["Velvet Choker","Philosopher\u0027s Stone"],"picked":"Pandora\u0027s Box"}],"items_purged_floors":[14,19],"is_endless":false,"potions_floor_spawned":[1,6,10,13,16,24,27,31],"killed_by":"Colosseum Nobs","ascension_level":14}}