{"host":"9kesdg97wkrx2bva","time":1608190949,"event":{"mods":["AchievementEnabler","BaseMod","Colored Map","GifTheSpireLib","Infinite Spire","Minty Spire (QoL Compilation)","Replay The Spire","StSLib"],"gold_per_floor":[115,40,52,117,97,131,131,31,105,123,123,137,137,192,192,192,192],"floor_reached":16,"playtime":304,"items_purged":["Strike_G","Strike_G"],"score":226,"play_id":"b79b20ce-f756-4392-84d8-dbb1476dfeba","local_time":"20201217014229","is_ascension_mode":true,"campfire_choices":[{"data":"ReplayTheSpireMod:Scrap Shanks","floor":7,"key":"SMITH"},{"floor":15,"key":"REST"}],"circlet_count":0,"master_deck":["AscendersBane","Strike_G","Strike_G","Strike_G","Defend_G","Defend_G","Defend_G","Defend_G","Survivor","Neutralize","Blade Dance+1","ReplayTheSpireMod:Scrap Shanks+1","Die Die Die+1","Hidden Blade","Cloak And Dagger","Dagger Throw+1"],"relics":["Ring of the Snake","NeowsBlessing","Replay:Bottled Eggs","Molten Egg 2","Bottled Flame","Onion Ring"],"acts_visited":["Exordium"],"potions_floor_usage":[14,14],"damage_taken":[{"damage":0,"enemies":"Cultist","floor":1,"turns":1},{"damage":0,"enemies":"2 Louse","floor":3,"turns":1},{"damage":0,"enemies":"3 Sentries","floor":6,"turns":1},{"damage":7,"enemies":"Jaw Worm","floor":10,"turns":3},{"damage":0,"enemies":"3 Louse","floor":12,"turns":1},{"damage":23,"enemies":"Lagavulin","floor":14,"turns":6},{"damage":34,"enemies":"Hexaghost","floor":16,"turns":9}],"seed_played":"7013566416577451164","potions_obtained":[{"floor":3,"key":"LiquidMemories"},{"floor":4,"key":"ColorlessPotion"},{"floor":14,"key":"EssenceOfSteel"}],"is_trial":false,"path_per_floor":["M","$","M","?","?","E","R","$","T","M","?","M","?","E","R","B"],"character_chosen":"THE_SILENT","items_purchased":[],"campfire_rested":1,"item_purchase_floors":[],"current_hp_per_floor":[59,59,59,43,43,43,43,43,43,36,36,36,36,13,32,0,0],"gold":192,"neow_bonus":"THREE_ENEMY_KILL","is_daily":false,"chose_seed":false,"campfire_upgraded":1,"win_rate":0.0,"timestamp":1608190949,"path_taken":["M","$","?","?","?","E","R","$","T","?","?","M","?","E","R","BOSS"],"items_purchased_type":[],"build_version":"2020-12-13","purchased_purges":2,"victory":false,"max_hp_per_floor":[66,66,66,66,66,66,66,66,66,66,66,66,66,66,66,66,66],"card_choices":[{"not_picked":["Deflect","ReplayTheSpireMod:Shiv Toss"],"picked":"Blade Dance","floor":1},{"not_picked":["Backflip","Flying Knee"],"picked":"ReplayTheSpireMod:Scrap Shanks","floor":3},{"not_picked":["Deadly Poison","Outmaneuver"],"picked":"Die Die Die+1","floor":6},{"not_picked":["Outmaneuver","Bane+1"],"picked":"Hidden Blade","floor":10},{"not_picked":["Sucker Punch+1","Caltrops"],"picked":"Cloak And Dagger","floor":12},{"not_picked":["Tactician","Quick Slash+1"],"picked":"Dagger Throw+1","floor":14}],"player_experience":893119,"relics_obtained":[{"floor":4,"key":"Replay:Bottled Eggs"},{"floor":6,"key":"Molten Egg 2"},{"floor":9,"key":"Bottled Flame"},{"floor":14,"key":"Onion Ring"}],"event_choices":[{"damage_healed":0,"gold_gain":0,"player_choice":"Bought 1 Potion","damage_taken":0,"max_hp_gain":0,"max_hp_loss":0,"event_name":"The Woman in Blue","floor":5,"gold_loss":0}],"is_beta":false,"boss_relics":[],"items_purged_floors":[2,8],"is_endless":false,"potions_floor_spawned":[3,6,14],"killed_by":"Hexaghost","ascension_level":14}}