{"host":"1t0goru2vbnnqaq4","time":1608229757,"event":{"mods":["2.2 Compatiblity","Act Like it!","Alarm Clock","BaseMod","Better Altar","Better Match","Better Note","Better Sensory Stone","Better Skull","Better Vampires","BetterRewards","Disable Question Mark Monsters","Downfall","Marked Mod","Mimic Mod","Minty Spire (QoL Compilation)","Rare Cards Sparkle","Replay The Spire","Spicy Shops","StSLib","Wandering Minibosses"],"gold_per_floor":[0,100,100,25,57,83,109,34,44,44,64,49,499,514,527,527,527],"floor_reached":16,"playtime":913,"items_purged":[],"score":133,"play_id":"750afa3f-01a7-42ec-b0fb-d784e79a1dc8","local_time":"20201217132917","is_ascension_mode":false,"campfire_choices":[{"floor":1,"key":"RECALL"},{"floor":4,"key":"REST"},{"floor":8,"key":"REST"},{"floor":10,"key":"REST"}],"circlet_count":0,"master_deck":["sneckomod:Strike","sneckomod:Strike","sneckomod:Strike","sneckomod:Defend","sneckomod:Defend","sneckomod:Defend","sneckomod:TailWhip","sneckomod:SnekBite","sneckomod:Unknown","sneckomod:Unknown","sneckomod:Unknown1Cost","sneckomod:UnknownBlock","sneckomod:UnknownX","sneckomod:UnknownStrike","sneckomod:SnekBeam","Slimebound:Icky","Slimebound:Icky","Slimebound:Icky","sneckomod:Unknown2Cost","sneckomod:UnknownVulnerable"],"relics":["sneckomod:SneckoSoul","WingedGreaves","Ancient Tea Set","Happy Flower","Akabeko","downfall:HeartBlessingRed","Simple Rune","Bag of Preparation","downfall:HeartBlessingBlue"],"acts_visited":["Exordium"],"potions_floor_usage":[16,16],"damage_taken":[{"damage":25,"enemies":"Gremlin Nob","floor":5,"turns":4},{"damage":29,"enemies":"3 Sentries","floor":6,"turns":7},{"damage":0,"enemies":"2 Louse","floor":9,"turns":1},{"damage":0,"enemies":"Jaw Worm","floor":11,"turns":1},{"damage":3,"enemies":"downfall:FleeingMerchant","floor":12,"turns":4},{"damage":0,"enemies":"Cultist","floor":14,"turns":3},{"damage":23,"enemies":"Exordium Thugs","floor":15,"turns":6},{"damage":52,"enemies":"downfall:Silent","floor":16,"turns":6}],"seed_played":"-7643056749157041977","potions_obtained":[{"floor":6,"key":"champ:CounterPotion"},{"floor":11,"key":"SteroidPotion"}],"is_trial":false,"path_per_floor":["R","?","?","R","E","E","T","R","M","R","M","$","?","M","M","B"],"character_chosen":"THE_SNECKO","items_purchased":[],"campfire_rested":3,"item_purchase_floors":[],"current_hp_per_floor":[90,90,29,56,32,4,4,44,45,75,76,73,73,74,52,0,0],"gold":527,"neow_bonus":"ONE_RARE_RELIC","is_daily":false,"chose_seed":false,"campfire_upgraded":0,"win_rate":0.0,"timestamp":1608229757,"path_taken":["R","?","?","R","E","E","T","R","?","R","M","?","?","M","M","BOSS"],"items_purchased_type":[],"build_version":"2020-12-13","purchased_purges":0,"victory":false,"max_hp_per_floor":[90,90,90,90,91,92,92,102,103,103,104,104,104,105,106,106,106],"card_choices":[{"not_picked":["sneckomod:SnekBeam","sneckomod:Rotation"],"picked":"sneckomod:Unknown1Cost","floor":5},{"not_picked":["sneckomod:Mudshield","sneckomod:UnknownClassRED"],"picked":"sneckomod:UnknownBlock","floor":6},{"not_picked":["sneckomod:SoulCleanse","sneckomod:WideSting"],"picked":"sneckomod:UnknownX","floor":9},{"not_picked":["sneckomod:UnknownVulnerable","sneckomod:UnknownBlock"],"picked":"sneckomod:UnknownStrike","floor":11},{"not_picked":["sneckomod:IronFang","sneckomod:UnknownCommonSkill"],"picked":"sneckomod:SnekBeam","floor":12},{"not_picked":["sneckomod:SoulCleanse","sneckomod:Nope"],"picked":"sneckomod:Unknown2Cost","floor":14},{"not_picked":["sneckomod:UnknownClassGUARDIAN","sneckomod:ImprovisedAttack"],"picked":"sneckomod:UnknownVulnerable","floor":15}],"player_experience":681403,"relics_obtained":[{"floor":5,"key":"Simple Rune"},{"floor":6,"key":"Bag of Preparation"}],"event_choices":[{"damage_healed":0,"gold_gain":0,"player_choice":"RE RE RE ","damage_taken":67,"relics_obtained":["Ancient Tea Set","Happy Flower","Akabeko"],"max_hp_gain":0,"max_hp_loss":0,"event_name":"betterSkull:BetterSkull","floor":3,"gold_loss":0,"cards_upgraded":[]}],"is_beta":false,"boss_relics":[],"items_purged_floors":[],"is_endless":false,"potions_floor_spawned":[6,11],"killed_by":"downfall:Silent","ascension_level":0}}