{"host":"wha9hktbkslqvblg","time":1608186435,"event":{"mods":["BaseMod","Colored Map","Minty Spire (QoL Compilation)","Relic Stats","SuperFastMode","everything is the same but u backflip on backflip"],"gold_per_floor":[114,114,194,194,28,60,60,87,157,157,232,247,261,277,277,351,351,366,366,416,430,266,266,277,277,277,277,277],"floor_reached":27,"playtime":454,"items_purged":["Strike_R"],"score":538,"play_id":"9d6bca63-d735-475a-9e27-24823ed7136f","local_time":"20201217152715","is_ascension_mode":true,"campfire_choices":[{"data":"Burning Pact","floor":7,"key":"SMITH"},{"data":"Fire Breathing","floor":10,"key":"SMITH"},{"data":"Power Through","floor":15,"key":"SMITH"},{"data":"Burning Pact","floor":23,"key":"SMITH"},{"data":"Evolve","floor":25,"key":"SMITH"}],"circlet_count":0,"master_deck":["AscendersBane","Strike_R","Strike_R","Strike_R","Defend_R","Defend_R","Defend_R","Defend_R","Bash","Power Through+1","Burning Pact+1","Fire Breathing+1","Uppercut+1","Evolve+1","Burning Pact+1"],"relics":["Burning Blood","NeowsBlessing","Molten Egg 2","TheAbacus","Bag of Preparation","WingedGreaves","Philosopher\u0027s Stone","Pantograph"],"acts_visited":["Exordium","TheCity"],"potions_floor_usage":[16,16],"damage_taken":[{"damage":0,"enemies":"Small Slimes","floor":1,"turns":1},{"damage":0,"enemies":"3 Sentries","floor":6,"turns":2},{"damage":0,"enemies":"Lagavulin","floor":8,"turns":1},{"damage":0,"enemies":"Jaw Worm","floor":12,"turns":4},{"damage":0,"enemies":"2 Louse","floor":13,"turns":3},{"damage":0,"enemies":"Blue Slaver","floor":14,"turns":5},{"damage":5,"enemies":"Hexaghost","floor":16,"turns":9},{"damage":9,"enemies":"Spheric Guardian","floor":18,"turns":6},{"damage":58,"enemies":"3 Byrds","floor":21,"turns":4},{"damage":13,"enemies":"Centurion and Healer","floor":24,"turns":5},{"damage":0,"enemies":"Snecko","floor":27,"turns":3}],"seed_played":"1031396530112412597","potions_obtained":[{"floor":8,"key":"Explosive Potion"},{"floor":12,"key":"Explosive Potion"},{"floor":21,"key":"Strength Potion"}],"is_trial":false,"path_per_floor":["M","?","T","?","$","E","R","E","T","R","?","M","M","M","R","B",null,"M","?","?","M","$","R","M","R","T","M"],"character_chosen":"IRONCLAD","items_purchased":["TheAbacus","Burning Pact"],"campfire_rested":0,"item_purchase_floors":[5,22],"current_hp_per_floor":[74,67,67,67,67,73,73,75,75,75,64,70,75,75,75,75,75,72,72,72,20,20,20,13,13,13,13,13],"gold":277,"neow_bonus":"THREE_ENEMY_KILL","is_daily":false,"chose_seed":false,"campfire_upgraded":5,"win_rate":0.0,"timestamp":1608186435,"path_taken":["M","?","?","?","$","E","R","E","T","R","?","?","M","M","R","BOSS","M","?","?","M","$","R","?","R","T","M"],"items_purchased_type":["Relic","Card"],"build_version":"2020-12-13","purchased_purges":1,"victory":false,"max_hp_per_floor":[75,75,75,75,75,75,75,75,75,75,75,75,75,75,75,75,75,75,75,75,75,75,75,75,75,75,75,75],"relic_stats":{"TheAbacus":[120],"counters":[11,43],"Pantograph":0,"Bag of Preparation":[18],"obtain_stats":[{"TheAbacus":5,"NeowsBlessing":0,"Pantograph":26,"Molten Egg 2":3,"Philosopher\u0027s Stone":17,"WingedGreaves":8,"Bag of Preparation":6,"Burning Blood":0},{"TheAbacus":1,"NeowsBlessing":0,"Pantograph":10,"Molten Egg 2":1,"Philosopher\u0027s Stone":7,"WingedGreaves":3,"Bag of Preparation":2,"Burning Blood":0},{"TheAbacus":1,"NeowsBlessing":0,"Pantograph":40,"Molten Egg 2":1,"Philosopher\u0027s Stone":25,"WingedGreaves":4,"Bag of Preparation":3,"Burning Blood":0}],"Burning Blood":48},"card_choices":[{"not_picked":["Heavy Blade","Sword Boomerang"],"picked":"Power Through","floor":1},{"not_picked":["Rupture","Warcry"],"picked":"Burning Pact","floor":6},{"not_picked":["Searing Blow+1","Perfected Strike+1"],"picked":"Fire Breathing","floor":8},{"not_picked":["Combust","Wild Strike+1"],"picked":"Uppercut+1","floor":12},{"not_picked":["Clash+1","Searing Blow+1","Power Through"],"picked":"SKIP","floor":13},{"not_picked":["Whirlwind+1","Clash+1","Spot Weakness"],"picked":"SKIP","floor":14},{"not_picked":["Headbutt+1","Havoc"],"picked":"Evolve","floor":18},{"not_picked":["Flex","Anger+1","Sentinel+1"],"picked":"SKIP","floor":21},{"not_picked":["Sever Soul+1","Clash+1","Fiend Fire+1"],"picked":"SKIP","floor":24}],"player_experience":862115,"relics_obtained":[{"floor":3,"key":"Molten Egg 2"},{"floor":6,"key":"Bag of Preparation"},{"floor":8,"key":"WingedGreaves"},{"floor":26,"key":"Pantograph"}],"event_choices":[{"cards_removed":["Strike_R"],"damage_healed":0,"gold_gain":0,"player_choice":"Card Removal","damage_taken":7,"max_hp_gain":0,"max_hp_loss":0,"event_name":"Golden Wing","floor":2,"gold_loss":0},{"damage_healed":0,"gold_gain":0,"player_choice":"Ignored","damage_taken":0,"max_hp_gain":0,"max_hp_loss":0,"event_name":"Liars Game","floor":4,"gold_loss":0},{"damage_healed":0,"gold_gain":75,"player_choice":"Gather Gold","damage_taken":11,"max_hp_gain":0,"max_hp_loss":0,"event_name":"World of Goop","floor":11,"gold_loss":0},{"damage_healed":0,"gold_gain":0,"player_choice":"Ignored","damage_taken":0,"max_hp_gain":0,"max_hp_loss":0,"event_name":"Vampires","floor":19,"gold_loss":0},{"damage_healed":0,"gold_gain":50,"player_choice":"Pray","damage_taken":0,"max_hp_gain":0,"max_hp_loss":0,"event_name":"Golden Shrine","floor":20,"gold_loss":0}],"is_beta":false,"boss_relics":[{"not_picked":["Empty Cage","Runic Cube"],"picked":"Philosopher\u0027s Stone"}],"items_purged_floors":[22],"is_endless":false,"potions_floor_spawned":[8,12,21],"killed_by":"Snecko","ascension_level":20}}