{"host":"xfr90oo4gfm5wrxc","time":1608204878,"event":{"mods":["Ascension Reborn","BaseMod","Downfall","Minty Spire (QoL Compilation)","Replay The Spire","Shop Mod","StSLib","SuperFastMode","TestMod","The Cursed"],"gold_per_floor":[99,130,55,55,55,85,135,135,135,160,177,191,209,72,86,190,190,190,190,190,190,202,236,261,280,315,165,88,107,107,107,124,227,227,227,261,273,290,324,324,324,324,324,342,6,6,18,18,32,32,32,65,14,14,14],"floor_reached":56,"playtime":4836,"items_purged":["Regret","Looming Evil","Shame"],"score":1436,"play_id":"7952d315-1652-42b1-b0d2-fc9fc4628769","local_time":"20201217193438","is_ascension_mode":true,"campfire_choices":[{"floor":1.0,"key":"RECALL"},{"data":"Slimebound:SplitBruiser","floor":3.0,"key":"SMITH"},{"data":"Slimebound:Tackle","floor":5.0,"key":"SMITH"},{"data":"Slimebound:CorrosiveSpit","floor":9.0,"key":"SMITH"},{"data":"Slimebound:Split","floor":18.0,"key":"SMITH"},{"data":"Slimebound:DisruptingSlam","floor":20.0,"key":"SMITH"},{"data":"Slimebound:RallyTheTroops","floor":27.0,"key":"SMITH"},{"data":"Slimebound:CheckThePlaybook","floor":35.0,"key":"SMITH"},{"data":"Slimebound:DouseInSlime","floor":42.0,"key":"SMITH"},{"data":"Slimebound:Darklings","floor":54,"key":"SMITH"}],"circlet_count":0,"master_deck":["Slimebound:Strike_Slimebound+1","Slimebound:Strike_Slimebound+1","Slimebound:Strike_Slimebound+1","Slimebound:Tackle+1","Slimebound:Defend_Slimebound+1","Slimebound:Defend_Slimebound+1","Slimebound:Defend_Slimebound+1","Slimebound:Defend_Slimebound+1","Slimebound:Split+1","Slimebound:CorrosiveSpit+1","Slimebound:SplitBruiser+1","Slimebound:Teamwork+1","Slimebound:SplitLeeching","Slimebound:Nibble","Slimebound:DisruptingSlam+1","Slimebound:Grow+1","Slimebound:Overexert+1","TheCursedMod:Dregs","Slimebound:LeadByExample+1","Slimebound:RallyTheTroops+1","Slimebound:SamplingLick+1","Slimebound:LevelUp+1","expansioncontent:Collect+1","expansioncontent:Collect+1","Slimebound:CheckThePlaybook+1","Slimebound:FirmFortitude+1","Slimebound:MinionMaster+1","Slimebound:Equalize+1","Slimebound:FinishingTackle+1","Slimebound:DouseInSlime+1","Madness","Slimebound:CheckThePlaybook+1","Slimebound:CheckThePlaybook","Slimebound:Darklings+1","Slimebound:SlimeBrawl+1","Slimebound:ProtectTheBoss+1","testmod-Provocation+1"],"relics":["Slimebound:AbsorbEndCombat","testmod-TestBox","downfall:HeartsMalice","testmod-Nyarlathotep","Blue Doll","downfall:HeartBlessingRed","Meat on the Bone","Frozen Egg 2","Centennial Puzzle","Regal Pillow","Replay:Ancient Bell","testmod-TurbochargingSystem","testmod-ArcanaOfDestiny","testmod-Alchemist","Enchiridion","testmod-LifeArmor","Gremlin Food","downfall:HeartBlessingGreen","downfall:HeartBlessingBlue","Slimebound:MaxSlimesRelic","testmod-Brilliant","ChewingGum","testmod-OneHitWonder","Lantern","Happy Flower","Pet Ghost","Vajra"],"acts_visited":["Exordium","TheCity","TheBeyond","TheEnding"],"potions_floor_usage":[47,50,50,55,55],"damage_taken":[{"damage":0.0,"enemies":"3 Sentries","floor":2.0,"turns":1.0},{"damage":0.0,"enemies":"Lagavulin","floor":6.0,"turns":1.0},{"damage":0.0,"enemies":"Gremlin Nob","floor":10.0,"turns":1.0},{"damage":19.0,"enemies":"Small Slimes","floor":11.0,"turns":2.0},{"damage":12.0,"enemies":"2 Louse","floor":12.0,"turns":1.0},{"damage":10.0,"enemies":"Cultist","floor":13.0,"turns":2.0},{"damage":21.0,"enemies":"downfall:FleeingMerchant","floor":14.0,"turns":4.0},{"damage":14.0,"enemies":"3 Louse","floor":15.0,"turns":2.0},{"damage":30.0,"enemies":"downfall:Watcher","floor":16.0,"turns":8.0},{"damage":16.0,"enemies":"Shell Parasite","floor":22.0,"turns":4.0},{"damage":34.0,"enemies":"Slavers","floor":23.0,"turns":6.0},{"damage":16.0,"enemies":"3 Byrds","floor":25.0,"turns":2.0},{"damage":12.0,"enemies":"Replay:Snechameleon","floor":26.0,"turns":3.0},{"damage":16.0,"enemies":"downfall:FleeingMerchant","floor":28.0,"turns":3.0},{"damage":27.0,"enemies":"Shelled Parasite and Fungi","floor":29.0,"turns":3.0},{"damage":4.0,"enemies":"Centurion and Healer","floor":32.0,"turns":2.0},{"damage":13.0,"enemies":"downfall:Ironclad","floor":33.0,"turns":4.0},{"damage":16.0,"enemies":"R_Hoarder","floor":36.0,"turns":4.0},{"damage":4.0,"enemies":"3 Darklings","floor":37.0,"turns":2.0},{"damage":16.0,"enemies":"Orb Walker","floor":38.0,"turns":2.0},{"damage":16.0,"enemies":"Reptomancer","floor":39.0,"turns":3.0},{"damage":20,"enemies":"Spire Growth","floor":44,"turns":3},{"damage":19,"enemies":"Writhing Mass","floor":47,"turns":3},{"damage":19,"enemies":"4 Shapes","floor":49,"turns":2},{"damage":30,"enemies":"downfall:Silent","floor":50,"turns":4},{"damage":48,"enemies":"downfall:CharBossMerchant","floor":52,"turns":5},{"damage":71,"enemies":"downfall:NeowBoss","floor":55,"turns":10}],"seed_played":"3795050640203984993","potions_obtained":[{"floor":6.0,"key":"Energy Potion"},{"floor":11.0,"key":"LiquidMemories"},{"floor":12.0,"key":"Fire Potion"},{"floor":15.0,"key":"AttackPotion"},{"floor":22.0,"key":"BlessingOfTheForge"},{"floor":23.0,"key":"Fire Potion"},{"floor":29.0,"key":"Languid Potion"},{"floor":36.0,"key":"Explosive Potion"},{"floor":38.0,"key":"LiquidMemories"},{"floor":52,"key":"ColorlessPotion"}],"is_trial":false,"path_per_floor":["R","E","R","?","R","E","T","?","R","E","M","M","M","$","M","B",null,"R","?","R","?","M","E","T","M","E","R","$","M","?","?","M","B",null,"R","E","M","M","E","?","T","R","?","M","$","?","M","$","M","B",null,"E","$","R","B",null],"character_chosen":"SLIMEBOUND","items_purchased":["Slimebound:Grow+1","Slimebound:MaxSlimesRelic","expansioncontent:Collect+1","Slimebound:CheckThePlaybook","Pet Ghost","testmod-Provocation+1"],"campfire_rested":0,"item_purchase_floors":[14,28,28,45,45,53],"current_hp_per_floor":[60,60,60,60,60,60,60,60,60,60,57,57,58,51,53,51,60,60,44,44,44,48,50,50,54,60,70,70,70,70,46,50,70,70,70,70,70,70,70,70,70,70,70,62,62,62,55,55,48,62,70,54,54,54,49],"gold":14,"neow_bonus":"THREE_ENEMY_KILL","is_daily":false,"chose_seed":false,"campfire_upgraded":9,"win_rate":0.0,"timestamp":1608204878,"path_taken":["R","E","R","?","R","E","T","?","R","E","M","M","?","$","M","BOSS","R","?","R","?","M","E","T","M","E","R","$","M","?","?","M","BOSS","R","E","M","M","E","?","T","R","?","M","$","?","M","$","M","BOSS","E","$","R","BOSS"],"items_purchased_type":["Card","Relic","Card","Card","Relic","Card"],"build_version":"2020-12-13","purchased_purges":3,"victory":true,"max_hp_per_floor":[60,60,60,60,60,60,60,60,60,60,60,60,60,60,60,60,60,60,60,60,60,60,60,60,60,60,70,70,70,70,70,70,70,70,70,70,70,70,70,70,70,70,70,70,70,70,70,70,70,70,70,70,70,70,70],"card_choices":[{"not_picked":["Slimebound:LeechingTouch","Slimebound:SlimeSpikes"],"picked":"Slimebound:SplitBruiser","floor":2.0},{"not_picked":["Slimebound:ComboTackle","Slimebound:SlimeBarrage"],"picked":"Slimebound:Teamwork","floor":6.0},{"not_picked":["Slimebound:GoopSpray","Slimebound:FinishingTackle"],"picked":"Slimebound:SplitLeeching","floor":10.0},{"not_picked":["Slimebound:ForwardTackle","Slimebound:RollThrough","Slimebound:SlimeBarrage"],"picked":"SKIP","floor":11.0},{"not_picked":["Slimebound:Schlurp","Slimebound:FormOfPuddle","Slimebound:ForwardTackle"],"picked":"SKIP","floor":12.0},{"not_picked":["Slimebound:BestDefense+1","Slimebound:RollThrough"],"picked":"Slimebound:Nibble","floor":13.0},{"not_picked":["Slimebound:ViciousTackle","Slimebound:SamplingLick"],"picked":"Slimebound:DisruptingSlam","floor":14.0},{"not_picked":["Slimebound:SplitLeeching","Slimebound:Prepare","Slimebound:FinishingTackle"],"picked":"SKIP","floor":15.0},{"not_picked":["Slimebound:RallyTheTroops","Slimebound:PrepareCrush"],"picked":"Slimebound:Overexert+1","floor":16.0},{"not_picked":["ReplayTheSpireMod:Restless Dread","AscMod:ascendersbane"],"picked":"Looming Evil","floor":17.0},{"not_picked":["Shame","Decay"],"picked":"TheCursedMod:Dregs","floor":17.0},{"not_picked":["CurseOfTheBell","Wraith"],"picked":"Shame","floor":17.0},{"not_picked":["Slimebound:SlimeBarrage+1","Slimebound:ItLooksTasty+1"],"picked":"Slimebound:LeadByExample+1","floor":22.0},{"not_picked":["Slimebound:SplitBruiser","Slimebound:PressTheAttack"],"picked":"Slimebound:RallyTheTroops","floor":23.0},{"not_picked":["Slimebound:PressTheAttack","Slimebound:Prepare+1"],"picked":"Slimebound:SamplingLick+1","floor":25.0},{"not_picked":["Slimebound:SplitBruiser","Slimebound:PressTheAttack","Slimebound:HauntingLick+1"],"picked":"SKIP","floor":26.0},{"not_picked":["Slimebound:ProtectTheBoss+1","Slimebound:Schlurp"],"picked":"Slimebound:LevelUp+1","floor":28.0},{"not_picked":["Slimebound:SamplingLick","Slimebound:Grow+1","Slimebound:SplitMire+1"],"picked":"SKIP","floor":29.0},{"not_picked":["Slimebound:LeechEnergy","Slimebound:GoopSpray"],"picked":"Slimebound:FirmFortitude+1","floor":32.0},{"not_picked":["Slimebound:OozeBath","Slimebound:MassRepurpose"],"picked":"Slimebound:MinionMaster+1","floor":33.0},{"not_picked":["Slimebound:TongueLash+1","Slimebound:ViciousTackle+1"],"picked":"Slimebound:Equalize+1","floor":36.0},{"not_picked":["Slimebound:GoopSpray","Slimebound:ViciousTackle+1"],"picked":"Slimebound:FinishingTackle+1","floor":37.0},{"not_picked":["Slimebound:Schlurp","Slimebound:ItLooksTasty+1","Slimebound:PressTheAttack"],"picked":"SKIP","floor":38.0},{"not_picked":["Slimebound:Grow+1","Slimebound:RollThrough+1"],"picked":"Slimebound:DouseInSlime","floor":39.0},{"not_picked":["Slimebound:SpikyOuterGoop+1","Slimebound:LeechingTouch+1","Slimebound:SlimeBarrage"],"picked":"SKIP","floor":44},{"not_picked":["Slimebound:GoopSpray+1","Slimebound:ComboTackle+1"],"picked":"Slimebound:SlimeBrawl+1","floor":47},{"not_picked":["Slimebound:LeadByExample+1","Slimebound:FlameTackle+1","Slimebound:LeechEnergy+1"],"picked":"SKIP","floor":49},{"not_picked":["Slimebound:SlimeBrawl","Slimebound:SlimeSpikes"],"picked":"Slimebound:ProtectTheBoss+1","floor":52}],"player_experience":139214,"relics_obtained":[{"floor":2.0,"key":"Blue Doll"},{"floor":6.0,"key":"Frozen Egg 2"},{"floor":7.0,"key":"Centennial Puzzle"},{"floor":10.0,"key":"Regal Pillow"},{"floor":19.0,"key":"Enchiridion"},{"floor":23.0,"key":"testmod-LifeArmor"},{"floor":26.0,"key":"Gremlin Food"},{"floor":36.0,"key":"testmod-OneHitWonder"},{"floor":39.0,"key":"Lantern"},{"floor":41.0,"key":"Happy Flower"},{"floor":52,"key":"Vajra"}],"event_choices":[{"damage_healed":0.0,"max_hp_gain":0.0,"max_hp_loss":0.0,"gold_gain":0.0,"event_name":"Big Fish","player_choice":"Box","floor":4.0,"gold_loss":0.0,"damage_taken":0.0,"relics_obtained":["Meat on the Bone"],"cards_obtained":["Regret"]},{"damage_healed":0.0,"max_hp_gain":0.0,"max_hp_loss":0.0,"gold_gain":0.0,"event_name":"Upgrade Shrine","player_choice":"Upgraded","floor":8.0,"gold_loss":0.0,"damage_taken":0.0,"cards_upgraded":["Slimebound:Teamwork"]},{"damage_healed":0.0,"max_hp_gain":0.0,"max_hp_loss":0.0,"gold_gain":0.0,"event_name":"Back to Basics","player_choice":"Simplicity","floor":21.0,"gold_loss":0.0,"damage_taken":0.0,"cards_upgraded":["Slimebound:Strike_Slimebound","Slimebound:Strike_Slimebound","Slimebound:Strike_Slimebound","Slimebound:Defend_Slimebound","Slimebound:Defend_Slimebound","Slimebound:Defend_Slimebound","Slimebound:Defend_Slimebound"]},{"damage_healed":0.0,"max_hp_gain":0.0,"max_hp_loss":0.0,"gold_gain":0.0,"event_name":"OrinTheCat","player_choice":"Ignored","floor":40.0,"gold_loss":0.0,"damage_taken":0.0},{"damage_healed":0,"gold_gain":0,"player_choice":"Copied","damage_taken":0,"max_hp_gain":0,"max_hp_loss":0,"event_name":"Duplicator","floor":43,"gold_loss":0,"cards_obtained":["Slimebound:CheckThePlaybook"]}],"is_beta":false,"boss_relics":[{"not_picked":["Runic Dome","testmod-NegativeEmotionEnhancer"],"picked":"Replay:Ancient Bell"},{"not_picked":["testmod-AssaultLearning","Potion Belt"],"picked":"testmod-TurbochargingSystem"},{"not_picked":["testmod-HeartOfDaVinci","Darkstone Periapt"],"picked":"testmod-ArcanaOfDestiny"},{"not_picked":["Bird Faced Urn","testmod-BlackFramedGlasses"],"picked":"testmod-Alchemist"},{"not_picked":["SlaversCollar","Fusion Hammer"],"picked":"ChewingGum"}],"items_purged_floors":[14,28,45],"is_endless":false,"potions_floor_spawned":[6,11,12,15,22,23,29,36,38,39,52],"ascension_level":0}}