{"host":"3t6uby4o5waaq95r","time":1608178685,"event":{"mods":["AchievementEnabler","BaseMod","Bestiary","Colored Map","Highlight Path","Minty Spire (QoL Compilation)","Permanent Neow","Quick Restart","Random Character Button","SuperFastMode"],"gold_per_floor":[110,13,13,38,55,55,65,65,65,83,102,102,27,44,44,146,146,158,158,158,158,158,158,158,174,200,226,226,238,238,238,238,238,238],"floor_reached":33,"playtime":672,"items_purged":["Defend_P"],"score":303,"play_id":"a3b9c1f1-d56e-4f1e-9fa3-b77efb788e0b","local_time":"20201216221805","is_ascension_mode":false,"campfire_choices":[{"data":"Eruption","floor":6,"key":"SMITH"},{"data":"Adaptation","floor":15,"key":"SMITH"},{"data":"DeusExMachina","floor":23,"key":"SMITH"},{"floor":28,"key":"REST"},{"floor":32,"key":"REST"}],"circlet_count":0,"master_deck":["Strike_P","Strike_P","Strike_P","Strike_P","Defend_P","Defend_P","Defend_P","Eruption+1","Vigilance","BattleHymn","Flash of Steel","EmptyFist","WreathOfFlame","DevaForm","Adaptation+1","DeusExMachina+1","CurseOfTheBell","FollowUp+1","WindmillStrike","WheelKick","Adaptation","Crescendo+1","DeusExMachina+1"],"relics":["PureWater","Unceasing Top","Toy Ornithopter","Sundial","Calling Bell","Omamori","Kunai","CloakClasp","Nilry\u0027s Codex","MutagenicStrength","Du-Vu Doll","Nloth\u0027s Gift","Vajra","Akabeko"],"acts_visited":["Exordium","TheCity"],"potions_floor_usage":[33],"damage_taken":[{"damage":4,"enemies":"Small Slimes","floor":1,"turns":4},{"damage":1,"enemies":"Jaw Worm","floor":5,"turns":4},{"damage":0,"enemies":"2 Louse","floor":7,"turns":2},{"damage":2,"enemies":"Looter","floor":10,"turns":2},{"damage":0,"enemies":"2 Fungi Beasts","floor":11,"turns":2},{"damage":12,"enemies":"Blue Slaver","floor":14,"turns":3},{"damage":0,"enemies":"Slime Boss","floor":16,"turns":4},{"damage":0,"enemies":"Chosen","floor":18,"turns":3},{"damage":14,"enemies":"Spheric Guardian","floor":25,"turns":4},{"damage":23,"enemies":"Slavers","floor":27,"turns":4},{"damage":11,"enemies":"Shelled Parasite and Fungi","floor":29,"turns":3},{"damage":51,"enemies":"Collector","floor":33,"turns":3}],"seed_played":"-107347411352379950","potions_obtained":[{"floor":1,"key":"Fire Potion"},{"floor":5,"key":"BottledMiracle"},{"floor":16,"key":"BottledMiracle"},{"floor":29,"key":"PowerPotion"}],"is_trial":false,"path_per_floor":["M","$","?","T","M","R","M","?","T","M","M","T","$","M","R","B",null,"M","?","?","?","T","R","?","M","T","E","R","M","?","?","R","B"],"character_chosen":"WATCHER","items_purchased":["Flash of Steel"],"campfire_rested":2,"item_purchase_floors":[2],"current_hp_per_floor":[61,61,61,61,60,60,60,65,65,63,63,63,63,51,51,51,70,70,54,54,54,54,54,54,40,40,17,38,27,14,14,36,0,0],"gold":238,"neow_bonus":"ONE_RARE_RELIC","is_daily":false,"chose_seed":false,"campfire_upgraded":3,"win_rate":0.0,"timestamp":1608178685,"path_taken":["M","$","?","?","M","R","M","?","T","M","M","?","?","M","R","BOSS","M","?","?","?","?","R","?","?","T","E","R","M","?","?","R","BOSS"],"items_purchased_type":["Card"],"build_version":"2020-12-13","purchased_purges":1,"victory":false,"max_hp_per_floor":[65,65,65,65,65,65,65,70,70,70,70,70,70,70,70,70,70,70,70,70,70,70,70,70,70,70,70,70,70,75,75,75,75,75],"card_choices":[{"not_picked":["LikeWater","SandsOfTime"],"picked":"BattleHymn","floor":1},{"not_picked":["DeceiveReality","JustLucky","ClearTheMind"],"picked":"SKIP","floor":5},{"not_picked":["CrushJoints","BowlingBash"],"picked":"EmptyFist","floor":7},{"not_picked":["SandsOfTime","Protect"],"picked":"WreathOfFlame","floor":10},{"not_picked":["FlyingSleeves","Fasting2"],"picked":"DevaForm","floor":11},{"not_picked":["DeceiveReality","EmptyBody"],"picked":"Adaptation","floor":14},{"not_picked":["Omniscience","MasterReality"],"picked":"DeusExMachina","floor":16},{"not_picked":["SashWhip","WaveOfTheHand+1"],"picked":"FollowUp+1","floor":18},{"not_picked":["DeceiveReality","SashWhip"],"picked":"WheelKick","floor":25},{"not_picked":["ThirdEye+1","Worship"],"picked":"Adaptation","floor":27},{"not_picked":["Evaluate+1","WaveOfTheHand+1"],"picked":"Crescendo+1","floor":29}],"player_experience":768899,"relics_obtained":[{"floor":4,"key":"Toy Ornithopter"},{"floor":9,"key":"Blue Candle"},{"floor":12,"key":"Sundial"},{"floor":17,"key":"Omamori"},{"floor":17,"key":"Kunai"},{"floor":17,"key":"CloakClasp"},{"floor":19,"key":"Nilry\u0027s Codex"},{"floor":22,"key":"Du-Vu Doll"},{"floor":26,"key":"Vajra"},{"floor":27,"key":"Akabeko"}],"event_choices":[{"damage_healed":0,"gold_gain":0,"player_choice":"Ignored","damage_taken":0,"max_hp_gain":0,"max_hp_loss":0,"event_name":"Liars Game","floor":3,"gold_loss":0},{"damage_healed":0,"gold_gain":0,"player_choice":"Donut","damage_taken":0,"max_hp_gain":5,"max_hp_loss":0,"event_name":"Big Fish","floor":8,"gold_loss":0},{"damage_healed":0,"gold_gain":0,"player_choice":"Obtained Book","damage_taken":16,"max_hp_gain":0,"max_hp_loss":0,"event_name":"Cursed Tome","floor":19,"gold_loss":0},{"damage_healed":0,"gold_gain":0,"player_choice":"Read","damage_taken":0,"max_hp_gain":0,"max_hp_loss":0,"event_name":"The Library","floor":20,"gold_loss":0,"cards_obtained":["WindmillStrike"]},{"damage_healed":0,"gold_gain":0,"player_choice":"Inject Mutagens","damage_taken":0,"relics_obtained":["MutagenicStrength"],"max_hp_gain":0,"max_hp_loss":0,"event_name":"Drug Dealer","floor":21,"gold_loss":0},{"damage_healed":0,"gold_gain":0,"player_choice":"Traded Relic","damage_taken":0,"relics_obtained":["Nloth\u0027s Gift"],"max_hp_gain":0,"max_hp_loss":0,"event_name":"N\u0027loth","floor":24,"relics_lost":["Blue Candle"],"gold_loss":0},{"damage_healed":0,"gold_gain":0,"player_choice":"Shed Blood","damage_taken":18,"max_hp_gain":5,"max_hp_loss":0,"event_name":"Forgotten Altar","floor":30,"gold_loss":0},{"damage_healed":0,"gold_gain":0,"player_choice":"Copied","damage_taken":0,"max_hp_gain":0,"max_hp_loss":0,"event_name":"Duplicator","floor":31,"gold_loss":0,"cards_obtained":["DeusExMachina"]}],"is_beta":false,"boss_relics":[{"not_picked":["Fusion Hammer","Astrolabe"],"picked":"Calling Bell"}],"items_purged_floors":[13],"is_endless":false,"potions_floor_spawned":[1,5,16,27,29],"killed_by":"Collector","ascension_level":0}}