{"host":"bbjnqymry46jz0fa","time":1608214095,"event":{"mods":["BaseMod","DeckTracker","Minty Spire (QoL Compilation)","Quick Restart","StSLib","SuperFastMode"],"gold_per_floor":[112,262,262,280,333,333,349,349,398,56,91,104,104,179,179,179,179],"floor_reached":16,"playtime":241,"items_purged":["Doubt"],"score":196,"play_id":"9104ba53-6bd6-457f-8ea0-8dbbfe1c85f0","local_time":"20201217230815","is_ascension_mode":true,"campfire_choices":[{"floor":6,"key":"REST"},{"data":"Neutralize","floor":8,"key":"SMITH"},{"data":"Calculated Gamble","floor":13,"key":"SMITH"},{"floor":15,"key":"REST"}],"circlet_count":0,"master_deck":["AscendersBane","Strike_G","Strike_G","Strike_G","Strike_G","Strike_G","Defend_G","Defend_G","Defend_G","Defend_G","Defend_G","Survivor","Neutralize+1","All Out Attack","Escape Plan","Crippling Poison","Flash of Steel","Calculated Gamble+1"],"relics":["Ring of the Snake","NeowsBlessing","Paper Crane","Pen Nib","Vajra","Eternal Feather"],"acts_visited":["Exordium"],"potions_floor_usage":[11,16],"damage_taken":[{"damage":0,"enemies":"Jaw Worm","floor":1,"turns":1},{"damage":0,"enemies":"Small Slimes","floor":4,"turns":2},{"damage":0,"enemies":"Cultist","floor":7,"turns":1},{"damage":15,"enemies":"Lagavulin","floor":11,"turns":8},{"damage":15,"enemies":"Exordium Wildlife","floor":12,"turns":5},{"damage":45,"enemies":"Slime Boss","floor":16,"turns":8}],"seed_played":"1524681244880197048","potions_obtained":[{"floor":1,"key":"Regen Potion"},{"floor":12,"key":"Energy Potion"}],"is_trial":false,"path_per_floor":["M","?","?","M","?","R","M","R","T","$","E","M","R","?","R","B"],"character_chosen":"THE_SILENT","items_purchased":["Vajra","Flash of Steel"],"campfire_rested":2,"item_purchase_floors":[10,10],"current_hp_per_floor":[59,59,3,3,3,22,22,22,22,22,22,7,16,5,33,0,0],"gold":179,"neow_bonus":"THREE_ENEMY_KILL","is_daily":false,"chose_seed":false,"campfire_upgraded":2,"win_rate":0.0,"timestamp":1608214095,"path_taken":["M","?","?","M","?","R","M","R","T","?","E","?","R","?","R","BOSS"],"items_purchased_type":["Relic","Card"],"build_version":"2020-12-13","purchased_purges":1,"victory":false,"max_hp_per_floor":[66,66,66,66,66,66,66,66,66,66,66,66,66,66,66,66,66],"card_choices":[{"not_picked":["Setup","Riddle With Holes"],"picked":"All Out Attack","floor":1},{"not_picked":["Bane","Prepared"],"picked":"Escape Plan","floor":4},{"not_picked":["Heel Hook","Choke"],"picked":"Crippling Poison","floor":7},{"not_picked":["Expertise","Deadly Poison"],"picked":"Calculated Gamble","floor":11},{"not_picked":["Poisoned Stab","Dagger Spray","Deadly Poison"],"picked":"SKIP","floor":12}],"player_experience":713483,"relics_obtained":[{"floor":9,"key":"Pen Nib"},{"floor":11,"key":"Eternal Feather"}],"event_choices":[{"damage_healed":0,"gold_gain":150,"player_choice":"AGREE","damage_taken":0,"max_hp_gain":0,"max_hp_loss":0,"event_name":"Liars Game","floor":2,"gold_loss":0,"cards_obtained":["Doubt"]},{"damage_healed":0,"gold_gain":0,"player_choice":"Success","damage_taken":56,"relics_obtained":["Paper Crane"],"max_hp_gain":0,"max_hp_loss":0,"event_name":"Scrap Ooze","floor":3,"gold_loss":0},{"damage_healed":0,"gold_gain":53,"player_choice":"Gained Gold","damage_taken":0,"max_hp_gain":0,"max_hp_loss":0,"event_name":"Golden Wing","floor":5,"gold_loss":0},{"damage_healed":0,"gold_gain":75,"player_choice":"Gather Gold","damage_taken":11,"max_hp_gain":0,"max_hp_loss":0,"event_name":"World of Goop","floor":14,"gold_loss":0}],"is_beta":false,"boss_relics":[],"items_purged_floors":[10],"is_endless":false,"potions_floor_spawned":[1,12],"killed_by":"Slime Boss","ascension_level":20}}