{"host":"17xjy7b7ubl548g2","time":1608173000,"event":{"mods":["2.2 Compatiblity","Act Like it!","Aspiration","Astrologer","Bard","BaseMod","Bestiary","Challenge The Spire","ChefMod","Colored Map","Conspire","Elementarium","Energized Spire","GifTheSpireLib","Halation","Hallownest","Hermit","Hubris","Infinite Spire","Jedi Mod","Jorbs\u0027s Wanderer Trilogy","Marisa（霧雨　魔理沙）","Marked Mod","Minty Spire (QoL Compilation)","Pale of the Ancients","Permanent Neow","Puzzle Mod","Replay The Spire","Robot Space Explorer","Spicy Shops","StSLib","Stuff the Spire","The Blue Laboratory","The Bug Knight","The Construct","The Disciple","The Hayseed","The Hierophant","The Runesmith","The Sage"],"gold_per_floor":[109,109,109,109,187,187,214,231,254,271,46,76,76,106,106,180,180,190,190,190,190,77,108,126,139,139,139,139,155,175,201,201,278,278,289,306,3,3,3,35,35,69,69,83,83,96,96,122,122,122],"floor_reached":51,"playtime":4675,"items_purged":["Strike_R","Defend_R","jedi:BattleThirst"],"score":1263,"play_id":"de2b15de-29e8-43ea-9315-5969798ffbee","local_time":"20201216214320","is_ascension_mode":true,"campfire_choices":[{"data":"Fiend Fire","floor":6.0,"key":"SMITH"},{"data":"hubris:EnhanceAbility","floor":13.0,"key":"SMITH"},{"data":"hubris:EnhanceAbility","floor":15.0,"key":"SMITH"},{"data":"Armaments","floor":27.0,"key":"SMITH"},{"data":"Bash","floor":32.0,"key":"SMITH"},{"data":"Rupture","floor":41,"key":"SMITH"},{"data":"Metallicize","floor":45,"key":"SMITH"},{"data":"Metallicize","floor":47,"key":"SMITH"},{"data":"Shockwave","floor":49,"key":"SMITH"}],"circlet_count":0,"master_deck":["AscendersBane","Strike_R","Defend_R","Defend_R","Bash+1","Fiend Fire+1","Metallicize+1","Combust+1","Disarm","StuffTheSpire:Incineration","Impervious","hubris:EnhanceAbility+1","hubris:EnhanceAbility+1","ReplayTheSpireMod:Strike From Hell","Inflame","Offering","Metallicize+1","infinitespire:Starlight","Shrug It Off","Armaments+1","Inflame","Headbutt","Pommel Strike+1","Immolate+1","Rupture+1","Iron Wave","conspire:ExplosiveBarrier+1","Shockwave+1","ReplayTheSpireMod:Corrosion Curse+1","Heavy Blade"],"relics":["Burning Blood","halation:PinkSoulGem","Ginger","StuffTheSpire:RubySignet","King of Hearts","Blue Doll","BargainBundle","Replay:Baseball","hubris:Metronome","Sozu","Empty Cage","Thread and Needle","conspire:Dentures","jedi:angrymask","Vajra","jedi:crownofsimplicity","Elementarium:ElementariumTrophy","ChewingGum","OrangePellets","Bag of Marbles","StuffTheSpire:HeavyRock","Potion Belt","Self Forming Clay","jedi:archwizardhat"],"acts_visited":["Exordium","Exordium","TheBeyond"],"potions_floor_usage":[48,50],"damage_taken":[{"damage":12.0,"enemies":"Small Slimes","floor":1.0,"turns":3.0},{"damage":19.0,"enemies":"Lagavulin","floor":7.0,"turns":7.0},{"damage":0.0,"enemies":"2 Louse","floor":8.0,"turns":2.0},{"damage":0.0,"enemies":"Cultist","floor":10.0,"turns":2.0},{"damage":0.0,"enemies":"3 Sentries","floor":12.0,"turns":5.0},{"damage":30.0,"enemies":"Lagavulin","floor":14.0,"turns":5.0},{"damage":12.0,"enemies":"Hexaghost","floor":16.0,"turns":9.0},{"damage":6.0,"enemies":"Elementarium:2_ELEMENTALS","floor":18.0,"turns":4.0},{"damage":6.0,"enemies":"Nightmare","floor":23.0,"turns":7.0},{"damage":0.0,"enemies":"Elementarium:Cyclone","floor":24.0,"turns":5.0},{"damage":0.0,"enemies":"Elementarium:3_ELEMENTALS","floor":25.0,"turns":4.0},{"damage":0.0,"enemies":"Elementarium:RubyGolem","floor":29.0,"turns":4.0},{"damage":0.0,"enemies":"Elementarium:STONE_GOLEMS","floor":30.0,"turns":5.0},{"damage":0.0,"enemies":"Elementarium:ElementalPortal","floor":31.0,"turns":6.0},{"damage":6.0,"enemies":"Elementarium:GolemEmperor","floor":33.0,"turns":9.0},{"damage":7,"enemies":"3 Darklings","floor":35,"turns":3},{"damage":6,"enemies":"Orb Walker","floor":36,"turns":2},{"damage":0,"enemies":"HollowMod:StalkingDevout","floor":40,"turns":5},{"damage":3,"enemies":"Nemesis","floor":42,"turns":5},{"damage":28,"enemies":"Transient","floor":44,"turns":5},{"damage":12,"enemies":"Writhing Mass","floor":46,"turns":4},{"damage":12,"enemies":"Reptomancer","floor":48,"turns":5},{"damage":1,"enemies":"Replay:Hell Engine","floor":50,"turns":10}],"seed_played":"6391638140965031773","potions_obtained":[{"floor":8.0,"key":"blueLaboratory:PolymorphPotion"},{"floor":10.0,"key":"BlessingOfTheForge"},{"floor":14.0,"key":"Adrenaline Potion"},{"floor":16.0,"key":"blueLaboratory:ExaltedPotion"}],"is_trial":false,"path_per_floor":["M","?","?","?","T","R","E","M","T","M","$","E","R","E","R","B",null,"M","?","AVR","?","$","NM","M","M","T","R","?","M","M","E","R","B",null,"M","M","$","?","?","E","R","E","T","M","R","M","R","E","R","B",null],"character_chosen":"IRONCLAD","items_purchased":["BargainBundle","Fire Potion","hubris:EnhanceAbility","ReplayTheSpireMod:Strike From Hell","Shrug It Off","OrangePellets","Bag of Marbles"],"campfire_rested":0,"item_purchase_floors":[11,11,11,11,22,37,37],"current_hp_per_floor":[62,62,62,57,57,57,44,50,50,56,56,62,62,38,38,32,64,64,43,43,43,43,53,69,80,80,80,60,76,80,80,80,80,80,79,79,79,79,79,80,80,80,80,58,58,62,62,66,66,80],"gold":122,"neow_bonus":"ONE_RANDOM_RARE_CARD","is_daily":false,"chose_seed":false,"campfire_upgraded":9,"win_rate":0.0,"timestamp":1608173000,"path_taken":["M","?","?","?","?","R","E","M","T","M","$","E","R","E","R","BOSS","M","?","AVR","?","$","NM","?","M","T","R","?","M","M","E","R","BOSS","M","?","$","?","?","E","R","E","T","M","R","M","R","E","R","BOSS"],"items_purchased_type":["Relic","Potion","Card","Card","Card","Relic","Relic"],"build_version":"2020-12-13","purchased_purges":3,"victory":true,"max_hp_per_floor":[75,75,75,75,75,75,75,75,75,75,75,75,75,75,75,75,75,75,80,80,80,80,80,80,80,80,80,80,80,80,80,80,80,80,80,80,80,80,80,80,80,80,80,80,80,80,80,80,80,80],"card_choices":[{"not_picked":["Shrug It Off","Heavy Blade"],"picked":"Metallicize","floor":1.0},{"not_picked":["ReplayTheSpireMod:LeadingStrike","StuffTheSpire:RockThrow"],"picked":"Disarm","floor":7.0},{"not_picked":["Searing Blow","Evolve"],"picked":"StuffTheSpire:Incineration","floor":8.0},{"not_picked":["Havoc","Pommel Strike"],"picked":"Impervious","floor":10.0},{"not_picked":["Blood for Blood","Flex","Body Slam"],"picked":"SKIP","floor":12.0},{"not_picked":["Sword Boomerang","Fiend Fire"],"picked":"Inflame","floor":14.0},{"not_picked":["Corruption","Demonic Infusion"],"picked":"Offering","floor":16.0},{"not_picked":["Flex","Warcry+1"],"picked":"Metallicize","floor":18.0},{"not_picked":["Blood for Blood","Anger","Sword Boomerang"],"picked":"SKIP","floor":23.0},{"not_picked":["Body Slam","Iron Wave"],"picked":"Armaments","floor":24.0},{"not_picked":["Havoc","Run Through+1"],"picked":"Inflame","floor":25.0},{"not_picked":["Sword Boomerang","Run Through"],"picked":"Headbutt","floor":29.0},{"not_picked":["jedi:MakeshiftSword","Twin Strike"],"picked":"Pommel Strike+1","floor":30.0},{"not_picked":["ReplayTheSpireMod:LeadingStrike","Clash","Hemogenesis"],"picked":"SKIP","floor":31.0},{"not_picked":["Fiend Fire","Berserk"],"picked":"Immolate","floor":33.0},{"not_picked":["True Grit","Thunderclap"],"picked":"Rupture","floor":35},{"not_picked":["Run Through","Havoc","Warcry"],"picked":"SKIP","floor":36},{"not_picked":["StuffTheSpire:RockThrow","Shrug It Off"],"picked":"Iron Wave","floor":40},{"not_picked":["StuffTheSpire:BloodClot","Armaments"],"picked":"conspire:ExplosiveBarrier+1","floor":42},{"not_picked":["Replay:Undeath\u0027s Touch","Demonic Infusion"],"picked":"Shockwave","floor":44},{"not_picked":["ReplayTheSpireMod:Stacked","Dual Wield+1"],"picked":"ReplayTheSpireMod:Corrosion Curse+1","floor":46},{"not_picked":["Combust","StuffTheSpire:Pyroclast"],"picked":"Heavy Blade","floor":48}],"player_experience":1564842,"relics_obtained":[{"floor":5.0,"key":"StuffTheSpire:RubySignet"},{"floor":7.0,"key":"King of Hearts"},{"floor":9.0,"key":"Blue Doll"},{"floor":12.0,"key":"Replay:Baseball"},{"floor":14.0,"key":"hubris:Metronome"},{"floor":23.0,"key":"conspire:Dentures"},{"floor":26.0,"key":"jedi:angrymask"},{"floor":31.0,"key":"jedi:crownofsimplicity"},{"floor":40,"key":"StuffTheSpire:HeavyRock"},{"floor":42,"key":"Potion Belt"},{"floor":43,"key":"Self Forming Clay"},{"floor":48,"key":"jedi:archwizardhat"}],"event_choices":[{"damage_healed":0.0,"max_hp_gain":0.0,"max_hp_loss":0.0,"gold_gain":0.0,"event_name":"Scrap Ooze","player_choice":"Success","floor":4.0,"gold_loss":0.0,"damage_taken":5.0,"relics_obtained":["Ginger"]},{"damage_healed":0.0,"max_hp_gain":5.0,"max_hp_loss":0.0,"gold_gain":0.0,"event_name":"Elementarium:RadiantAltar","player_choice":"Sacrifice","floor":19.0,"gold_loss":0.0,"damage_taken":26.0},{"cards_removed":["Defend_R"],"damage_healed":0,"gold_gain":0,"player_choice":"Purged","damage_taken":0,"max_hp_gain":0,"max_hp_loss":0,"event_name":"Purifier","floor":39,"gold_loss":0}],"is_beta":false,"boss_relics":[{"not_picked":["Pandora\u0027s Box","energizedSpire:CursedPentagram"],"picked":"Sozu"},{"not_picked":["StuffTheSpire:ModemDavis","energizedSpire:MagnifyingGlass"],"picked":"ChewingGum"}],"items_purged_floors":[11,20,22],"is_endless":false,"potions_floor_spawned":[8,10,14,16,18,24,29,31,36,48],"ascension_level":15}}