{"host":"x1qj4d8ympd5jdqh","time":1608203302,"event":{"mods":["AchievementEnabler","AlwaysNeverKeys","BaseMod","Colored Map","Custom Start","DeckTracker","Highlight Path","Minty Spire (QoL Compilation)","StSLib","SuperFastMode"],"gold_per_floor":[111,129,129,54,54,54,88,102,102,131,131,56,72,72,72,144,144,163,179,179,190,37,37,72,72,72,72,106,156,31,44,44,117,117,131,151,161,171,187,187,218,218,218,218,230,80,100,100,100,100,100,100,100,45,80,80,80],"floor_reached":56,"playtime":3013,"items_purged":["Strike_G","Strike_G","Strike_G","Defend_G"],"score":2200,"play_id":"e1f4b546-d218-49ae-91d3-0d0f5d24c612","local_time":"20201217200822","is_ascension_mode":true,"campfire_choices":[{"data":"Eviscerate","floor":6.0,"key":"SMITH"},{"data":"Neutralize","floor":11.0,"key":"SMITH"},{"data":"Prepared","floor":15.0,"key":"SMITH"},{"data":"Envenom","floor":23.0,"key":"SMITH"},{"data":"Reflex","floor":25.0,"key":"SMITH"},{"data":"Adrenaline","floor":27.0,"key":"SMITH"},{"data":"Acrobatics","floor":32.0,"key":"SMITH"},{"data":"Reflex","floor":40.0,"key":"SMITH"},{"data":"Catalyst","floor":44.0,"key":"SMITH"},{"floor":49.0,"key":"RECALL"},{"data":"Survivor","floor":53.0,"key":"SMITH"}],"circlet_count":0,"master_deck":["AscendersBane","Defend_G","Defend_G","Defend_G","Defend_G+1","Survivor+1","Neutralize+1","Eviscerate+1","Dagger Throw","Poisoned Stab+1","Adrenaline+1","Reflex+1","Prepared+1","Envenom+1","Acrobatics+1","Reflex+1","Malaise","Calculated Gamble+1","Catalyst+1","Footwork+1","Dodge and Roll","Finesse","Purity","Outmaneuver"],"relics":["Ring of the Serpent","NeowsBlessing","Ninja Scroll","Centennial Puzzle","Meat on the Bone","Boot","Philosopher\u0027s Stone","FossilizedHelix","Gremlin Horn","Mummified Hand","Molten Egg 2","Ice Cream"],"acts_visited":["Exordium","TheCity","TheBeyond","TheEnding"],"potions_floor_usage":[56],"damage_taken":[{"damage":0.0,"enemies":"2 Louse","floor":1.0,"turns":1.0},{"damage":0.0,"enemies":"Small Slimes","floor":2.0,"turns":1.0},{"damage":0.0,"enemies":"Lagavulin","floor":7.0,"turns":1.0},{"damage":0.0,"enemies":"Cultist","floor":8.0,"turns":2.0},{"damage":6.0,"enemies":"Gremlin Nob","floor":10.0,"turns":3.0},{"damage":12.0,"enemies":"Gremlin Gang","floor":13.0,"turns":3.0},{"damage":8.0,"enemies":"The Guardian","floor":16.0,"turns":12.0},{"damage":0.0,"enemies":"3 Byrds","floor":18.0,"turns":2.0},{"damage":3.0,"enemies":"Shell Parasite","floor":19.0,"turns":2.0},{"damage":6.0,"enemies":"Centurion and Healer","floor":21.0,"turns":2.0},{"damage":10.0,"enemies":"Book of Stabbing","floor":24.0,"turns":3.0},{"damage":0.0,"enemies":"Gremlin Leader","floor":28.0,"turns":2.0},{"damage":0.0,"enemies":"Snecko","floor":31.0,"turns":2.0},{"damage":0.0,"enemies":"Collector","floor":33.0,"turns":3.0},{"damage":0.0,"enemies":"Orb Walker","floor":35.0,"turns":1.0},{"damage":0.0,"enemies":"3 Darklings","floor":36.0,"turns":3.0},{"damage":39.0,"enemies":"4 Shapes","floor":37.0,"turns":3.0},{"damage":0.0,"enemies":"Spire Growth","floor":38.0,"turns":2.0},{"damage":42.0,"enemies":"Sphere and 2 Shapes","floor":39.0,"turns":1.0},{"damage":0.0,"enemies":"Giant Head","floor":41.0,"turns":2.0},{"damage":0.0,"enemies":"3 Darklings","floor":45.0,"turns":2.0},{"damage":13.0,"enemies":"Jaw Worm Horde","floor":47.0,"turns":3.0},{"damage":31.0,"enemies":"Time Eater","floor":50.0,"turns":10.0},{"damage":0.0,"enemies":"Awakened One","floor":51.0,"turns":6.0},{"damage":17.0,"enemies":"Shield and Spear","floor":55.0,"turns":6.0},{"damage":27,"enemies":"The Heart","floor":56,"turns":6}],"seed_played":"-9034440260610147312","potions_obtained":[{"floor":1.0,"key":"Swift Potion"},{"floor":13.0,"key":"Explosive Potion"},{"floor":16.0,"key":"BlessingOfTheForge"},{"floor":21.0,"key":"ColorlessPotion"},{"floor":24.0,"key":"SpeedPotion"},{"floor":28.0,"key":"SteroidPotion"},{"floor":36.0,"key":"Swift Potion"},{"floor":39.0,"key":"FearPotion"},{"floor":41.0,"key":"Poison Potion"},{"floor":47.0,"key":"FairyPotion"}],"is_trial":false,"path_per_floor":["M","M","?","$","?","R","E","M","T","E","R","?","M","?","R","B",null,"M","M","?","M","$","R","E","R","T","R","E","?","$","M","R","B",null,"M","M","M","M","M","R","E","?","T","R","M","$","M","?","R","B","B",null,"R","$","E","B"],"character_chosen":"THE_SILENT","items_purchased":["SpeedPotion","SpeedPotion"],"campfire_rested":0,"item_purchase_floors":[22,54],"current_hp_per_floor":[59,59,59,59,39,39,39,39,39,33,33,33,33,22,22,26,56,56,53,53,47,47,47,37,37,37,37,37,31,31,43,43,43,60,60,60,33,45,15,15,27,27,27,27,39,39,38,28,28,31,43,60,60,60,43,16,16],"gold":80,"neow_bonus":"THREE_ENEMY_KILL","is_daily":false,"chose_seed":false,"campfire_upgraded":10,"win_rate":0.0,"timestamp":1608203302,"path_taken":["M","M","?","$","?","R","E","M","T","E","R","?","M","?","R","BOSS","M","M","?","M","$","R","E","R","T","R","E","?","$","M","R","BOSS","M","M","M","M","M","R","E","?","T","R","M","$","?","?","R","BOSS","BOSS","R","$","E","BOSS"],"items_purchased_type":["Potion","Potion"],"build_version":"2020-12-13","purchased_purges":4,"victory":false,"max_hp_per_floor":[66,66,66,66,66,66,66,66,66,66,66,66,66,66,66,66,66,66,66,66,66,66,66,66,66,66,66,66,66,66,66,66,66,66,66,66,66,66,66,66,66,66,66,66,66,66,66,66,66,66,66,66,66,66,66,66,66],"card_choices":[{"not_picked":["Distraction","Well Laid Plans"],"picked":"Eviscerate","floor":1.0},{"not_picked":["Dagger Spray","Flying Knee"],"picked":"Dagger Throw","floor":2.0},{"not_picked":["Slice","Infinite Blades","Quick Slash"],"picked":"SKIP","floor":7.0},{"not_picked":["Dodge and Roll","Accuracy"],"picked":"Adrenaline","floor":8.0},{"not_picked":["PiercingWail","Slice"],"picked":"Reflex","floor":10.0},{"not_picked":["Skewer","Expertise"],"picked":"Prepared","floor":13.0},{"not_picked":["Malaise","Bullet Time"],"picked":"Envenom","floor":16.0},{"not_picked":["Sucker Punch","Flying Knee"],"picked":"Acrobatics","floor":18.0},{"not_picked":["Predator","Catalyst","Underhanded Strike"],"picked":"SKIP","floor":19.0},{"not_picked":["Masterful Stab","Noxious Fumes"],"picked":"Reflex","floor":21.0},{"not_picked":["Riddle With Holes","Underhanded Strike","Slice"],"picked":"SKIP","floor":24.0},{"not_picked":["Heel Hook","Slice","Eviscerate"],"picked":"SKIP","floor":28.0},{"not_picked":["Bane","Backflip","Envenom"],"picked":"SKIP","floor":31.0},{"not_picked":["Unload","Venomology"],"picked":"Malaise","floor":33.0},{"not_picked":["Finisher","Dodge and Roll+1","Infinite Blades+1"],"picked":"SKIP","floor":35.0},{"not_picked":["Masterful Stab","Backflip","Caltrops"],"picked":"SKIP","floor":36.0},{"not_picked":["Flechettes","Sucker Punch"],"picked":"Calculated Gamble+1","floor":37.0},{"not_picked":["Accuracy","Endless Agony","Deflect"],"picked":"SKIP","floor":38.0},{"not_picked":["All Out Attack","Predator","Backflip"],"picked":"SKIP","floor":39.0},{"not_picked":["Envenom","Outmaneuver+1"],"picked":"Catalyst","floor":41.0},{"not_picked":["Deadly Poison","Poisoned Stab+1"],"picked":"Footwork+1","floor":45.0},{"not_picked":["Deflect+1","Backflip+1"],"picked":"Dodge and Roll","floor":47.0},{"not_picked":["Apotheosis","Good Instincts"],"picked":"Finesse","floor":48.0},{"not_picked":["Transmutation","Panacea"],"picked":"Purity","floor":48.0},{"not_picked":["Deflect","Venomology"],"picked":"Outmaneuver","floor":55.0}],"player_experience":1225113,"relics_obtained":[{"floor":7.0,"key":"Ninja Scroll"},{"floor":9.0,"key":"Centennial Puzzle"},{"floor":10.0,"key":"Meat on the Bone"},{"floor":24.0,"key":"FossilizedHelix"},{"floor":26.0,"key":"Gremlin Horn"},{"floor":28.0,"key":"Mummified Hand"},{"floor":41.0,"key":"Molten Egg 2"},{"floor":55.0,"key":"Ice Cream"}],"event_choices":[{"damage_healed":0.0,"max_hp_gain":0.0,"max_hp_loss":0.0,"gold_gain":0.0,"cards_transformed":["Strike_G"],"event_name":"Living Wall","player_choice":"Change","floor":3.0,"gold_loss":0.0,"damage_taken":0.0,"cards_obtained":["Poisoned Stab"]},{"damage_healed":0.0,"max_hp_gain":0.0,"max_hp_loss":0.0,"gold_gain":0.0,"event_name":"Shining Light","player_choice":"Entered Light","floor":5.0,"gold_loss":0.0,"damage_taken":20.0,"cards_upgraded":["Poisoned Stab","Defend_G"]},{"cards_removed":["Strike_G"],"damage_healed":0.0,"max_hp_gain":0.0,"max_hp_loss":0.0,"gold_gain":0.0,"event_name":"The Cleric","player_choice":"Card Removal","floor":12.0,"gold_loss":75.0,"damage_taken":0.0},{"damage_healed":0.0,"max_hp_gain":0.0,"max_hp_loss":0.0,"gold_gain":0.0,"event_name":"Scrap Ooze","player_choice":"Success","floor":14.0,"gold_loss":0.0,"damage_taken":11.0,"relics_obtained":["Boot"]},{"damage_healed":0.0,"max_hp_gain":0.0,"max_hp_loss":0.0,"gold_gain":0.0,"event_name":"Ghosts","player_choice":"Ignored","floor":20.0,"gold_loss":0.0,"damage_taken":0.0},{"damage_healed":0.0,"max_hp_gain":0.0,"max_hp_loss":0.0,"gold_gain":50.0,"event_name":"FaceTrader","player_choice":"Touch","floor":29.0,"gold_loss":0.0,"damage_taken":6.0},{"damage_healed":0.0,"max_hp_gain":0.0,"max_hp_loss":0.0,"gold_gain":0.0,"event_name":"SecretPortal","player_choice":"Ignored","floor":42.0,"gold_loss":0.0,"damage_taken":0.0},{"damage_healed":0.0,"max_hp_gain":0.0,"max_hp_loss":0.0,"gold_gain":0.0,"event_name":"SensoryStone","player_choice":"Memory 3","floor":48.0,"gold_loss":0.0,"damage_taken":10.0}],"is_beta":false,"boss_relics":[{"not_picked":["Ectoplasm","Runic Dome"],"picked":"Philosopher\u0027s Stone"},{"not_picked":["Fusion Hammer","Calling Bell"],"picked":"Ring of the Serpent"}],"items_purged_floors":[4,22,30,46],"is_endless":false,"potions_floor_spawned":[1,13,16,21,24,28,31,36,39,41,47],"killed_by":"The Heart","ascension_level":20}}