{"host":"utqe55yv0jihe4d6","time":1608170017,"event":{"mods":["2.2 Compatiblity","AchievementEnabler","BaseMod","Block Reminder","Colored Map","Colored Powertips","Minty Spire (QoL Compilation)","Quick Restart","Rare Cards Sparkle","Relic Stats","SuperFastMode"],"gold_per_floor":[112,126,126,145,16,16,28,28,28,48,83,96,96,40,40,118,118,138,151,151,171,171,171,171,171],"floor_reached":24,"playtime":955,"items_purged":["Strike_G"],"score":396,"play_id":"047a8771-b330-42ff-9033-3c86443b58c3","local_time":"20201216205337","is_ascension_mode":true,"campfire_choices":[{"data":"Neutralize","floor":6,"key":"SMITH"},{"data":"Wraith Form v2","floor":8,"key":"SMITH"},{"data":"Poisoned Stab","floor":13,"key":"SMITH"},{"data":"Terror","floor":15,"key":"SMITH"},{"floor":23,"key":"REST"}],"circlet_count":0,"master_deck":["AscendersBane","Strike_G","Strike_G","Strike_G","Defend_G","Defend_G","Defend_G","Defend_G","Defend_G","Survivor","Neutralize+1","Tools of the Trade","Poisoned Stab+1","Quick Slash","Terror+1","Wraith Form v2+1","Venomology","Dagger Throw","Dash","PiercingWail","Corpse Explosion","Acrobatics","Skewer+1","Predator","RitualDagger"],"relics":["Ring of the Snake","Shuriken","Sundial","Cursed Key"],"acts_visited":["Exordium","TheCity"],"potions_floor_usage":[11,12,16,19,21,24,24],"damage_taken":[{"damage":0,"enemies":"Jaw Worm","floor":1,"turns":5},{"damage":5,"enemies":"Cultist","floor":2,"turns":5},{"damage":1,"enemies":"2 Louse","floor":4,"turns":3},{"damage":1,"enemies":"2 Fungi Beasts","floor":7,"turns":5},{"damage":4,"enemies":"Exordium Thugs","floor":10,"turns":4},{"damage":10,"enemies":"Lagavulin","floor":11,"turns":7},{"damage":1,"enemies":"3 Louse","floor":12,"turns":4},{"damage":8,"enemies":"The Guardian","floor":16,"turns":12},{"damage":3,"enemies":"3 Byrds","floor":18,"turns":3},{"damage":13,"enemies":"Shell Parasite","floor":19,"turns":6},{"damage":19,"enemies":"Cultist and Chosen","floor":21,"turns":7},{"damage":43,"enemies":"Slavers","floor":24,"turns":6}],"seed_played":"-7608870282241000692","potions_obtained":[{"floor":7,"key":"SkillPotion"},{"floor":11,"key":"BlessingOfTheForge"}],"is_trial":false,"path_per_floor":["M","M","?","M","$","R","M","R","T","M","E","M","R","$","R","B",null,"M","M","?","M","?","R","E"],"character_chosen":"THE_SILENT","items_purchased":["PowerPotion","PiercingWail"],"campfire_rested":1,"item_purchase_floors":[5,14],"current_hp_per_floor":[59,54,54,53,53,53,52,52,52,48,38,37,37,37,37,29,57,54,41,41,22,16,35,0,0],"gold":171,"neow_bonus":"ONE_RANDOM_RARE_CARD","is_daily":false,"chose_seed":false,"campfire_upgraded":4,"win_rate":0.0,"timestamp":1608170017,"path_taken":["M","M","?","M","$","R","M","R","T","M","E","M","R","?","R","BOSS","M","M","?","?","?","R","E"],"items_purchased_type":["Potion","Card"],"build_version":"2020-12-13","purchased_purges":1,"victory":false,"max_hp_per_floor":[66,66,66,66,66,66,66,66,66,66,66,66,66,66,66,66,66,66,66,66,66,66,66,66,66],"relic_stats":{"counters":[12,67],"Shuriken":[12],"Sundial":[6],"Cursed Key":0,"obtain_stats":[{"Shuriken":9,"Sundial":11,"Cursed Key":17,"Ring of the Snake":0},{"Shuriken":4,"Sundial":6,"Cursed Key":8,"Ring of the Snake":0},{"Shuriken":18,"Sundial":29,"Cursed Key":45,"Ring of the Snake":0}],"Ring of the Snake":[24]},"card_choices":[{"not_picked":["Slice","Underhanded Strike"],"picked":"Poisoned Stab","floor":1},{"not_picked":["Accuracy","Sucker Punch"],"picked":"Quick Slash","floor":2},{"not_picked":["Flying Knee","Dodge and Roll"],"picked":"Wraith Form v2","floor":4},{"not_picked":["Catalyst","Flying Knee","Finisher"],"picked":"SKIP","floor":7},{"not_picked":["Eviscerate","Poisoned Stab"],"picked":"Venomology","floor":10},{"not_picked":["Concentrate","Dodge and Roll"],"picked":"Dagger Throw","floor":11},{"not_picked":["PiercingWail","Quick Slash"],"picked":"Dash","floor":12},{"not_picked":["Grand Finale","Storm of Steel"],"picked":"Corpse Explosion","floor":16},{"not_picked":["Expertise","Finisher"],"picked":"Acrobatics","floor":18},{"not_picked":["Poisoned Stab","Terror"],"picked":"Skewer","floor":19},{"not_picked":["Reflex","Poisoned Stab+1"],"picked":"Predator","floor":21}],"player_experience":2772275,"relics_obtained":[{"floor":9,"key":"Shuriken"},{"floor":11,"key":"Sundial"}],"event_choices":[{"damage_healed":0,"gold_gain":0,"cards_transformed":["Strike_G"],"player_choice":"Transformed","damage_taken":0,"max_hp_gain":0,"max_hp_loss":0,"event_name":"Transmorgrifier","floor":3,"gold_loss":0,"cards_obtained":["Terror"]},{"damage_healed":0,"gold_gain":0,"player_choice":"Upgraded","damage_taken":0,"max_hp_gain":0,"max_hp_loss":0,"event_name":"Upgrade Shrine","floor":20,"gold_loss":0,"cards_upgraded":["Skewer"]},{"damage_healed":0,"gold_gain":0,"player_choice":"Joined the Cult","damage_taken":6,"max_hp_gain":0,"max_hp_loss":0,"event_name":"Nest","floor":22,"gold_loss":0,"cards_obtained":["RitualDagger"]}],"is_beta":false,"boss_relics":[{"not_picked":["Velvet Choker","Astrolabe"],"picked":"Cursed Key"}],"items_purged_floors":[5],"is_endless":false,"potions_floor_spawned":[7,11,19],"killed_by":"Slavers","ascension_level":20}}