{"host":"97bfbul5vt0mksxl","time":1608247911,"event":{"mods":["BaseMod","Colored Powertips","Highlight Path","Infinite Spire","Minty Spire (QoL Compilation)","Replay The Spire","Shop Mod","StSLib","SuperFastMode"],"gold_per_floor":[114,176,188,153,153,153,182,195,195,214,214,247,259,272,272,376,376,426,341,341,388,432,466,466,466],"floor_reached":24,"playtime":1101,"items_purged":[],"score":278,"play_id":"94ea2bd2-04a2-4bd5-b5d5-cebef40f60bf","local_time":"20201217203151","is_ascension_mode":false,"campfire_choices":[{"data":"Vigilance","floor":6,"key":"SMITH"},{"data":"DevaForm","floor":15,"key":"SMITH"}],"circlet_count":0,"master_deck":["Strike_P","Strike_P","Strike_P","Strike_P","Defend_P","Eruption+1","Vigilance+1","Replay:Cycle","FollowUp","FearNoEvil","Wireheading","Devotion","TalkToTheHand","Consecrate","PathToVictory","FearNoEvil","DevaForm+1","Replay:LoomingThreat","Wish+1","Replay:Hum+1","Devotion+1","FlurryOfBlows","Swivel+1","Prostrate","EmptyFist"],"relics":["PureWater","Onion Ring","Replay:Bottled Steam","ReplayTheSpireMod:Shallot","Replay:Ringing Soul","Incense Burner","Astrolabe","Dream Catcher","NlothsMask","White Beast Statue"],"acts_visited":["Exordium","TheCity"],"potions_floor_usage":[12,16,16,16,24,24],"damage_taken":[{"damage":0,"enemies":"Cultist","floor":1,"turns":2},{"damage":0,"enemies":"Small Slimes","floor":3,"turns":2},{"damage":8,"enemies":"3 Sentries","floor":7,"turns":7},{"damage":7,"enemies":"2 Louse","floor":8,"turns":2},{"damage":0,"enemies":"Large Slime","floor":10,"turns":3},{"damage":2,"enemies":"Replay:BlueRogue","floor":12,"turns":2},{"damage":0,"enemies":"Blue Slaver","floor":13,"turns":1},{"damage":10,"enemies":"Red Slaver","floor":14,"turns":2},{"damage":36,"enemies":"The Guardian","floor":16,"turns":8},{"damage":8,"enemies":"2 Thieves","floor":18,"turns":3},{"damage":2,"enemies":"3 Byrds","floor":21,"turns":5},{"damage":73,"enemies":"Cultist and Chosen","floor":22,"turns":7},{"damage":12,"enemies":"Nightmare","floor":23,"turns":7},{"damage":12,"enemies":"Snake Plant","floor":24,"turns":2}],"seed_played":"-233418389633854541","potions_obtained":[{"floor":3,"key":"Weak Potion"},{"floor":10,"key":"DuplicationPotion"},{"floor":12,"key":"Adrenaline Potion"},{"floor":14,"key":"Swift Potion"},{"floor":21,"key":"SteroidPotion"},{"floor":22,"key":"FearPotion"},{"floor":23,"key":"StancePotion"}],"is_trial":false,"path_per_floor":["M","?","M","?","?","R","E","M","T","M","T","E","M","M","R","B",null,"M","?","?","M","M","NM","M"],"character_chosen":"WATCHER","items_purchased":[],"campfire_rested":0,"item_purchase_floors":[],"current_hp_per_floor":[72,54,54,72,77,77,69,62,62,62,62,63,66,59,59,26,92,87,87,87,88,18,9,0,0],"gold":466,"neow_bonus":"RANDOM_EVENT","is_daily":false,"chose_seed":false,"campfire_upgraded":2,"win_rate":0.0,"timestamp":1608247911,"path_taken":["M","?","?","?","?","R","E","M","T","M","?","E","M","M","R","BOSS","M","?","?","M","M","NM","M"],"items_purchased_type":[],"build_version":"2020-12-13","purchased_purges":0,"victory":false,"max_hp_per_floor":[72,72,72,72,77,77,77,77,77,77,77,80,83,86,86,89,92,95,95,95,98,101,104,104,104],"card_choices":[{"not_picked":["Crescendo","Pray"],"picked":"Replay:Cycle","floor":1},{"not_picked":["ClearTheMind","SashWhip"],"picked":"FollowUp","floor":2},{"not_picked":["Protect","Tantrum"],"picked":"FearNoEvil","floor":2},{"not_picked":["Replay:ManipulateFuture","Replay:AtTheReady"],"picked":"Wireheading","floor":3},{"not_picked":["Judgement","Pray"],"picked":"Devotion","floor":7},{"not_picked":["CutThroughFate","EmptyFist"],"picked":"TalkToTheHand","floor":8},{"not_picked":["DeceiveReality","EmptyBody"],"picked":"Consecrate","floor":10},{"not_picked":["EmptyFist","Weave"],"picked":"PathToVictory","floor":12},{"not_picked":["CrushJoints","InnerPeace"],"picked":"FearNoEvil","floor":13},{"not_picked":["Replay:BluntJabs","EmptyFist"],"picked":"DevaForm","floor":14},{"not_picked":["Blasphemy","Wish"],"picked":"Replay:LoomingThreat","floor":16},{"not_picked":["ClearTheMind","Replay:Vibes"],"picked":"FlurryOfBlows","floor":18},{"not_picked":["Vengeance","Replay:BluntJabs"],"picked":"Swivel+1","floor":21},{"not_picked":["FollowUp","Replay:AtTheReady"],"picked":"Prostrate","floor":22},{"not_picked":["Wish","EmptyBody"],"picked":"EmptyFist","floor":23}],"player_experience":150079,"relics_obtained":[{"floor":2,"key":"Onion Ring"},{"floor":7,"key":"Replay:Bottled Steam"},{"floor":9,"key":"ReplayTheSpireMod:Shallot"},{"floor":11,"key":"Replay:Ringing Soul"},{"floor":12,"key":"Incense Burner"},{"floor":23,"key":"White Beast Statue"}],"event_choices":[{"damage_healed":0,"gold_gain":0,"player_choice":"Grow","damage_taken":0,"max_hp_gain":0,"max_hp_loss":0,"event_name":"Living Wall","floor":0,"gold_loss":0,"cards_upgraded":["Eruption"]},{"damage_healed":18,"gold_gain":0,"player_choice":"Healed","damage_taken":0,"max_hp_gain":0,"max_hp_loss":0,"event_name":"The Cleric","floor":4,"gold_loss":35},{"damage_healed":0,"gold_gain":0,"player_choice":"Donut","damage_taken":0,"max_hp_gain":5,"max_hp_loss":0,"event_name":"Big Fish","floor":5,"gold_loss":0},{"damage_healed":0,"gold_gain":0,"player_choice":"Obtained Relic","damage_taken":0,"relics_obtained":["Dream Catcher"],"max_hp_gain":0,"max_hp_loss":0,"event_name":"Addict","floor":19,"gold_loss":85},{"damage_healed":0,"gold_gain":0,"player_choice":"Trade","damage_taken":0,"relics_obtained":["NlothsMask"],"max_hp_gain":0,"max_hp_loss":0,"event_name":"FaceTrader","floor":20,"gold_loss":0}],"is_beta":false,"boss_relics":[{"not_picked":["Ectoplasm","Runic Dome"],"picked":"Astrolabe"}],"items_purged_floors":[],"is_endless":false,"potions_floor_spawned":[3,10,12,14,21,22,23],"killed_by":"Snake Plant","ascension_level":0}}