{"host":"cqsz3xitorlhbrhq","time":1608164401,"event":{"mods":["AchievementEnabler","BaseMod","Bestiary","Block Reminder","Minty Spire (QoL Compilation)","Relic Stats","egg"],"gold_per_floor":[117,117,134,148,5,30,50,67,92,92,118,138,48,48,48,173,173,187,211,227,227,245,245,260,291,318,342,342,342,342,220,220,348,348,369,390,723,743,592,592,602,614,614,649,649,649,659,388,388,388],"floor_reached":51,"playtime":4984,"items_purged":["Strike_B","Storm","Strike_B","Strike_B"],"score":871,"play_id":"5ba99634-af84-4574-9abd-16d514213447","local_time":"20201216192001","is_ascension_mode":true,"campfire_choices":[{"data":"Hologram","floor":10.0,"key":"SMITH"},{"floor":15,"key":"REST"},{"data":"Hologram","floor":23,"key":"SMITH"},{"data":"Turbo","floor":28,"key":"SMITH"},{"data":"Biased Cognition","floor":30,"key":"SMITH"},{"floor":32,"key":"REST"},{"data":"Coolheaded","floor":40,"key":"SMITH"},{"data":"Capacitor","floor":45,"key":"SMITH"},{"data":"Echo Form","floor":49,"key":"SMITH"}],"circlet_count":0,"master_deck":["Strike_B","Defend_B","Defend_B","Defend_B","Defend_B","CurseOfTheBell","Gash","Melter","Gash","Cold Snap","Hologram+1","Genetic Algorithm","Steam","FTL","Hologram+1","Biased Cognition+1","Capacitor+1","Beam Cell+1","Turbo+1","Conserve Battery","All For One+1","Echo Form+1","Barrage+1","Defragment+1","Coolheaded+1","Defragment+1","Loop+1"],"relics":["Calling Bell","Strawberry","Kunai","Du-Vu Doll","TungstenRod","Membership Card","Bag of Preparation","Regal Pillow","Vajra","Runic Pyramid","Molten Egg 2","Unceasing Top","Smiling Mask","OrangePellets","SacredBark","Happy Flower","Lantern","Bottled Tornado","Incense Burner","Bag of Marbles"],"acts_visited":["Exordium","TheCity","TheBeyond"],"potions_floor_usage":[11,20,24,25,38,50,50,50,50,50,50],"damage_taken":[{"damage":2.0,"enemies":"Jaw Worm","floor":1.0,"turns":4.0},{"damage":1.0,"enemies":"2 Louse","floor":3.0,"turns":4.0},{"damage":0.0,"enemies":"Cultist","floor":4.0,"turns":3.0},{"damage":31.0,"enemies":"Gremlin Nob","floor":6.0,"turns":5.0},{"damage":5.0,"enemies":"Large Slime","floor":7.0,"turns":6.0},{"damage":1.0,"enemies":"Blue Slaver","floor":8.0,"turns":4.0},{"damage":22,"enemies":"Lagavulin","floor":11,"turns":5},{"damage":5,"enemies":"Exordium Wildlife","floor":12,"turns":4},{"damage":20,"enemies":"Hexaghost","floor":16,"turns":11},{"damage":0,"enemies":"Shell Parasite","floor":18,"turns":6},{"damage":0,"enemies":"Spheric Guardian","floor":19,"turns":2},{"damage":7,"enemies":"Centurion and Healer","floor":20,"turns":5},{"damage":7,"enemies":"Chosen and Byrds","floor":22,"turns":6},{"damage":0,"enemies":"Snake Plant","floor":24,"turns":3},{"damage":9,"enemies":"Slavers","floor":25,"turns":5},{"damage":9,"enemies":"Centurion and Healer","floor":27,"turns":5},{"damage":0,"enemies":"Automaton","floor":33,"turns":10},{"damage":0,"enemies":"3 Darklings","floor":35,"turns":6},{"damage":0,"enemies":"Orb Walker","floor":36,"turns":4},{"damage":0,"enemies":"4 Shapes","floor":38,"turns":1},{"damage":1,"enemies":"3 Darklings","floor":41,"turns":5},{"damage":0,"enemies":"Transient","floor":42,"turns":5},{"damage":0,"enemies":"Giant Head","floor":44,"turns":9},{"damage":0,"enemies":"Spire Growth","floor":47,"turns":4},{"damage":30,"enemies":"Donu and Deca","floor":50,"turns":9}],"seed_played":"-7951563677528824900","potions_obtained":[{"floor":1.0,"key":"SneckoOil"},{"floor":3.0,"key":"SteroidPotion"},{"floor":11,"key":"Energy Potion"},{"floor":12,"key":"Fire Potion"},{"floor":18,"key":"Swift Potion"},{"floor":22,"key":"EntropicBrew"},{"floor":25,"key":"AttackPotion"},{"floor":27,"key":"Ancient Potion"},{"floor":38,"key":"Fire Potion"}],"is_trial":false,"path_per_floor":["M","?","M","M","$","E","M","M","T","R","E","M","$","?","R","B",null,"M","M","M","?","M","R","M","E","T","M","R","?","R","$","R","B",null,"M","M","?","M","$","R","M","M","T","E","R","$","M","$","R","B",null],"character_chosen":"DEFECT","items_purchased":["Membership Card","FTL","Hologram","OrangePellets","Happy Flower","Coolheaded","Incense Burner","Bag of Marbles"],"campfire_rested":2,"item_purchase_floors":[5,13,13,31,39,39,48,48],"current_hp_per_floor":[80,77,76,76,76,45,40,39,39,39,17,12,12,12,49,29,76,76,76,69,69,62,62,62,53,53,44,44,44,44,44,76,76,76,76,76,76,76,76,76,75,75,75,75,75,75,75,75,75,45],"gold":388,"neow_bonus":"BOSS_RELIC","is_daily":false,"chose_seed":false,"campfire_upgraded":7,"win_rate":0.0,"timestamp":1608164401,"path_taken":["M","?","M","M","$","E","M","M","T","R","E","M","$","?","R","BOSS","M","M","M","?","M","R","M","E","T","M","R","?","R","$","R","BOSS","M","M","?","M","$","R","M","M","T","E","R","$","M","$","R","BOSS"],"items_purchased_type":["Relic","Card","Card","Relic","Relic","Card","Relic","Relic"],"build_version":"2020-12-13","purchased_purges":4,"victory":true,"max_hp_per_floor":[82,82,82,82,82,82,82,82,82,82,82,82,82,76,76,76,76,76,76,76,76,76,76,76,76,76,76,76,76,76,76,76,76,76,76,76,76,76,76,76,76,76,76,76,76,76,76,76,76,76],"relic_stats":{"OrangePellets":[11],"Regal Pillow":25,"Happy Flower":[10],"counters":[25,131],"Bag of Preparation":[42],"Kunai":[76],"Smiling Mask":38,"obtain_stats":[{"Regal Pillow":9,"Lantern":43,"Happy Flower":39,"Golden Idol":14,"SacredBark":34,"Vajra":11,"Bag of Preparation":6,"Incense Burner":48,"Bottled Tornado":44,"Smiling Mask":26,"Calling Bell":0,"Du-Vu Doll":0,"OrangePellets":31,"Strawberry":0,"Molten Egg 2":21,"Bag of Marbles":48,"Kunai":0,"Membership Card":5,"Cracked Core":0,"TungstenRod":2,"Unceasing Top":25,"Runic Pyramid":17},{"Regal Pillow":6,"Lantern":22,"Happy Flower":20,"Golden Idol":8,"SacredBark":17,"Vajra":7,"Bag of Preparation":4,"Incense Burner":24,"Bottled Tornado":23,"Smiling Mask":15,"Calling Bell":0,"Du-Vu Doll":0,"OrangePellets":16,"Strawberry":0,"Molten Egg 2":12,"Bag of Marbles":24,"Kunai":0,"Membership Card":3,"Cracked Core":0,"TungstenRod":1,"Unceasing Top":15,"Runic Pyramid":9},{"Regal Pillow":26,"Lantern":109,"Happy Flower":99,"Golden Idol":35,"SacredBark":88,"Vajra":31,"Bag of Preparation":16,"Incense Burner":122,"Bottled Tornado":118,"Smiling Mask":73,"Calling Bell":0,"Du-Vu Doll":0,"OrangePellets":78,"Strawberry":0,"Molten Egg 2":59,"Bag of Marbles":122,"Kunai":0,"Membership Card":11,"Cracked Core":0,"TungstenRod":4,"Unceasing Top":73,"Runic Pyramid":46}],"TungstenRod":31,"Unceasing Top":[0]},"card_choices":[{"not_picked":["Compile Driver","Reprogram"],"picked":"Gash","floor":1.0},{"not_picked":["Reinforced Body","Capacitor"],"picked":"Melter","floor":3.0},{"not_picked":["Redo","Stack"],"picked":"Gash","floor":4.0},{"not_picked":["Redo","Beam Cell"],"picked":"Cold Snap","floor":6.0},{"not_picked":["Barrage","Rainbow","Blizzard"],"picked":"SKIP","floor":7.0},{"not_picked":["White Noise","Coolheaded"],"picked":"Hologram","floor":8.0},{"not_picked":["Rainbow","Scrape"],"picked":"Genetic Algorithm","floor":11},{"not_picked":["Redo","Hello World"],"picked":"Steam","floor":12},{"not_picked":["Creative AI","Core Surge"],"picked":"Biased Cognition","floor":16},{"not_picked":["Leap","Sweeping Beam"],"picked":"Capacitor","floor":18},{"not_picked":["Sweeping Beam","Force Field"],"picked":"Beam Cell+1","floor":19},{"not_picked":["Electrodynamics","Static Discharge","Beam Cell+1"],"picked":"SKIP","floor":20},{"not_picked":["Rebound+1","Streamline+1","Scrape+1"],"picked":"SKIP","floor":22},{"not_picked":["Ball Lightning+1","Leap"],"picked":"Turbo","floor":24},{"not_picked":["Lockon+1","Barrage+1","Go for the Eyes+1"],"picked":"SKIP","floor":25},{"not_picked":["Amplify","Go for the Eyes+1"],"picked":"Conserve Battery","floor":27},{"not_picked":["Meteor Strike+1","Creative AI"],"picked":"Echo Form","floor":33},{"not_picked":["Undo+1","Turbo+1"],"picked":"Barrage+1","floor":35},{"not_picked":["Beam Cell+1","Steam Power+1","Leap+1"],"picked":"SKIP","floor":36},{"not_picked":["Sweeping Beam+1","Hologram+1"],"picked":"Defragment+1","floor":38},{"not_picked":["Streamline+1","Compile Driver+1","Lockon+1"],"picked":"SKIP","floor":41},{"not_picked":["Barrage+1","Storm+1"],"picked":"Defragment+1","floor":42},{"not_picked":["Streamline+1","Ball Lightning+1","Doom and Gloom+1"],"picked":"SKIP","floor":44},{"not_picked":["Rebound+1","Hologram+1"],"picked":"Loop+1","floor":47}],"player_experience":60636,"relics_obtained":[{"floor":0.0,"key":"Strawberry"},{"floor":0.0,"key":"Kunai"},{"floor":0.0,"key":"Du-Vu Doll"},{"floor":6.0,"key":"Bag of Preparation"},{"floor":9.0,"key":"Regal Pillow"},{"floor":11,"key":"Vajra"},{"floor":25,"key":"Unceasing Top"},{"floor":26,"key":"Smiling Mask"},{"floor":43,"key":"Lantern"},{"floor":44,"key":"Bottled Tornado"}],"event_choices":[{"damage_healed":0.0,"max_hp_gain":0.0,"max_hp_loss":0.0,"gold_gain":0.0,"event_name":"Scrap Ooze","player_choice":"Success","floor":2.0,"gold_loss":0.0,"damage_taken":3.0,"relics_obtained":["TungstenRod"]},{"damage_healed":0,"gold_gain":0,"player_choice":"Lose Max HP","damage_taken":0,"relics_obtained":["Golden Idol"],"max_hp_gain":0,"max_hp_loss":6,"event_name":"Golden Idol","floor":14,"gold_loss":0},{"damage_healed":0,"gold_gain":0,"player_choice":"Opened","damage_taken":0,"relics_obtained":["Molten Egg 2"],"max_hp_gain":0,"max_hp_loss":0,"event_name":"The Mausoleum","floor":21,"gold_loss":0},{"damage_healed":0,"gold_gain":0,"cards_transformed":["Zap","Dualcast"],"player_choice":"Became Test Subject","damage_taken":0,"max_hp_gain":0,"max_hp_loss":0,"event_name":"Drug Dealer","floor":29,"gold_loss":0,"cards_obtained":["All For One","Storm"]},{"damage_healed":0,"gold_gain":333,"player_choice":"Gave Idol","damage_taken":0,"max_hp_gain":0,"max_hp_loss":0,"event_name":"The Moai Head","floor":37,"relics_lost":["Golden Idol"],"gold_loss":0}],"is_beta":false,"boss_relics":[{"not_picked":["Tiny House","Astrolabe"],"picked":"Runic Pyramid"},{"not_picked":["Runic Dome","Empty Cage"],"picked":"SacredBark"}],"items_purged_floors":[13,31,39,48],"is_endless":false,"potions_floor_spawned":[1,3,11,12,18,22,25,27,35,38,41,44],"ascension_level":3}}