{"host":"qoai0zeca0j4yswu","time":1608186835,"event":{"mods":["BaseMod","Minty Spire (QoL Compilation)","StSLib","The Animator"],"gold_per_floor":[116,116,191,191,210,210,225,249,249,293,468,468,468,468,468,468,468],"floor_reached":16,"playtime":1114,"items_purged":[],"score":98,"play_id":"97c5c8e9-1603-4515-9a8b-86fe55780b34","local_time":"20201216223355","is_ascension_mode":false,"campfire_choices":[{"floor":6,"key":"REST"},{"data":"animator:MamiTomoe","floor":12,"key":"SMITH"},{"data":"animator:Kazuma","floor":15,"key":"SMITH"}],"circlet_count":0,"master_deck":["animator:Strike_Konosuba","animator:Defend_Konosuba","animator:Strike","animator:Strike","animator:Strike","animator:Defend","animator:Defend","animator:Defend","animator:Kazuma+1","animator:Aqua","animator:MamiTomoe+1","animator:Aqua"],"relics":["animator:LivingPicture","animator:TheMissingPiece","NeowsBlessing","Golden Idol","Bottled Flame","Art of War"],"acts_visited":["Exordium"],"potions_floor_usage":[],"damage_taken":[{"damage":0,"enemies":"2 Louse","floor":1,"turns":1},{"damage":0,"enemies":"Small Slimes","floor":5,"turns":1},{"damage":0,"enemies":"Cultist","floor":7,"turns":1},{"damage":5,"enemies":"2 Fungi Beasts","floor":8,"turns":4},{"damage":19,"enemies":"3 Sentries","floor":10,"turns":12},{"damage":71,"enemies":"Slime Boss","floor":16,"turns":11}],"seed_played":"2353465814665261817","potions_obtained":[{"floor":1,"key":"Ancient Potion"},{"floor":4,"key":"EssenceOfSteel"},{"floor":4,"key":"Strength Potion"}],"is_trial":false,"path_per_floor":["M","?","?","?","M","R","M","M","T","E","?","R","?","?","R","B"],"character_chosen":"THE_ANIMATOR","items_purchased":[],"campfire_rested":1,"item_purchase_floors":[],"current_hp_per_floor":[66,50,39,39,41,60,60,57,57,42,42,42,64,64,64,0,0],"gold":468,"neow_bonus":"THREE_ENEMY_KILL","is_daily":false,"chose_seed":false,"campfire_upgraded":2,"win_rate":0.0,"timestamp":1608186835,"path_taken":["M","?","?","?","?","R","M","M","T","E","?","R","?","?","R","BOSS"],"items_purchased_type":[],"build_version":"2020-12-13","purchased_purges":0,"victory":false,"max_hp_per_floor":[66,66,66,66,66,66,66,66,66,66,66,66,66,66,66,66,66],"card_choices":[{"not_picked":["animator:SuzuneAmano","animator:Assassin"],"picked":"animator:MamiTomoe","floor":1},{"not_picked":["animator:DwarfShaman","animator:Shion","animator:YachiyoNanami"],"picked":"SKIP","floor":5},{"not_picked":["animator:Gluttony","animator:CowGirl","animator:Alexander"],"picked":"SKIP","floor":7},{"not_picked":["animator:Darkness","animator:Verdia"],"picked":"animator:Aqua","floor":8},{"not_picked":["animator:Sloth","animator:MaesHughes","animator:Shuna"],"picked":"SKIP","floor":10}],"player_experience":663008,"relics_obtained":[{"floor":9,"key":"Bottled Flame"},{"floor":10,"key":"Art of War"}],"event_choices":[{"damage_healed":0,"gold_gain":0,"player_choice":"Take Damage","damage_taken":16,"relics_obtained":["Golden Idol"],"max_hp_gain":0,"max_hp_loss":0,"event_name":"Golden Idol","floor":2,"gold_loss":0},{"damage_healed":0,"gold_gain":75,"player_choice":"Gather Gold","damage_taken":11,"max_hp_gain":0,"max_hp_loss":0,"event_name":"World of Goop","floor":3,"gold_loss":0},{"damage_healed":0,"gold_gain":0,"player_choice":"Got Potions","damage_taken":0,"max_hp_gain":0,"max_hp_loss":0,"event_name":"Lab","floor":4,"gold_loss":0},{"damage_healed":0,"gold_gain":175,"player_choice":"AGREE","damage_taken":0,"max_hp_gain":0,"max_hp_loss":0,"event_name":"Liars Game","floor":11,"gold_loss":0,"cards_obtained":["Doubt"]},{"damage_healed":22,"gold_gain":0,"player_choice":"Banana","damage_taken":0,"max_hp_gain":0,"max_hp_loss":0,"event_name":"Big Fish","floor":13,"gold_loss":0},{"cards_removed":["Doubt"],"damage_healed":0,"gold_gain":0,"player_choice":"Forget","damage_taken":0,"max_hp_gain":0,"max_hp_loss":0,"event_name":"Living Wall","floor":14,"gold_loss":0}],"is_beta":false,"boss_relics":[],"items_purged_floors":[],"is_endless":false,"potions_floor_spawned":[1,5,10],"killed_by":"Slime Boss","ascension_level":0}}