{"host":"p245q48pmopyklqs","time":1608179241,"event":{"mods":["AchievementEnabler","BaseMod","DeckTracker","Minty Spire (QoL Compilation)","Relic Stats","StSLib","SuperFastMode"],"gold_per_floor":[118,138,149,168,179,179,179,179],"floor_reached":7,"playtime":223,"items_purged":[],"score":90,"play_id":"32310388-36a7-4f66-8cb7-a2287aeeae4e","local_time":"20201217132721","is_ascension_mode":true,"campfire_choices":[{"data":"Multi-Cast","floor":6.0,"key":"SMITH"}],"circlet_count":0,"master_deck":["AscendersBane","Strike_B","Strike_B","Strike_B","Strike_B","Defend_B","Defend_B","Defend_B","Defend_B","Zap","Dualcast","Multi-Cast+1","Streamline","Turbo","Cold Snap","Double Energy"],"relics":["Cracked Core"],"acts_visited":["Exordium"],"potions_floor_usage":[7],"damage_taken":[{"damage":9.0,"enemies":"Jaw Worm","floor":1.0,"turns":4.0},{"damage":1.0,"enemies":"Cultist","floor":2.0,"turns":3.0},{"damage":0.0,"enemies":"2 Louse","floor":3.0,"turns":1.0},{"damage":8.0,"enemies":"Large Slime","floor":4.0,"turns":5.0},{"damage":14.0,"enemies":"2 Fungi Beasts","floor":5.0,"turns":4.0},{"damage":15,"enemies":"3 Sentries","floor":7,"turns":2}],"seed_played":"3294903802793475394","potions_obtained":[{"floor":4.0,"key":"Strength Potion"},{"floor":5.0,"key":"EssenceOfDarkness"}],"is_trial":false,"path_per_floor":["M","M","M","M","M","R","E"],"character_chosen":"DEFECT","items_purchased":[],"campfire_rested":0,"item_purchase_floors":[],"current_hp_per_floor":[37,36,36,28,14,14,0,0],"gold":179,"neow_bonus":"THREE_RARE_CARDS","is_daily":false,"chose_seed":false,"campfire_upgraded":1,"win_rate":0.0,"timestamp":1608179241,"path_taken":["M","M","M","M","M","R","E"],"items_purchased_type":[],"build_version":"2020-12-13","purchased_purges":0,"victory":false,"max_hp_per_floor":[71,71,71,71,71,71,71,71],"relic_stats":{"counters":[6,19],"obtain_stats":[{"Cracked Core":0},{"Cracked Core":0},{"Cracked Core":0}]},"card_choices":[{"not_picked":["Rainbow","Meteor Strike"],"picked":"Multi-Cast","floor":0.0},{"not_picked":["Gash","Doom and Gloom"],"picked":"Streamline","floor":1.0},{"not_picked":["Cold Snap","Redo"],"picked":"Turbo","floor":2.0},{"not_picked":["Gash","Sweeping Beam"],"picked":"Cold Snap","floor":3.0},{"not_picked":["Fusion","Beam Cell","Blizzard"],"picked":"SKIP","floor":4.0},{"not_picked":["Go for the Eyes","Heatsinks"],"picked":"Double Energy","floor":5.0}],"player_experience":2290842,"relics_obtained":[],"event_choices":[],"is_beta":false,"boss_relics":[],"items_purged_floors":[],"is_endless":false,"potions_floor_spawned":[4,5],"killed_by":"3 Sentries","ascension_level":20}}