{"host":"wrp3mzqnpgxvyzn2","time":1608187477,"event":{"mods":["BaseMod","Minty Spire (QoL Compilation)"],"gold_per_floor":[113,129,129,57,57,57,90,106,106,119,136,149,179,196,196,291,291,311,328,159,159,174,201,213,229,276,191,223,223,223,235,235,330,330,344,344,344,344,360,395,415,415,415,415,415,158,33,45,45,45,45],"floor_reached":50,"playtime":2352,"items_purged":["Strike_G","Strike_G","Strike_G"],"score":574,"play_id":"ade47e0c-b459-44ed-9ef7-e31d3f8bcb0e","local_time":"20201217014437","is_ascension_mode":false,"campfire_choices":[{"data":"Neutralize","floor":6,"key":"SMITH"},{"data":"Survivor","floor":15,"key":"SMITH"},{"data":"Blade Dance","floor":29,"key":"SMITH"},{"floor":32,"key":"REST"},{"data":"A Thousand Cuts","floor":42,"key":"SMITH"},{"floor":44,"key":"REST"},{"floor":49,"key":"RECALL"}],"circlet_count":0,"master_deck":["Strike_G","Defend_G","Defend_G","Defend_G","Defend_G","Defend_G","Survivor+1","Neutralize+1","Accuracy","Poisoned Stab","Accuracy","Finisher","Deadly Poison","Deadly Poison","Storm of Steel","Backflip+1","Blade Dance+1","Footwork","Footwork","A Thousand Cuts+1","Infinite Blades"],"relics":["Ring of the Snake","NeowsBlessing","Pear","CaptainsWheel","TungstenRod","WristBlade","Enchiridion","Dream Catcher","Bronze Scales","Calipers","Pocketwatch","Sozu","Tough Bandages","Nunchaku"],"acts_visited":["Exordium","TheCity","TheBeyond"],"potions_floor_usage":[16,22,23,23,31,50],"damage_taken":[{"damage":0,"enemies":"Cultist","floor":1,"turns":1},{"damage":0,"enemies":"2 Louse","floor":2,"turns":1},{"damage":0,"enemies":"Lagavulin","floor":7,"turns":1},{"damage":5,"enemies":"Small Slimes","floor":8,"turns":5},{"damage":3,"enemies":"Exordium Wildlife","floor":10,"turns":5},{"damage":5,"enemies":"2 Fungi Beasts","floor":11,"turns":5},{"damage":0,"enemies":"Looter","floor":12,"turns":4},{"damage":32,"enemies":"Gremlin Nob","floor":13,"turns":6},{"damage":0,"enemies":"Exordium Wildlife","floor":14,"turns":6},{"damage":25,"enemies":"Hexaghost","floor":16,"turns":11},{"damage":3,"enemies":"3 Byrds","floor":18,"turns":6},{"damage":0,"enemies":"Spheric Guardian","floor":19,"turns":1},{"damage":0,"enemies":"Centurion and Healer","floor":22,"turns":2},{"damage":13,"enemies":"Slavers","floor":23,"turns":5},{"damage":5,"enemies":"3 Cultists","floor":24,"turns":5},{"damage":10,"enemies":"Snecko","floor":25,"turns":4},{"damage":0,"enemies":"Book of Stabbing","floor":28,"turns":4},{"damage":13,"enemies":"Snake Plant","floor":31,"turns":2},{"damage":47,"enemies":"Collector","floor":33,"turns":8},{"damage":0,"enemies":"Orb Walker","floor":35,"turns":2},{"damage":0,"enemies":"3 Shapes","floor":39,"turns":5},{"damage":30,"enemies":"Nemesis","floor":40,"turns":7},{"damage":15,"enemies":"Transient","floor":41,"turns":5},{"damage":15,"enemies":"Writhing Mass","floor":48,"turns":7},{"damage":66,"enemies":"Awakened One","floor":50,"turns":8}],"seed_played":"4216397366087821418","potions_obtained":[{"floor":1,"key":"ColorlessPotion"},{"floor":7,"key":"Weak Potion"},{"floor":8,"key":"Poison Potion"},{"floor":10,"key":"Block Potion"},{"floor":18,"key":"Swift Potion"},{"floor":22,"key":"DistilledChaos"},{"floor":33,"key":"FearPotion"}],"is_trial":false,"path_per_floor":["M","M","?","$","?","R","E","M","T","M","M","M","E","M","R","B",null,"M","M","$","?","M","E","M","M","T","?","E","R","?","M","R","B",null,"M","?","?","?","M","E","M","R","T","R","?","$","$","M","R","B"],"character_chosen":"THE_SILENT","items_purchased":["Accuracy","Blade Dance","Footwork","Nunchaku"],"campfire_rested":2,"item_purchase_floors":[4,20,20,46],"current_hp_per_floor":[70,70,70,70,75,75,85,80,80,77,72,72,40,40,40,15,85,82,82,82,70,70,57,52,42,42,42,42,42,42,29,54,7,85,85,85,85,81,81,51,36,36,36,60,60,60,60,45,45,0,0],"gold":45,"neow_bonus":"THREE_ENEMY_KILL","is_daily":false,"chose_seed":false,"campfire_upgraded":4,"win_rate":0.0,"timestamp":1608187477,"path_taken":["M","?","?","?","?","R","E","M","T","?","M","M","E","M","R","BOSS","M","M","$","?","M","E","M","M","T","?","E","R","?","M","R","BOSS","M","?","?","?","M","E","M","R","T","R","?","?","$","M","R","BOSS"],"items_purchased_type":["Card","Card","Card","Relic"],"build_version":"2020-12-13","purchased_purges":3,"victory":false,"max_hp_per_floor":[70,70,70,70,75,75,85,85,85,85,85,85,85,85,85,85,85,85,85,85,85,85,85,85,85,85,85,85,85,85,85,85,85,85,85,85,85,81,81,81,81,81,81,81,81,81,81,81,81,81,81],"card_choices":[{"not_picked":["Poisoned Stab","Dagger Spray"],"picked":"Accuracy","floor":1},{"not_picked":["Quick Slash","Flying Knee"],"picked":"Poisoned Stab","floor":2},{"not_picked":["Terror","Skewer","Masterful Stab"],"picked":"SKIP","floor":7},{"not_picked":["Sucker Punch","Catalyst","Well Laid Plans"],"picked":"SKIP","floor":8},{"not_picked":["Underhanded Strike","Distraction","Slice"],"picked":"SKIP","floor":10},{"not_picked":["Dodge and Roll","Riddle With Holes","Deflect"],"picked":"SKIP","floor":11},{"not_picked":["Night Terror","Accuracy"],"picked":"Finisher","floor":12},{"not_picked":["Catalyst","Endless Agony"],"picked":"Deadly Poison","floor":13},{"not_picked":["Sucker Punch","Distraction"],"picked":"Deadly Poison","floor":14},{"not_picked":["Unload","Die Die Die"],"picked":"Storm of Steel","floor":16},{"not_picked":["Slice","Endless Agony","Calculated Gamble"],"picked":"SKIP","floor":18},{"not_picked":["Acrobatics","Crippling Poison"],"picked":"Backflip+1","floor":19},{"not_picked":["Accuracy","Poisoned Stab"],"picked":"Footwork","floor":22},{"not_picked":["Acrobatics","Distraction","Dagger Throw"],"picked":"SKIP","floor":23},{"not_picked":["Predator+1","Terror","Dagger Spray"],"picked":"SKIP","floor":24},{"not_picked":["Flying Knee","Poisoned Stab","Deflect"],"picked":"SKIP","floor":25},{"not_picked":["Accuracy","Backflip","Prepared"],"picked":"SKIP","floor":28},{"not_picked":["Expertise+1","Predator","Sucker Punch"],"picked":"SKIP","floor":31},{"not_picked":["Malaise","Corpse Explosion"],"picked":"A Thousand Cuts","floor":33},{"not_picked":["Prepared+1","Quick Slash+1"],"picked":"Infinite Blades","floor":35},{"not_picked":["Dagger Spray+1","Tactician","Acrobatics"],"picked":"SKIP","floor":39},{"not_picked":["Deadly Poison","Flying Knee","Backflip+1"],"picked":"SKIP","floor":40},{"not_picked":["Terror","Accuracy+1","Blade Dance+1"],"picked":"SKIP","floor":41},{"not_picked":["Bane","Accuracy+1","Setup"],"picked":"SKIP","floor":48}],"player_experience":152850,"relics_obtained":[{"floor":7,"key":"Pear"},{"floor":9,"key":"CaptainsWheel"},{"floor":13,"key":"TungstenRod"},{"floor":21,"key":"Enchiridion"},{"floor":23,"key":"Dream Catcher"},{"floor":26,"key":"Bronze Scales"},{"floor":28,"key":"Pocketwatch"},{"floor":40,"key":"Tough Bandages"}],"event_choices":[{"cards_removed":["Strike_G"],"damage_healed":0,"gold_gain":0,"player_choice":"Card Removal","damage_taken":0,"max_hp_gain":0,"max_hp_loss":0,"event_name":"Wheel of Change","floor":3,"gold_loss":0},{"damage_healed":0,"gold_gain":0,"player_choice":"Donut","damage_taken":0,"max_hp_gain":5,"max_hp_loss":0,"event_name":"Big Fish","floor":5,"gold_loss":0},{"damage_healed":0,"gold_gain":0,"player_choice":"Obtained Book","damage_taken":16,"max_hp_gain":0,"max_hp_loss":0,"event_name":"Cursed Tome","floor":21,"gold_loss":0},{"damage_healed":0,"gold_gain":0,"player_choice":"Obtained Relic","damage_taken":0,"relics_obtained":["Calipers"],"max_hp_gain":0,"max_hp_loss":0,"event_name":"Addict","floor":27,"gold_loss":85},{"damage_healed":0,"gold_gain":0,"player_choice":"Ignored","damage_taken":0,"max_hp_gain":0,"max_hp_loss":0,"event_name":"Ghosts","floor":30,"gold_loss":0},{"damage_healed":0,"gold_gain":0,"player_choice":"Ignored","damage_taken":0,"max_hp_gain":0,"max_hp_loss":0,"event_name":"Tomb of Lord Red Mask","floor":36,"gold_loss":0},{"damage_healed":0,"gold_gain":0,"player_choice":"Memory 1","damage_taken":0,"max_hp_gain":0,"max_hp_loss":0,"event_name":"SensoryStone","floor":37,"gold_loss":0},{"damage_healed":0,"gold_gain":0,"player_choice":"Max HP","damage_taken":0,"max_hp_gain":0,"max_hp_loss":4,"event_name":"Winding Halls","floor":38,"gold_loss":0},{"damage_healed":0,"gold_gain":0,"player_choice":"Ignored","damage_taken":0,"max_hp_gain":0,"max_hp_loss":0,"event_name":"Mysterious Sphere","floor":45,"gold_loss":0}],"is_beta":false,"boss_relics":[{"not_picked":["Calling Bell","Pandora\u0027s Box"],"picked":"WristBlade"},{"not_picked":["Ring of the Serpent","Runic Pyramid"],"picked":"Sozu"}],"items_purged_floors":[20,46,47],"is_endless":false,"potions_floor_spawned":[1,7,8,10,12,14,18,19,22,33,39,40],"killed_by":"Awakened One","ascension_level":0}}