{"host":"w01zow3jg16g8jdh","time":1608205551,"event":{"mods":["AchievementEnabler","BaseMod","DeckTracker","Keyboard Shortcuts","Minty Spire (QoL Compilation)","Permanent Neow","StSLib","SuperFastMode"],"gold_per_floor":[116,127,141,155,175,175,254,281,307,307,324,358,74,101,113,196,208,239,301,313,342,370,382,382],"floor_reached":23,"playtime":559,"items_purged":[],"score":456,"play_id":"7e957cdf-5440-4d2a-b5fa-fde40678d27e","local_time":"20201217204551","is_ascension_mode":true,"campfire_choices":[{"data":"Zap","floor":6.0,"key":"SMITH"},{"data":"Defragment","floor":10.0,"key":"SMITH"},{"floor":15.0,"key":"REST"}],"circlet_count":0,"master_deck":["AscendersBane","Strike_B","Strike_B","Strike_B","Defend_B","Defend_B","Defend_B","Zap+1","Dualcast","Self Repair","Melter","Sweeping Beam","Darkness","Defragment+1","All For One","White Noise","Conserve Battery","Reinforced Body","Capacitor","Compile Driver","Hologram","Coolheaded","Undo"],"relics":["Cracked Core","Odd Mushroom","Bag of Preparation","Nunchaku","Eternal Feather","MawBank","SlaversCollar"],"acts_visited":["Exordium","TheCity"],"potions_floor_usage":[23,23,23],"damage_taken":[{"damage":7.0,"enemies":"Jaw Worm","floor":1.0,"turns":3.0},{"damage":2.0,"enemies":"2 Louse","floor":2.0,"turns":2.0},{"damage":12.0,"enemies":"Cultist","floor":3.0,"turns":4.0},{"damage":12.0,"enemies":"Looter","floor":4.0,"turns":4.0},{"damage":21.0,"enemies":"3 Louse","floor":5.0,"turns":2.0},{"damage":10.0,"enemies":"The Mushroom Lair","floor":8.0,"turns":3.0},{"damage":0.0,"enemies":"Large Slime","floor":11.0,"turns":3.0},{"damage":0.0,"enemies":"Gremlin Nob","floor":12.0,"turns":2.0},{"damage":28.0,"enemies":"3 Sentries","floor":14.0,"turns":5.0},{"damage":22.0,"enemies":"The Guardian","floor":16.0,"turns":10.0},{"damage":30.0,"enemies":"Shell Parasite","floor":18.0,"turns":6.0},{"damage":0.0,"enemies":"Spheric Guardian","floor":21.0,"turns":1.0},{"damage":29,"enemies":"Centurion and Healer","floor":22,"turns":8},{"damage":46,"enemies":"Slavers","floor":23,"turns":4}],"seed_played":"6939525178959768718","potions_obtained":[{"floor":1.0,"key":"Dexterity Potion"},{"floor":4.0,"key":"Fire Potion"},{"floor":8.0,"key":"DistilledChaos"},{"floor":16.0,"key":"SneckoOil"},{"floor":18.0,"key":"CultistPotion"},{"floor":20.0,"key":"EntropicBrew"},{"floor":21.0,"key":"FairyPotion"}],"is_trial":false,"path_per_floor":["M","M","M","M","M","R","?","?","T","R","M","E","$","E","R","B",null,"M","?","?","M","M","E"],"character_chosen":"DEFECT","items_purchased":["Eternal Feather"],"campfire_rested":1,"item_purchase_floors":[13],"current_hp_per_floor":[64,62,57,52,38,38,38,35,35,35,35,35,35,7,38,23,54,31,31,31,31,9,0,0],"gold":382,"neow_bonus":"TRANSFORM_TWO_CARDS","is_daily":false,"chose_seed":false,"campfire_upgraded":2,"win_rate":0.0,"timestamp":1608205551,"path_taken":["M","M","M","M","M","R","?","?","T","R","M","E","?","E","R","BOSS","M","?","?","?","M","E"],"items_purchased_type":["Relic"],"build_version":"2020-12-13","purchased_purges":0,"victory":false,"max_hp_per_floor":[64,64,64,64,64,64,64,64,64,64,64,64,64,64,64,64,64,64,64,64,64,64,64,64],"card_choices":[{"not_picked":["White Noise","Streamline"],"picked":"Sweeping Beam","floor":1.0},{"not_picked":["Blizzard","Compile Driver"],"picked":"Darkness","floor":2.0},{"not_picked":["Gash","Go for the Eyes"],"picked":"Defragment","floor":3.0},{"not_picked":["Rebound","Gash"],"picked":"All For One","floor":4.0},{"not_picked":["Rip and Tear","Sweeping Beam"],"picked":"White Noise","floor":5.0},{"not_picked":["Streamline","Cold Snap"],"picked":"Conserve Battery","floor":8.0},{"not_picked":["Steam Power","Cold Snap"],"picked":"Reinforced Body","floor":11.0},{"not_picked":["Fission","Tempest"],"picked":"Capacitor","floor":12.0},{"not_picked":["Darkness","Rebound"],"picked":"Compile Driver","floor":14.0},{"not_picked":["Streamline","Darkness"],"picked":"Hologram","floor":18.0},{"not_picked":["Gash","Lockon"],"picked":"Coolheaded","floor":21.0},{"not_picked":["Reprogram","Multi-Cast"],"picked":"Undo","floor":22}],"player_experience":287983,"relics_obtained":[{"floor":8.0,"key":"Odd Mushroom"},{"floor":9.0,"key":"Bag of Preparation"},{"floor":12.0,"key":"Nunchaku"},{"floor":14.0,"key":"MawBank"}],"event_choices":[{"damage_healed":0.0,"max_hp_gain":0.0,"max_hp_loss":0.0,"gold_gain":79.0,"event_name":"Golden Wing","player_choice":"Gained Gold","floor":7.0,"gold_loss":0.0,"damage_taken":0.0},{"damage_healed":0.0,"max_hp_gain":0.0,"max_hp_loss":0.0,"gold_gain":0.0,"event_name":"Mushrooms","player_choice":"Fought Mushrooms","floor":8.0,"gold_loss":0.0,"damage_taken":0.0},{"damage_healed":0.0,"max_hp_gain":0.0,"max_hp_loss":0.0,"gold_gain":50.0,"event_name":"Nest","player_choice":"Stole From Cult","floor":19.0,"gold_loss":0.0,"damage_taken":0.0},{"damage_healed":0.0,"max_hp_gain":0.0,"max_hp_loss":0.0,"gold_gain":0.0,"event_name":"Lab","player_choice":"Got Potions","floor":20.0,"gold_loss":0.0,"damage_taken":0.0}],"is_beta":false,"boss_relics":[{"not_picked":["Fusion Hammer","Snecko Eye"],"picked":"SlaversCollar"}],"items_purged_floors":[],"is_endless":false,"potions_floor_spawned":[1,4,8,16,18,21],"killed_by":"Slavers","ascension_level":20}}