{"host":"Soul","time":1608222768,"event":{"mods":["Act Like it!","BaseMod","Lobotomy","Minty Spire (QoL Compilation)","StSLib"],"gold_per_floor":[115,115,98856,98856,98867,98901,98901,98911,98934,98174,98174,98194,98194,98211,98211,98309,98309,98323,98336,98351,98367,98277,98277,98288,97299,97299,97311,96981,96981,96997,97014,97014,97118,97118,97131,97141,97141,97153,97173,97192,97192,96780,96780,96797,96797,96464,96464,96464,96464,96464,96464],"floor_reached":50,"playtime":2712,"items_purged":["Strike_R","Murderer","LittlePrince","Strike_R","Writhe","Bash"],"score":598,"play_id":"0a5e3f50-7ba6-4fe1-8232-d0388d15e9a5","local_time":"20201218003248","is_ascension_mode":false,"campfire_choices":[{"data":"Armaments","floor":7,"key":"SMITH"},{"data":"Offering","floor":13,"key":"SMITH"},{"data":"Inflame","floor":15,"key":"SMITH"},{"data":"Sword Boomerang","floor":23,"key":"SMITH"},{"data":"Inflame","floor":29,"key":"SMITH"},{"data":"Rupture","floor":32,"key":"SMITH"},{"data":"Mayhem","floor":47,"key":"SMITH"},{"floor":49,"key":"REST"}],"circlet_count":0,"master_deck":["WhiteNight","Strike_R","Strike_R","Strike_R","Defend_R+1","Defend_R","Defend_R","Defend_R+1","Twin Strike+1","PunishingBird","Inflame+1","Cleave","Offering+1","Armaments+1","DespairKnight","Thunderclap","Shrug It Off+1","Mercenary","Bloodletting","Inflame+1","Sword Boomerang+1","BigBird","FieryBird","HereticApostle","BlueStar","CrumblingArmor","GreedKing","Violence","Flex","Pummel","RedShoes","Inflame+1","OSAHOGD","Rupture+1","Brutality","BlackArmy","SilentOrchestra","CENSORED","LaLuna","Mayhem+1"],"relics":["Burning Blood","CogitoBucket","RabbitCall","Bird Faced Urn","Eternal Feather","Chemical X","Happy Flower","Bag of Marbles","Centennial Puzzle","Blood Vial","PreservedInsect","DollysMirror","AdjustmentMirror","Runic Cube","SkinProphecy","TungstenRod","Membership Card","Bottled Tornado","HandDrill","Bronze Scales","Toy Ornithopter","SlaversCollar","AtMidnight","FleshIdol","DeathAngel","MealTicket","TheAbacus","Bottled Lightning","Molten Egg 2","War Paint","Boot"],"acts_visited":["Exordium","TheCity","TheBeyond"],"potions_floor_usage":[6,10,10,21,35,41,41,41,50,50],"damage_taken":[{"damage":3,"enemies":"Small Slimes","floor":1,"turns":3},{"damage":9,"enemies":"2 Louse","floor":5,"turns":3},{"damage":22,"enemies":"Gremlin Nob","floor":6,"turns":3},{"damage":7,"enemies":"Jaw Worm","floor":8,"turns":3},{"damage":3,"enemies":"3 Louse","floor":12,"turns":4},{"damage":23,"enemies":"Blue Slaver","floor":14,"turns":2},{"damage":74,"enemies":"The Guardian","floor":16,"turns":6},{"damage":7,"enemies":"Chosen","floor":18,"turns":4},{"damage":6,"enemies":"Spheric Guardian","floor":19,"turns":2},{"damage":24,"enemies":"3 Cultists","floor":20,"turns":4},{"damage":27,"enemies":"Centurion and Healer","floor":21,"turns":2},{"damage":18,"enemies":"Chosen and Byrds","floor":24,"turns":4},{"damage":5,"enemies":"Sentry and Sphere","floor":27,"turns":3},{"damage":19,"enemies":"Snake Plant","floor":30,"turns":1},{"damage":9,"enemies":"Snecko","floor":31,"turns":3},{"damage":74,"enemies":"Automaton","floor":33,"turns":5},{"damage":121,"enemies":"3 Shapes","floor":35,"turns":6},{"damage":0,"enemies":"Orb Walker","floor":36,"turns":1},{"damage":42,"enemies":"3 Darklings","floor":38,"turns":4},{"damage":41,"enemies":"Spire Growth","floor":39,"turns":3},{"damage":20,"enemies":"Maw","floor":40,"turns":5},{"damage":270,"enemies":"Giant Head","floor":41,"turns":10},{"damage":0,"enemies":"3 Darklings","floor":44,"turns":5},{"damage":176,"enemies":"Time Eater","floor":50,"turns":4}],"seed_played":"4642933477503257369","potions_obtained":[{"floor":1,"key":"Explosive Potion"},{"floor":8,"key":"BloodPotion"},{"floor":24,"key":"BloodPotion"},{"floor":36,"key":"ColorlessPotion"},{"floor":41,"key":"SteroidPotion"}],"is_trial":false,"path_per_floor":["M","?","$","?","M","E","R","M","T","$","?","M","R","M","R","B",null,"M","M","M","M","?","R","M","$","T","M","$","R","M","M","R","B",null,"M","M","?","M","M","M","E","$","T","M","?","$","R","?","R","B"],"character_chosen":"IRONCLAD","items_purchased":["Inflame","Cleave","Offering","Bird Faced Urn","Eternal Feather","Chemical X","Energy Potion","Strength Potion","Armaments","Bloodletting","Blood Vial","PreservedInsect","DollysMirror","Fruit Juice","Weak Potion","Violence","Flex","Pummel","TungstenRod","Membership Card","Bottled Tornado","HandDrill","Bronze Scales","Toy Ornithopter","Inflame","MealTicket","TheAbacus","Bottled Lightning","PowerPotion","SkillPotion","War Paint","Boot","Mayhem"],"campfire_rested":1,"item_purchase_floors":[3,3,3,3,3,3,3,3,3,10,10,10,10,10,10,25,25,25,25,25,25,28,28,28,28,42,42,42,42,42,46,46,46],"current_hp_per_floor":[80,64,64,46,43,29,38,39,39,60,65,78,90,73,85,25,90,89,90,76,90,90,90,82,82,82,85,85,94,81,82,98,46,100,42,50,77,70,110,112,24,24,24,61,61,61,61,61,61,0,0],"gold":96464,"neow_bonus":"","is_daily":false,"chose_seed":false,"campfire_upgraded":7,"win_rate":0.0,"timestamp":1608222768,"path_taken":["M","?","$","?","M","E","R","M","T","$","?","M","R","M","R","BOSS","M","M","M","M","?","R","M","$","T","M","$","R","M","M","R","BOSS","M","M","?","M","M","M","E","$","T","M","?","$","R","?","R","BOSS"],"items_purchased_type":["Card","Card","Card","Relic","Relic","Relic","Potion","Potion","Card","Card","Relic","Relic","Relic","Potion","Potion","Card","Card","Card","Relic","Relic","Relic","Relic","Relic","Relic","Card","Relic","Relic","Relic","Potion","Potion","Relic","Relic","Card"],"build_version":"2020-12-07","purchased_purges":6,"victory":false,"max_hp_per_floor":[80,80,80,80,80,80,80,80,80,85,90,90,90,90,90,90,90,90,90,90,90,90,90,92,92,92,94,94,94,96,98,98,100,100,104,106,106,108,110,112,116,116,116,118,118,118,118,118,118,122,122],"card_choices":[{"not_picked":["Havoc","Infernal Blade"],"picked":"Twin Strike","floor":1},{"not_picked":["MeatLantern","FairyFestival","CherryBlossoms"],"picked":"Singing Bowl","floor":1},{"not_picked":["VoidDream","ShyLook"],"picked":"PunishingBird","floor":1},{"not_picked":["Alriune","MHz","Scorched"],"picked":"Singing Bowl","floor":5},{"not_picked":["Wellcheers","VoidDream"],"picked":"DespairKnight","floor":5},{"not_picked":["Wild Strike","Armaments","Headbutt"],"picked":"SKIP","floor":5},{"not_picked":["Wild Strike","Armaments","Headbutt"],"picked":"SKIP","floor":5},{"not_picked":["Wild Strike","Armaments","Headbutt"],"picked":"SKIP","floor":5},{"not_picked":["Sword Boomerang","Carnage"],"picked":"Thunderclap","floor":6},{"not_picked":["FairyFestival","UniverseFragment"],"picked":"Murderer","floor":6},{"not_picked":["Havoc","True Grit"],"picked":"Shrug It Off","floor":8},{"not_picked":["VoidDream","WallGazer"],"picked":"Mercenary","floor":8},{"not_picked":["Perfected Strike","Armaments"],"picked":"Sword Boomerang","floor":12},{"not_picked":["SingingMachine","FieryBird"],"picked":"BigBird","floor":12},{"not_picked":["SilentOrchestra","SnowQueen"],"picked":"FieryBird","floor":14},{"not_picked":["Power Through","True Grit","Feel No Pain"],"picked":"SKIP","floor":14},{"not_picked":["Power Through","True Grit","Feel No Pain"],"picked":"SKIP","floor":14},{"not_picked":["CherryBlossoms","HeroicMonk","WallGazer"],"picked":"Singing Bowl","floor":16},{"not_picked":["Scorched","ShyLook"],"picked":"BlackSwan","floor":16},{"not_picked":["Offering","Berserk"],"picked":"Reaper","floor":16},{"not_picked":["Scarecrow","LittleHelper","OldLady"],"picked":"Singing Bowl","floor":18},{"not_picked":["UniverseFragment","HappyTeddy"],"picked":"BlueStar","floor":18},{"not_picked":["Power Through","Dual Wield","Battle Trance"],"picked":"SKIP","floor":18},{"not_picked":["WhitesApple","SpiderBud"],"picked":"CrumblingArmor","floor":19},{"not_picked":["True Grit+1","Uppercut","Havoc"],"picked":"SKIP","floor":19},{"not_picked":["Variant","ShyLook"],"picked":"GreedKing","floor":20},{"not_picked":["Iron Wave","Havoc+1","Headbutt"],"picked":"SKIP","floor":20},{"not_picked":["MHz","CherryBlossoms","ShyLook"],"picked":"Singing Bowl","floor":21},{"not_picked":["Body Slam","Sever Soul","Shrug It Off"],"picked":"SKIP","floor":21},{"not_picked":["Variant","Scorched","FairyFestival"],"picked":"Singing Bowl","floor":24},{"not_picked":["FairyFestival","Scarecrow"],"picked":"LittlePrince","floor":24},{"not_picked":["Ghostly Armor","Battle Trance","Rampage"],"picked":"SKIP","floor":24},{"not_picked":["Ghostly Armor","Battle Trance","Rampage"],"picked":"SKIP","floor":24},{"not_picked":["QueenOfHatred","UniverseFragment"],"picked":"RedShoes","floor":27},{"not_picked":["Havoc","Warcry+1","Iron Wave+1"],"picked":"SKIP","floor":27},{"not_picked":["OldLady","NothingThere","QueenBee"],"picked":"Singing Bowl","floor":30},{"not_picked":["BlackSwan","NothingThere"],"picked":"OSAHOGD","floor":30},{"not_picked":["Rage","Blood for Blood","Clothesline+1"],"picked":"SKIP","floor":30},{"not_picked":["Rage","Blood for Blood","Clothesline+1"],"picked":"SKIP","floor":30},{"not_picked":["Thunderclap+1","Dark Embrace+1"],"picked":"Rupture","floor":31},{"not_picked":["SingingMachine","BodiesMountain","LittlePrince"],"picked":"Singing Bowl","floor":31},{"not_picked":["Juggernaut","Reaper"],"picked":"Brutality","floor":33},{"not_picked":["Woodsman","SnowQueen"],"picked":"BlackArmy","floor":33},{"not_picked":["Bloodbath","DreamingCurrent","LongBird"],"picked":"Singing Bowl","floor":35},{"not_picked":["Bloodbath","HeroicMonk"],"picked":"SilentOrchestra","floor":35},{"not_picked":["Flex","Havoc","Twin Strike+1"],"picked":"SKIP","floor":35},{"not_picked":["Funeral","Alriune","UniverseFragment"],"picked":"Singing Bowl","floor":36},{"not_picked":["Wellcheers","LongBird"],"picked":"CENSORED","floor":36},{"not_picked":["Perfected Strike+1","Seeing Red+1","Wild Strike+1"],"picked":"SKIP","floor":36},{"not_picked":["Variant","WallGazer","NakedNest"],"picked":"Singing Bowl","floor":38},{"not_picked":["CherryBlossoms","Yin"],"picked":"LaLuna","floor":38},{"not_picked":["Entrench","Bludgeon","Iron Wave"],"picked":"SKIP","floor":38},{"not_picked":["HeroicMonk","NothingThere","DreamingCurrent"],"picked":"Singing Bowl","floor":39},{"not_picked":["Shockwave","Headbutt","Evolve+1"],"picked":"SKIP","floor":39},{"not_picked":["UniverseFragment","Woodsman"],"picked":"WhiteNight","floor":40},{"not_picked":["Rage","Anger","Clothesline+1"],"picked":"SKIP","floor":40},{"not_picked":["Rage","Anger","Clothesline+1"],"picked":"SKIP","floor":40},{"not_picked":["SingingMachine","UniverseFragment","HappyTeddy"],"picked":"Singing Bowl","floor":41},{"not_picked":["FairyFestival","Bloodbath","ShyLook"],"picked":"Singing Bowl","floor":44},{"not_picked":["Pommel Strike+1","Second Wind+1","Twin Strike+1"],"picked":"SKIP","floor":44}],"player_experience":307503,"relics_obtained":[{"floor":6,"key":"Bag of Marbles"},{"floor":9,"key":"Centennial Puzzle"},{"floor":35,"key":"AtMidnight"},{"floor":41,"key":"DeathAngel"},{"floor":43,"key":"Molten Egg 2"}],"event_choices":[{"damage_healed":0,"gold_gain":0,"player_choice":"Entered Light","damage_taken":16,"max_hp_gain":0,"max_hp_loss":0,"event_name":"Shining Light","floor":2,"gold_loss":0,"cards_upgraded":["Twin Strike","Defend_R"]},{"damage_healed":0,"gold_gain":0,"player_choice":"Success","damage_taken":18,"relics_obtained":["Happy Flower"],"max_hp_gain":0,"max_hp_loss":0,"event_name":"Scrap Ooze","floor":4,"gold_loss":0},{"damage_healed":0,"gold_gain":0,"player_choice":"Donut","damage_taken":0,"max_hp_gain":5,"max_hp_loss":0,"event_name":"Big Fish","floor":11,"gold_loss":0},{"cards_removed":["BlackSwan"],"damage_healed":0,"gold_gain":0,"player_choice":"Upgrade and Remove","damage_taken":0,"max_hp_gain":0,"max_hp_loss":0,"event_name":"Designer","floor":22,"gold_loss":90,"cards_upgraded":["Inflame"]},{"damage_healed":27,"gold_gain":0,"player_choice":"Writhe","damage_taken":0,"max_hp_gain":0,"max_hp_loss":0,"event_name":"Winding Halls","floor":37,"gold_loss":0,"cards_obtained":["Writhe"]},{"damage_healed":0,"gold_gain":0,"player_choice":"Ignored","damage_taken":0,"max_hp_gain":0,"max_hp_loss":0,"event_name":"Tomb of Lord Red Mask","floor":45,"gold_loss":0},{"damage_healed":0,"gold_gain":0,"player_choice":"Memory 1","damage_taken":0,"max_hp_gain":0,"max_hp_loss":0,"event_name":"SensoryStone","floor":48,"gold_loss":0}],"is_beta":true,"boss_relics":[{"not_picked":["Snecko Eye","Busted Crown"],"picked":"Runic Cube"},{"not_picked":["Sozu","Runic Dome"],"picked":"SlaversCollar"}],"items_purged_floors":[3,10,25,28,42,46],"is_endless":false,"potions_floor_spawned":[1,8,12,16,20,24,31,33,36,39,41],"killed_by":"Time Eater","ascension_level":0}}