{"host":"y30n8hbqlqxhztg8","time":1608166357,"event":{"mods":["A Magickal Journey","AchievementEnabler","BaseMod","BetterRewards","Block Reminder","CatGirl Mod","Colored Map","Conspire","Downfall","GifTheSpireLib","Glutton Mod","Hubris","Infinite Spire","Koishi","Lobotomy","LobotomyExtend","Marisa????????","Minty Spire (QoL Compilation)","Prisma Mod","Replay The Spire","Shop Mod","Somnambulant","StSLib","Stuff the Spire","The Factory","The Forsaken","The Jungle","[IsaacMod]????"],"gold_per_floor":[114,129,129,129,140,169,169,201,201,214,224,224,399,324,324,425,425,439,439,439,452,452,452,478,498,498,254,254,32,32,59,59,160,160,173,173,50,50,61,61,61],"floor_reached":40,"playtime":8087,"items_purged":["Doubt"],"score":477,"play_id":"e36e5ab3-4409-497a-8274-87572a5540f5","local_time":"20201216165237","is_ascension_mode":true,"campfire_choices":[{"data":"PrismaMod:ChloeGaeBolg","floor":7,"key":"SMITH"},{"data":"PrismaMod:ChloeCommonAttack","floor":12,"key":"SMITH"},{"data":"PrismaMod:ChloeCommonAttack","floor":15,"key":"SMITH"},{"floor":23,"key":"REST"},{"data":"PrismaMod:ChloeCommonAttack","floor":23,"key":"SMITH"},{"floor":28,"key":"REST"},{"data":"hubris:DuctTapeCard","floor":28,"key":"SMITH"},{"floor":32,"key":"REST"},{"data":"PrismaMod:ChloeCommonAttack","floor":32,"key":"SMITH"}],"circlet_count":0,"master_deck":["PrismaMod:ChloeRhongomyniad","PrismaMod:ChloeCheapAttack","Writhe","PrismaMod:ChloeUncommonDefend+1"],"relics":["PrismaMod:PrismaTraceOn","HushsDoor","NeowsBlessing","YumHeart","LetterFromLob","Ancient Tea Set","PokeGo","StuffTheSpire:Experiment12","infinitespire:Magic Flask","PrismaMod:PrismaTraceOnUpgrade","Bronze Scales","Calipers","hubris:DuctTape","Membership Card","theForsaken:Lifeblossom","Garlic","Busted Crown","LaetitiaHeart","conspire:TreasureMap"],"acts_visited":["Exordium","TheCity","TheBeyond"],"potions_floor_usage":[33,36],"damage_taken":[{"damage":0,"enemies":"Cultist","floor":1,"turns":1},{"damage":0,"enemies":"2 Louse","floor":2,"turns":1},{"damage":0,"enemies":"Small Slimes","floor":5,"turns":2},{"damage":2,"enemies":"Lagavulin","floor":6,"turns":5},{"damage":33,"enemies":"3 Sentries","floor":8,"turns":8},{"damage":1,"enemies":"Exordium Thugs","floor":10,"turns":3},{"damage":4,"enemies":"2 Fungi Beasts","floor":11,"turns":3},{"damage":38,"enemies":"Hexaghost","floor":16,"turns":10},{"damage":22,"enemies":"2 Thieves","floor":18,"turns":4},{"damage":6,"enemies":"Shell Parasite","floor":21,"turns":5},{"damage":18,"enemies":"Book of Stabbing","floor":24,"turns":4},{"damage":26,"enemies":"Centurion and Healer","floor":25,"turns":5},{"damage":13,"enemies":"Nightmare","floor":31,"turns":6},{"damage":68,"enemies":"Champ","floor":33,"turns":10},{"damage":18,"enemies":"3 Darklings","floor":35,"turns":5},{"damage":54,"enemies":"3 Darklings","floor":36,"turns":7},{"damage":36,"enemies":"3 Shapes","floor":39,"turns":4},{"damage":0,"enemies":"R_Hoarder","floor":40,"turns":2}],"seed_played":"4722808683701868586","potions_obtained":[{"floor":2,"key":"LiquidBronze"},{"floor":5,"key":"Ancient Potion"},{"floor":10,"key":"SmokeBomb"}],"is_trial":false,"path_per_floor":["M","M","?","?","M","E","R","E","T","M","M","R","?","$","R","B",null,"M","?","AVR","M","?","R","E","M","T","$","R","$","?","NM","R","B",null,"M","?","$","?","M","E"],"character_chosen":"CHLOE","items_purchased":["hubris:DuctTape","Membership Card","theForsaken:Lifeblossom","conspire:TreasureMap","PrismaMod:ChloeRhongomyniad","PrismaMod:ChloeCheapAttack"],"campfire_rested":3,"item_purchase_floors":[27,29,29,37,37,37],"current_hp_per_floor":[75,75,75,75,75,73,73,65,65,64,60,60,60,60,60,22,75,53,53,53,47,47,69,51,49,49,49,71,71,71,63,75,26,93,76,53,53,76,46,49,49],"gold":61,"neow_bonus":"THREE_ENEMY_KILL","is_daily":false,"chose_seed":false,"campfire_upgraded":6,"win_rate":0.0,"timestamp":1608166357,"path_taken":["M","M","?","?","?","E","R","E","T","M","M","R","?","$","R","BOSS","M","?","AVR","?","?","R","E","M","T","?","R","$","?","NM","R","BOSS","M","?","?","?","M","E"],"items_purchased_type":["Relic","Relic","Relic","Relic","Card","Card"],"build_version":"2020-12-13","purchased_purges":1,"victory":false,"max_hp_per_floor":[75,75,75,75,75,75,75,75,75,75,75,75,75,75,75,75,75,75,75,75,75,75,75,75,75,75,75,75,75,75,75,75,93,93,93,93,93,93,93,93,93],"card_choices":[{"not_picked":["PrismaMod:ChloeCaladbolg","PrismaMod:ChloeExhaustOne"],"picked":"Bomb","floor":1},{"not_picked":["PrismaMod:ChloeUncommonAOEAttack","PrismaMod:ChloeCheapDefendTwo"],"picked":"PrismaMod:ChloeCheapAttackTwo","floor":2},{"not_picked":["PrismaMod:ChloeExhaustOne","PrismaMod:ChloeCaladbolg"],"picked":"PrismaMod:ChloeCheapAttackTwo","floor":5},{"not_picked":["PrismaMod:ChloeCheapDefendTwo","PrismaMod:ChloeCheapAttack"],"picked":"PrismaMod:ChloeGaeBolg","floor":6},{"not_picked":["PrismaMod:ChloeUnlimitedBladeWorks","PrismaMod:ChloeDiscardRecovery","PrismaMod:ChloeDemonicTutor"],"picked":"SKIP","floor":8},{"not_picked":["PrismaMod:ChloeMordred","PrismaMod:ChloeChristmas","PrismaMod:ChloeMaid"],"picked":"SKIP","floor":10},{"not_picked":["PrismaMod:ChloeCheapAttackTwo","PrismaMod:ChloeCheapAttack"],"picked":"PrismaMod:ChloeUncommonAttack","floor":11},{"not_picked":["PrismaMod:ChloeAnySkillTrace","PrismaMod:ChloeExhaustThree"],"picked":"PrismaMod:ChloeCarnivalAttack","floor":16},{"not_picked":["PrismaMod:ChloeCommonAOEAttack","PrismaMod:ChloeCheapDefendTwo"],"picked":"PrismaMod:ChloeUncommonAOEAttack+1","floor":18},{"not_picked":["PrismaMod:ChloeCheapDefendTwo+1","PrismaMod:ChloeCommonAOEAttack+1"],"picked":"PrismaMod:ChloeCheapAttack","floor":21},{"not_picked":["PrismaMod:ChloeCommonAOEAttack","PrismaMod:ChloeEyeOfTheEuryale"],"picked":"PrismaMod:ChloeCheapAttackTwo+1","floor":24},{"not_picked":["PrismaMod:ChloeDiscardRecovery","PrismaMod:ChloeCheapDefend"],"picked":"PrismaMod:ChloeEyeOfTheEuryale","floor":25},{"not_picked":["PrismaMod:ChloeMordred","PrismaMod:ChloeExhaustOne"],"picked":"PrismaMod:ChloeCheapAttack","floor":31},{"not_picked":["PrismaMod:ChloeDoubleRelicSpeed","PrismaMod:ChloeCarnivalAttack"],"picked":"PrismaMod:ChloeDevil","floor":33},{"not_picked":["PrismaMod:ChloeDiscardRecovery+1"],"picked":"SKIP","floor":35},{"not_picked":[],"picked":"PrismaMod:ChloeUncommonDefend+1","floor":39}],"player_experience":64438,"relics_obtained":[{"floor":1,"key":"LetterFromLob"},{"floor":6,"key":"Ancient Tea Set"},{"floor":8,"key":"PokeGo"},{"floor":9,"key":"StuffTheSpire:Experiment12"},{"floor":26,"key":"Calipers"},{"floor":31,"key":"Garlic"}],"event_choices":[{"damage_healed":0,"gold_gain":0,"player_choice":"Leave","damage_taken":0,"max_hp_gain":0,"max_hp_loss":0,"event_name":"The Cleric","floor":4,"gold_loss":0},{"damage_healed":0,"gold_gain":175,"player_choice":"AGREE","damage_taken":0,"max_hp_gain":0,"max_hp_loss":0,"event_name":"Liars Game","floor":13,"gold_loss":0,"cards_obtained":["Doubt"]},{"damage_healed":0,"gold_gain":0,"player_choice":"Ignored","damage_taken":0,"max_hp_gain":0,"max_hp_loss":0,"event_name":"Vampires","floor":22,"gold_loss":0},{"damage_healed":23,"gold_gain":0,"player_choice":"Writhe","damage_taken":0,"max_hp_gain":0,"max_hp_loss":0,"event_name":"Winding Halls","floor":38,"gold_loss":0,"cards_obtained":["Writhe"]}],"is_beta":false,"boss_relics":[{"not_picked":["hubris:CrackedHourglass","hubris:GrandSneckoEye","hubris:BlackHole"]},{"not_picked":["conspire:SlowCooker","Honey Jar"],"picked":"Busted Crown"},{"not_picked":[]}],"items_purged_floors":[14],"is_endless":true,"potions_floor_spawned":[2,5,10,25,31],"killed_by":"R_Hoarder","ascension_level":1}}