{"host":"d1za9dvx43o9v494","time":1608210481,"event":{"mods":["2.2 Compatiblity","BaseMod","Better-Laid Plans","Colored Map","Downfall","Emptier Cage","Minty Spire (QoL Compilation)","Permanent Neow","Robot Space Explorer","StSLib","The Dragon Tamer"],"gold_per_floor":[111,124,124,124,141,141,175,175,175,187,220,192,192,212,212,317,317,337,337,337,351,361,395,429,449,449,449,125,125,25,41,41,144,144,163,163,174,174,184,209,225,225,225,252,102,102,114,124,124,124,124,124,56,90,90],"floor_reached":56,"playtime":3371,"items_purged":["Writhe","RobotSpaceExplorer:Strike"],"score":1187,"play_id":"457e3bf4-aec3-4048-bc79-de486fbf3666","local_time":"20201217160801","is_ascension_mode":false,"campfire_choices":[{"data":"RobotSpaceExplorer:PlasmaMissile","floor":6,"key":"SMITH"},{"floor":8,"key":"RECALL"},{"data":"RobotSpaceExplorer:ImprovisedAttack","floor":13,"key":"SMITH"},{"data":"RobotSpaceExplorer:MiniLasers","floor":15,"key":"SMITH"},{"data":"RobotSpaceExplorer:ChargingLaser","floor":27,"key":"SMITH"},{"data":"RobotSpaceExplorer:MiniBoosters","floor":29,"key":"SMITH"},{"data":"RobotSpaceExplorer:MiniBoosters","floor":32,"key":"SMITH"},{"floor":42,"key":"REST"},{"data":"RobotSpaceExplorer:Autoloader","floor":46,"key":"SMITH"},{"floor":49,"key":"REST"},{"data":"RobotSpaceExplorer:Scan","floor":52,"key":"SMITH"}],"circlet_count":0,"master_deck":["RobotSpaceExplorer:Strike+1","RobotSpaceExplorer:Strike+1","RobotSpaceExplorer:Defend","RobotSpaceExplorer:Defend","RobotSpaceExplorer:Defend","RobotSpaceExplorer:Scan+1","RobotSpaceExplorer:MiniLasers+1","RobotSpaceExplorer:Probe","RobotSpaceExplorer:ImprovisedAttack+1","RobotSpaceExplorer:PlasmaMissile+1","RobotSpaceExplorer:ChargingLaser+1","CurseOfTheBell","RobotSpaceExplorer:MiniBoosters+1","RobotSpaceExplorer:PlasmaMissile+1","RobotSpaceExplorer:MiniBoosters+1","RobotSpaceExplorer:Reload+1","RobotSpaceExplorer:Autoloader+1","RobotSpaceExplorer:Autoloader+1","RobotSpaceExplorer:ScrapShield+1","RobotSpaceExplorer:DualCore","RobotSpaceExplorer:Explosion+1"],"relics":["RobotSpaceExplorer:RoboCore","Torii","TungstenRod","Guardian:PocketSentry","Calling Bell","Shuriken","Centennial Puzzle","Guardian:GemstoneGun","Whetstone","Red Mask","Molten Egg 2","InkBottle","RobotSpaceExplorer:SearchSpecs","Ginger","Mummified Hand","PreservedInsect","Vajra"],"acts_visited":["Exordium","TheCity","TheBeyond","TheEnding"],"potions_floor_usage":[7,11,16,23,39,48,50,55,55],"damage_taken":[{"damage":2,"enemies":"Cultist","floor":1,"turns":5},{"damage":2,"enemies":"Jaw Worm","floor":2,"turns":4},{"damage":0,"enemies":"2 Louse","floor":5,"turns":4},{"damage":41,"enemies":"Lagavulin","floor":7,"turns":6},{"damage":0,"enemies":"Red Slaver","floor":10,"turns":3},{"damage":8,"enemies":"Gremlin Nob","floor":11,"turns":4},{"damage":6,"enemies":"3 Louse","floor":14,"turns":2},{"damage":25,"enemies":"Slime Boss","floor":16,"turns":5},{"damage":0,"enemies":"Shell Parasite","floor":18,"turns":3},{"damage":0,"enemies":"3 Byrds","floor":21,"turns":5},{"damage":0,"enemies":"Centurion and Healer","floor":22,"turns":6},{"damage":8,"enemies":"Gremlin Leader","floor":23,"turns":6},{"damage":0,"enemies":"Masked Bandits","floor":24,"turns":2},{"damage":0,"enemies":"Cultist and Chosen","floor":25,"turns":4},{"damage":10,"enemies":"Shelled Parasite and Fungi","floor":31,"turns":3},{"damage":45,"enemies":"Champ","floor":33,"turns":7},{"damage":12,"enemies":"3 Darklings","floor":35,"turns":4},{"damage":0,"enemies":"3 Shapes","floor":37,"turns":2},{"damage":10,"enemies":"Transient","floor":39,"turns":5},{"damage":37,"enemies":"Reptomancer","floor":40,"turns":5},{"damage":2,"enemies":"Sphere and 2 Shapes","floor":41,"turns":4},{"damage":10,"enemies":"Giant Head","floor":44,"turns":7},{"damage":16,"enemies":"Jaw Worm Horde","floor":47,"turns":3},{"damage":7,"enemies":"Transient","floor":48,"turns":5},{"damage":23,"enemies":"Awakened One","floor":50,"turns":8},{"damage":49,"enemies":"Shield and Spear","floor":54,"turns":5},{"damage":19,"enemies":"The Heart","floor":55,"turns":6}],"seed_played":"592702285114423275","potions_obtained":[{"floor":1,"key":"FearPotion"},{"floor":10,"key":"Dexterity Potion"},{"floor":11,"key":"Strength Potion"},{"floor":16,"key":"DuplicationPotion"},{"floor":18,"key":"LiquidMemories"},{"floor":22,"key":"CultistPotion"},{"floor":47,"key":"Fire Potion"},{"floor":54,"key":"Energy Potion"}],"is_trial":false,"path_per_floor":["M","M","?","?","M","R","E","R","T","M","E","?","R","M","R","B",null,"M","?","?","M","M","E","?","M","T","R","$","R","$","M","R","B",null,"M","?","M","?","M","E","M","R","T","E","$","R","M","M","R","B",null,"R","$","E","B",null],"character_chosen":"RobotSpaceExplorer","items_purchased":["InkBottle","RobotSpaceExplorer:Autoloader","RobotSpaceExplorer:DualCore"],"campfire_rested":2,"item_purchase_floors":[28,45,53],"current_hp_per_floor":[73,71,76,76,76,76,35,35,35,35,27,27,27,21,21,16,80,80,80,80,80,80,72,72,72,72,72,72,72,72,62,62,17,80,68,68,68,68,58,21,19,43,43,33,33,33,17,10,34,11,80,80,80,31,12],"gold":90,"neow_bonus":"REMOVE_CARD","is_daily":false,"chose_seed":false,"campfire_upgraded":8,"win_rate":0.0,"timestamp":1608210481,"path_taken":["M","?","?","?","M","R","E","R","T","?","E","?","R","M","R","BOSS","M","?","?","?","?","E","?","M","T","R","$","R","?","M","R","BOSS","M","?","M","?","M","E","M","R","T","E","$","R","?","M","R","BOSS","R","$","E","BOSS"],"items_purchased_type":["Relic","Card","Card"],"build_version":"2020-12-13","purchased_purges":2,"victory":true,"max_hp_per_floor":[75,75,80,80,80,80,80,80,80,80,80,80,80,80,80,80,80,80,80,80,80,80,80,80,80,80,80,80,80,80,80,80,80,80,80,80,80,80,80,80,80,80,80,80,80,80,80,80,80,80,80,80,80,80,80],"card_choices":[{"not_picked":["RobotSpaceExplorer:Fix","RobotSpaceExplorer:Reload"],"picked":"RobotSpaceExplorer:Probe","floor":1},{"not_picked":["RobotSpaceExplorer:Fix","RobotSpaceExplorer:Pulsar"],"picked":"RobotSpaceExplorer:ImprovisedAttack","floor":2},{"not_picked":["RobotSpaceExplorer:MetalStrike","RobotSpaceExplorer:Ammunition"],"picked":"RobotSpaceExplorer:PlasmaMissile","floor":5},{"not_picked":["RobotSpaceExplorer:MiniDrones","RobotSpaceExplorer:FrostMissile","RobotSpaceExplorer:MetalStrike"],"picked":"SKIP","floor":7},{"not_picked":["RobotSpaceExplorer:SlimeMissile","RobotSpaceExplorer:FranticSearch","RobotSpaceExplorer:Counterblock"],"picked":"SKIP","floor":10},{"not_picked":["RobotSpaceExplorer:Electroshield","RobotSpaceExplorer:MiniDrones","RobotSpaceExplorer:ImprovisedAttack"],"picked":"SKIP","floor":11},{"not_picked":["RobotSpaceExplorer:GlueShot","RobotSpaceExplorer:ExhaustFan","RobotSpaceExplorer:ScrapMissile"],"picked":"SKIP","floor":14},{"not_picked":["RobotSpaceExplorer:Wormhole","RobotSpaceExplorer:Scanner"],"picked":"RobotSpaceExplorer:ChargingLaser","floor":16},{"not_picked":["RobotSpaceExplorer:ScrapToss+1","RobotSpaceExplorer:Probe"],"picked":"RobotSpaceExplorer:MiniBoosters","floor":18},{"not_picked":["RobotSpaceExplorer:PowerCollector","RobotSpaceExplorer:Pulsar","RobotSpaceExplorer:FranticSearch+1"],"picked":"SKIP","floor":21},{"not_picked":["RobotSpaceExplorer:StarLightning+1","RobotSpaceExplorer:ScrapMissile","RobotSpaceExplorer:DualCore"],"picked":"SKIP","floor":22},{"not_picked":["RobotSpaceExplorer:PlasmaMissile","RobotSpaceExplorer:TurboDodge","RobotSpaceExplorer:ScrapMissile"],"picked":"SKIP","floor":23},{"not_picked":["RobotSpaceExplorer:ScrapMissile","RobotSpaceExplorer:LuckyStrike+1"],"picked":"RobotSpaceExplorer:MiniBoosters","floor":24},{"not_picked":["RobotSpaceExplorer:StarLightning","RobotSpaceExplorer:Ammunition"],"picked":"RobotSpaceExplorer:Reload+1","floor":25},{"not_picked":["RobotSpaceExplorer:GlueShot","RobotSpaceExplorer:SurgingStrike+1","RobotSpaceExplorer:JunkDive+1"],"picked":"SKIP","floor":31},{"not_picked":["RobotSpaceExplorer:Arsenal","RobotSpaceExplorer:BlastShield"],"picked":"RobotSpaceExplorer:Autoloader","floor":33},{"not_picked":["RobotSpaceExplorer:SwiftStep+1","RobotSpaceExplorer:FranticSearch+1","RobotSpaceExplorer:PowerCollector"],"picked":"SKIP","floor":35},{"not_picked":["RobotSpaceExplorer:FrostMissile+1","RobotSpaceExplorer:ShockKick+1","RobotSpaceExplorer:ScrapMissile+1"],"picked":"SKIP","floor":37},{"not_picked":["RobotSpaceExplorer:SurgingShield","RobotSpaceExplorer:StunGrenade+1","RobotSpaceExplorer:Fix+1"],"picked":"SKIP","floor":39},{"not_picked":["RobotSpaceExplorer:PlasmaMissile+1","RobotSpaceExplorer:SurgingStrike+1","RobotSpaceExplorer:PowerGlove"],"picked":"SKIP","floor":40},{"not_picked":["RobotSpaceExplorer:Blitz+1","RobotSpaceExplorer:Reload","RobotSpaceExplorer:PowerCollector+1"],"picked":"SKIP","floor":41},{"not_picked":["RobotSpaceExplorer:MiniDrones+1","RobotSpaceExplorer:Ammunition+1","RobotSpaceExplorer:Electropulse+1"],"picked":"SKIP","floor":44},{"not_picked":["RobotSpaceExplorer:HighVoltage+1","RobotSpaceExplorer:Blitz+1"],"picked":"RobotSpaceExplorer:ScrapShield+1","floor":47},{"not_picked":["RobotSpaceExplorer:MiniDrones+1","RobotSpaceExplorer:SurgingShield+1","RobotSpaceExplorer:Ammunition"],"picked":"SKIP","floor":48},{"not_picked":["RobotSpaceExplorer:TrailblazerForm","RobotSpaceExplorer:Ammunition"],"picked":"RobotSpaceExplorer:Explosion+1","floor":54}],"player_experience":598675,"relics_obtained":[{"floor":7,"key":"Torii"},{"floor":9,"key":"TungstenRod"},{"floor":11,"key":"Guardian:PocketSentry"},{"floor":17,"key":"Shuriken"},{"floor":17,"key":"Centennial Puzzle"},{"floor":17,"key":"Dead Branch"},{"floor":23,"key":"Whetstone"},{"floor":24,"key":"Red Mask"},{"floor":26,"key":"Molten Egg 2"},{"floor":40,"key":"Ginger"},{"floor":44,"key":"PreservedInsect"},{"floor":54,"key":"Vajra"}],"event_choices":[{"damage_healed":0,"gold_gain":0,"player_choice":"Donut","damage_taken":0,"max_hp_gain":5,"max_hp_loss":0,"event_name":"Big Fish","floor":3,"gold_loss":0},{"damage_healed":0,"gold_gain":0,"player_choice":"Bought 0 Potions","damage_taken":0,"max_hp_gain":0,"max_hp_loss":0,"event_name":"The Woman in Blue","floor":4,"gold_loss":0},{"damage_healed":0,"gold_gain":0,"player_choice":"Left Gold","damage_taken":0,"max_hp_gain":0,"max_hp_loss":0,"event_name":"World of Goop","floor":12,"gold_loss":28},{"damage_healed":0,"gold_gain":0,"player_choice":"Opened","damage_taken":0,"relics_obtained":["Guardian:GemstoneGun"],"max_hp_gain":0,"max_hp_loss":0,"event_name":"The Mausoleum","floor":19,"gold_loss":0,"cards_obtained":["Writhe"]},{"damage_healed":0,"gold_gain":0,"player_choice":"Copied","damage_taken":0,"max_hp_gain":0,"max_hp_loss":0,"event_name":"Duplicator","floor":20,"gold_loss":0,"cards_obtained":["RobotSpaceExplorer:PlasmaMissile"]},{"damage_healed":0,"gold_gain":0,"player_choice":"Fought Bandits","damage_taken":0,"max_hp_gain":0,"max_hp_loss":0,"event_name":"Masked Bandits","floor":24,"gold_loss":0},{"cards_removed":["RobotSpaceExplorer:Defend"],"damage_healed":0,"gold_gain":0,"player_choice":"Removed Skill","damage_taken":0,"max_hp_gain":0,"max_hp_loss":0,"event_name":"Falling","floor":36,"gold_loss":0},{"damage_healed":0,"gold_gain":0,"player_choice":"Forge","damage_taken":0,"max_hp_gain":0,"max_hp_loss":0,"event_name":"Accursed Blacksmith","floor":38,"gold_loss":0,"cards_upgraded":["RobotSpaceExplorer:Autoloader"]}],"is_beta":false,"boss_relics":[{"not_picked":["Pandora\u0027s Box","Philosopher\u0027s Stone"],"picked":"Calling Bell"},{"not_picked":["Coffee Dripper","RobotSpaceExplorer:TurboCore"],"picked":"RobotSpaceExplorer:SearchSpecs"}],"items_purged_floors":[28,30],"is_endless":false,"potions_floor_spawned":[1,10,11,16,18,22,35,37,47,54],"ascension_level":0}}