{"host":"mvlqq966zh3ccmv5","time":1608230970,"event":{"mods":["AchievementEnabler","BaseMod","DeckTracker","Minty Spire (QoL Compilation)","SuperFastMode"],"gold_per_floor":[114,114,189,204,48,48,48,63,63,22,22,22,22,52,52,52,52],"floor_reached":16,"playtime":189,"items_purged":[],"score":146,"play_id":"19b566b7-ac14-4b7b-ab67-bc75cbef1312","local_time":"20201218034930","daily_mods":["Specialized","Flight","Lethality"],"is_ascension_mode":false,"campfire_choices":[{"data":"White Noise","floor":6,"key":"SMITH"},{"data":"Storm","floor":7,"key":"SMITH"},{"data":"White Noise","floor":11,"key":"SMITH"},{"data":"White Noise","floor":12,"key":"SMITH"},{"data":"Zap","floor":15,"key":"SMITH"}],"circlet_count":0,"master_deck":["Strike_B+1","Strike_B","Strike_B","Strike_B+1","Defend_B","Defend_B","Defend_B","Defend_B","Zap+1","Dualcast","White Noise+1","White Noise+1","White Noise","White Noise+1","White Noise+1","Self Repair","Storm+1","FTL","Loop","Scrape"],"relics":["Cracked Core","Pear","Strawberry"],"acts_visited":["Exordium"],"potions_floor_usage":[],"damage_taken":[{"damage":9,"enemies":"Cultist","floor":1,"turns":3},{"damage":0,"enemies":"2 Louse","floor":4,"turns":1},{"damage":9,"enemies":"Jaw Worm","floor":8,"turns":2},{"damage":19,"enemies":"3 Sentries","floor":14,"turns":3},{"damage":41,"enemies":"Hexaghost","floor":16,"turns":3}],"seed_played":"-4230686447748436371","potions_obtained":[{"floor":8,"key":"FearPotion"}],"is_trial":false,"path_per_floor":["M","?","?","M","$","R","R","M","T","$","R","R","?","E","R","B"],"character_chosen":"DEFECT","items_purchased":["FTL","Loop","Scrape"],"campfire_rested":0,"item_purchase_floors":[5,5,10],"current_hp_per_floor":[66,66,55,55,55,55,55,53,63,63,63,63,46,41,41,0,0],"gold":52,"neow_bonus":"","is_daily":true,"chose_seed":false,"campfire_upgraded":5,"win_rate":0.0,"timestamp":1608230970,"path_taken":["M","?","?","M","$","R","R","M","T","?","R","R","?","E","R","BOSS"],"items_purchased_type":["Card","Card","Card"],"build_version":"2020-12-13","purchased_purges":0,"victory":false,"max_hp_per_floor":[75,75,75,75,75,75,75,75,85,85,85,85,85,92,92,92,92],"card_choices":[{"not_picked":["Redo","Ball Lightning"],"picked":"Self Repair","floor":1},{"not_picked":["Barrage","Blizzard"],"picked":"Storm","floor":4},{"not_picked":["Genetic Algorithm","Auto Shields","Reinforced Body"],"picked":"SKIP","floor":8},{"not_picked":["Undo","Streamline","Stack"],"picked":"SKIP","floor":14}],"player_experience":212541,"relics_obtained":[{"floor":9,"key":"Pear"},{"floor":14,"key":"Strawberry"}],"event_choices":[{"damage_healed":0,"gold_gain":0,"player_choice":"Grow","damage_taken":0,"max_hp_gain":0,"max_hp_loss":0,"event_name":"Living Wall","floor":2,"gold_loss":0,"cards_upgraded":["White Noise"]},{"damage_healed":0,"gold_gain":75,"player_choice":"Gather Gold","damage_taken":11,"max_hp_gain":0,"max_hp_loss":0,"event_name":"World of Goop","floor":3,"gold_loss":0},{"damage_healed":0,"gold_gain":0,"player_choice":"Entered Light","damage_taken":17,"max_hp_gain":0,"max_hp_loss":0,"event_name":"Shining Light","floor":13,"gold_loss":0,"cards_upgraded":["Strike_B","Strike_B"]}],"is_beta":false,"boss_relics":[],"items_purged_floors":[],"is_endless":false,"potions_floor_spawned":[8],"killed_by":"Hexaghost","ascension_level":0}}