{"host":"opgesw7sb5n0ordz","time":1608183614,"event":{"mods":["BaseMod","Better Note","Colored Powertips","Downfall","Googly Eyes","Minty Spire (QoL Compilation)","Relic Stats","StSLib","Unceasing Turn Reminder"],"gold_per_floor":[99,99,24,50,150,150,150,75,75,100,51,65,3,20,39,139,139,64,339,364,364,384,401,401,432,432,432,447,467,417,436,447,447,447],"floor_reached":33,"playtime":1684,"items_purged":[],"score":308,"play_id":"55e17680-8ed3-4bbe-9a39-38d2c0cafaf6","local_time":"20201217004014","is_ascension_mode":false,"campfire_choices":[{"floor":1,"key":"RECALL"},{"data":"champ:Taunt","floor":3,"key":"SMITH"},{"data":"champ:Backstep","floor":8,"key":"SMITH"},{"data":"champ:Encircle","floor":18,"key":"SMITH"},{"data":"champ:HeartStrike","floor":21,"key":"SMITH"},{"floor":27,"key":"REST"}],"circlet_count":0,"master_deck":["champ:Strike","champ:Strike","champ:Defend","champ:Defend","champ:Defend","champ:Defend","champ:Execute+1","champ:Taunt+1","champ:Backstep+1","champ:Haymaker","champ:FlashCut","Regret","champ:FanOfKnives","champ:Devastate","champ:CalledShot+1","champ:GutPunch","champ:Encircle+1","champ:BringItOn","champ:Haymaker","champ:TornadoPunch","champ:DancingMaster+1","Regret","champ:HeartStrike+1","champ:TornadoPunch","champ:BringItOn","champ:FanOfKnives+1","champ:AdrenalArmor","champ:EnGarde","champ:FaceSlap"],"relics":["champ:ChampionCrown","downfall:HeartsMalice","champ:LiftRelic","downfall:HeartBlessingRed","Frozen Egg 2","downfall:HeartBlessingBlue","Pen Nib","Toy Ornithopter","Runic Pyramid","downfall:HeartBlessingGreen","Mercury Hourglass","Omamori","PreservedInsect"],"acts_visited":["Exordium","TheCity"],"potions_floor_usage":[],"damage_taken":[{"damage":0,"enemies":"downfall:Heads","floor":5,"turns":1},{"damage":0,"enemies":"Jaw Worm","floor":6,"turns":1},{"damage":0,"enemies":"3 Sentries","floor":10,"turns":1},{"damage":6,"enemies":"downfall:FleeingMerchant","floor":11,"turns":4},{"damage":5,"enemies":"2 Louse","floor":12,"turns":2},{"damage":7,"enemies":"downfall:FleeingMerchant","floor":13,"turns":4},{"damage":1,"enemies":"Small Slimes","floor":14,"turns":2},{"damage":8,"enemies":"Blue Slaver","floor":15,"turns":2},{"damage":46,"enemies":"downfall:Ironclad","floor":16,"turns":9},{"damage":41,"enemies":"Gremlin Leader","floor":20,"turns":6},{"damage":5,"enemies":"Spheric Guardian","floor":22,"turns":3},{"damage":25,"enemies":"Shell Parasite","floor":23,"turns":3},{"damage":55,"enemies":"Slavers","floor":25,"turns":5},{"damage":10,"enemies":"Chosen and Byrds","floor":28,"turns":3},{"damage":25,"enemies":"Snake Plant","floor":29,"turns":4},{"damage":41,"enemies":"Cultist and Chosen","floor":31,"turns":5},{"damage":7,"enemies":"Shelled Parasite and Fungi","floor":32,"turns":4},{"damage":24,"enemies":"downfall:Watcher","floor":33,"turns":3}],"seed_played":"-1079546584398299336","potions_obtained":[{"floor":10,"key":"Slimebound:ThreeZeroPotion"},{"floor":12,"key":"sneckomod:MuddlingPotion"},{"floor":14,"key":"LiquidMemories"},{"floor":15,"key":"SteroidPotion"}],"is_trial":false,"path_per_floor":["R","?","R","T","?","M","T","R","?","E","$","M","$","M","M","B",null,"R","?","E","R","M","M","T","E","?","R","M","M","?","M","M","B"],"character_chosen":"THE_CHAMP","items_purchased":["champ:CalledShot+1","champ:BringItOn"],"campfire_rested":1,"item_purchase_floors":[11,13],"current_hp_per_floor":[90,90,90,90,90,90,90,100,100,100,99,99,97,96,92,66,100,100,100,77,77,77,65,65,10,10,40,40,17,52,31,24,0,0],"gold":447,"neow_bonus":"THREE_ENEMY_KILL","is_daily":false,"chose_seed":false,"campfire_upgraded":4,"win_rate":0.0,"timestamp":1608183614,"path_taken":["R","?","R","?","?","M","T","R","?","E","?","M","?","M","M","BOSS","R","?","E","R","M","M","T","E","?","R","M","M","?","M","M","BOSS"],"items_purchased_type":["Card","Card"],"build_version":"2020-12-13","purchased_purges":0,"victory":false,"max_hp_per_floor":[90,90,90,90,90,90,90,100,100,100,100,100,100,100,100,100,100,100,100,100,100,100,100,100,100,100,100,100,100,100,100,100,100,100],"relic_stats":{"counters":[18,58],"Pen Nib":[9],"PreservedInsect":0,"obtain_stats":[{"downfall:HeartBlessingRed":3,"champ:ChampionCrown":0,"downfall:HeartsMalice":0,"downfall:HeartBlessingGreen":18,"Pen Nib":9,"PreservedInsect":25,"Omamori":24,"Frozen Egg 2":7,"Mercury Hourglass":20,"downfall:HeartBlessingBlue":8,"champ:LiftRelic":2,"Toy Ornithopter":10,"Runic Pyramid":17},{"downfall:HeartBlessingRed":0,"champ:ChampionCrown":0,"downfall:HeartsMalice":0,"downfall:HeartBlessingGreen":9,"Pen Nib":2,"PreservedInsect":13,"Omamori":12,"Frozen Egg 2":2,"Mercury Hourglass":10,"downfall:HeartBlessingBlue":2,"champ:LiftRelic":0,"Toy Ornithopter":3,"Runic Pyramid":9},{"downfall:HeartBlessingRed":0,"champ:ChampionCrown":0,"downfall:HeartsMalice":0,"downfall:HeartBlessingGreen":23,"Pen Nib":0,"PreservedInsect":39,"Omamori":35,"Frozen Egg 2":0,"Mercury Hourglass":29,"downfall:HeartBlessingBlue":0,"champ:LiftRelic":0,"Toy Ornithopter":0,"Runic Pyramid":23}],"Toy Ornithopter":0,"Mercury Hourglass":[97]},"card_choices":[{"not_picked":["champ:EnGarde","champ:FlashCut"],"picked":"champ:Haymaker","floor":5},{"not_picked":["champ:FaceSlap","champ:BladeFlurry"],"picked":"champ:FlashCut","floor":6},{"not_picked":["champ:Haymaker","champ:PerfectedStrike"],"picked":"champ:FanOfKnives","floor":10},{"not_picked":["champ:PreciseThrust","champ:DeathBlow"],"picked":"champ:Devastate","floor":11},{"not_picked":["champ:EnGarde","champ:BladeFlurry"],"picked":"champ:GutPunch","floor":12},{"not_picked":["champ:FaceSlap","champ:FocusedGladiator"],"picked":"champ:Encircle","floor":13},{"not_picked":["champ:Encircle","champ:AdrenalArmor"],"picked":"champ:Haymaker","floor":14},{"not_picked":["champ:FaceSlap","champ:ShieldSlam"],"picked":"champ:TornadoPunch","floor":15},{"not_picked":["champ:CheapShot","champ:HoldFirm"],"picked":"champ:DancingMaster+1","floor":16},{"not_picked":["champ:GutPunch+1","champ:FocusedBerserking"],"picked":"champ:HeartStrike","floor":20},{"not_picked":["champ:FlashCut","champ:Riposte"],"picked":"champ:TornadoPunch","floor":22},{"not_picked":["champ:BerserkersShout+1","champ:StanceDance"],"picked":"champ:BringItOn","floor":23},{"not_picked":["champ:BringItOn","champ:SkillfulDodge"],"picked":"champ:FanOfKnives+1","floor":25},{"not_picked":["champ:EnragedBash","champ:RecklessLeap"],"picked":"champ:AdrenalArmor","floor":28},{"not_picked":["champ:DefensiveShout","champ:FanOfKnives"],"picked":"champ:EnGarde","floor":29},{"not_picked":["champ:BladeFlurry","champ:HeartStrike"],"picked":"champ:FaceSlap","floor":31},{"not_picked":["champ:EnGarde","champ:PerfectedStrike","champ:AdrenalArmor"],"picked":"SKIP","floor":32}],"player_experience":728107,"relics_obtained":[{"floor":7,"key":"Frozen Egg 2"},{"floor":10,"key":"Toy Ornithopter"},{"floor":20,"key":"Mercury Hourglass"},{"floor":24,"key":"Omamori"},{"floor":25,"key":"PreservedInsect"}],"event_choices":[{"damage_healed":0,"gold_gain":0,"player_choice":"Box","damage_taken":0,"relics_obtained":["Pen Nib"],"max_hp_gain":0,"max_hp_loss":0,"event_name":"Big Fish","floor":9,"gold_loss":0,"cards_obtained":["Regret"]},{"cards_removed":["champ:Devastate"],"damage_healed":0,"gold_gain":0,"player_choice":"Give","damage_taken":0,"max_hp_gain":0,"max_hp_loss":0,"event_name":"betterNote:BetterNote","floor":26,"gold_loss":0,"cards_obtained":["None"]}],"is_beta":false,"boss_relics":[{"not_picked":["Runic Dome","Coffee Dripper"],"picked":"Runic Pyramid"}],"items_purged_floors":[],"is_endless":false,"potions_floor_spawned":[10,12,14,15,23,25,29],"killed_by":"downfall:Watcher","ascension_level":0}}