{"host":"zrerxgu8lagrk16e","time":1608226305,"event":{"mods":["AchievementEnabler","BaseMod","Better Altar","Better Match","Better Note","Better Sensory Stone","Better Skull","Better Third Choice","Colored Map","Colored Powertips","Downfall","Minty Spire (QoL Compilation)","Permanent Neow","Quick Restart","Relic Stats","StSLib","Waifu the Spire","slay the spire mod where everything is the same but ironclad has a cowboy hat"],"gold_per_floor":[0,0,450,481,501,194,194,14,14,44,29,39,58,74,86,86,86],"floor_reached":16,"playtime":1082,"items_purged":[],"score":110,"play_id":"96e8e863-b10e-480f-b200-7515a11a9034","local_time":"20201217123145","is_ascension_mode":false,"campfire_choices":[{"data":"champ:SteelEdge","floor":1,"key":"SMITH"},{"floor":9,"key":"REST"}],"circlet_count":0,"master_deck":["champ:Strike","champ:Strike","champ:Strike","champ:Strike","champ:Defend","champ:Defend","champ:Defend","champ:Defend","champ:Execute","champ:Taunt","champ:SteelEdge+1","expansioncontent:Flail","Slimebound:Icky","Slimebound:Icky","Slimebound:Icky","champ:AdrenalArmor","champ:StanceDance","champ:BerserkersShout","champ:PerfectForm","champ:MurderStrike","champ:Shatter","champ:BerserkersShout","champ:LastStand","champ:Encircle","champ:CalledShot","champ:Backstep","champ:Lariat","champ:BerserkersShout","champ:FanOfKnives"],"relics":["champ:ChampionCrown","Darkstone Periapt","Akabeko"],"acts_visited":["Exordium"],"potions_floor_usage":[8,14],"damage_taken":[{"damage":48,"enemies":"Lagavulin","floor":4,"turns":11},{"damage":7,"enemies":"2 Louse","floor":5,"turns":3},{"damage":12,"enemies":"downfall:FleeingMerchant","floor":6,"turns":4},{"damage":20,"enemies":"downfall:FleeingMerchant","floor":8,"turns":4},{"damage":54,"enemies":"Gremlin Nob","floor":10,"turns":4},{"damage":25,"enemies":"downfall:FleeingMerchant","floor":11,"turns":4},{"damage":15,"enemies":"Jaw Worm","floor":12,"turns":4},{"damage":13,"enemies":"Cultist","floor":13,"turns":4},{"damage":12,"enemies":"3 Louse","floor":14,"turns":2},{"damage":0,"enemies":"Lots of Slimes","floor":15,"turns":1},{"damage":32,"enemies":"downfall:Defect","floor":16,"turns":4}],"seed_played":"-6185672439256910994","potions_obtained":[{"floor":4,"key":"DuplicationPotion"},{"floor":12,"key":"sneckomod:MuddlingPotion"},{"floor":13,"key":"hexamod:EctoCoolerPotion"},{"floor":14,"key":"SpeedPotion"}],"is_trial":false,"path_per_floor":["R","?","?","E","M","$","T","$","R","E","$","M","M","M","M","B"],"character_chosen":"THE_CHAMP","items_purchased":["champ:PerfectForm","champ:MurderStrike","champ:Shatter","champ:LastStand","champ:Encircle"],"campfire_rested":1,"item_purchase_floors":[6,6,6,8,8],"current_hp_per_floor":[90,90,90,57,57,57,57,42,69,37,27,21,21,21,21,0,0],"gold":86,"neow_bonus":"THREE_RARE_CARDS","is_daily":false,"chose_seed":false,"campfire_upgraded":1,"win_rate":0.0,"timestamp":1608226305,"path_taken":["R","?","?","E","M","$","T","$","R","E","?","M","M","M","M","BOSS"],"items_purchased_type":["Card","Card","Card","Card","Card"],"build_version":"2020-12-13","purchased_purges":0,"victory":false,"max_hp_per_floor":[90,90,90,90,90,90,90,90,90,90,90,90,90,90,90,90,90],"relic_stats":{"Darkstone Periapt":0,"counters":[11,45],"obtain_stats":[{"Darkstone Periapt":4,"champ:ChampionCrown":0,"Akabeko":10},{"Darkstone Periapt":1,"champ:ChampionCrown":0,"Akabeko":5},{"Darkstone Periapt":11,"champ:ChampionCrown":0,"Akabeko":26}]},"card_choices":[{"not_picked":["champ:LastStand","champ:DancingMaster"],"picked":"champ:SteelEdge","floor":0},{"not_picked":["expansioncontent:Chronoboost","Mayhem"],"picked":"expansioncontent:Flail","floor":2},{"not_picked":["champ:BringItOn","champ:SkillfulDodge"],"picked":"champ:AdrenalArmor","floor":4},{"not_picked":["champ:Circumvent","champ:DefensiveShout"],"picked":"champ:StanceDance","floor":5},{"not_picked":["champ:GladiatorStyle","champ:IgnorePain"],"picked":"champ:BerserkersShout","floor":6},{"not_picked":["champ:PreciseThrust","champ:DefensiveShout"],"picked":"champ:BerserkersShout","floor":8},{"not_picked":["champ:BringItOn","champ:RecklessLeap"],"picked":"champ:CalledShot","floor":10},{"not_picked":["champ:BerserkersShout","champ:Circumvent"],"picked":"champ:Backstep","floor":11},{"not_picked":["champ:GladiatorsShout","champ:RisingSlash"],"picked":"champ:Lariat","floor":12},{"not_picked":["champ:Haymaker","champ:Backstep"],"picked":"champ:BerserkersShout","floor":13},{"not_picked":["champ:Haymaker","champ:CrownThrow","champ:Lariat"],"picked":"SKIP","floor":14},{"not_picked":["champ:BringItOn","champ:FocusedGladiator"],"picked":"champ:FanOfKnives","floor":15}],"player_experience":181539,"relics_obtained":[{"floor":4,"key":"Darkstone Periapt"},{"floor":10,"key":"Akabeko"}],"event_choices":[{"damage_healed":0,"gold_gain":1,"player_choice":"1","damage_taken":0,"max_hp_gain":0,"max_hp_loss":0,"event_name":"betterStone:BetterStone","floor":2,"gold_loss":0}],"is_beta":false,"boss_relics":[],"items_purged_floors":[],"is_endless":false,"potions_floor_spawned":[4,12,13,14],"killed_by":"downfall:Defect","ascension_level":0}}