{"host":"ipcfr4ajj2jkxvg7","time":1608183083,"event":{"mods":["BaseMod","Colored Powertips","GifTheSpireLib","Marisa（F雨　魔理沙）","Minty Spire (QoL Compilation)","Quick Restart","Remilia（蕾米莉亚）","Replay The Spire","RumiaBox-露米娅的神秘盒子","StSLib"],"gold_per_floor":[116,116,130,16,16,45,45,63,86,113,124,151,169,69,69,171,171,182,281,300,300,318,349,363,389,389,406,406,139,139,139,139,240,240,250,250,100,117,130,158,83,83,83,83,114,114,127,155,155,155],"floor_reached":51,"playtime":1287,"items_purged":["Defend_MRS","Defend_MRS","Defend_MRS","Strike_MRS"],"score":1503,"play_id":"f2ebf727-6556-495c-b635-0a545185c48b","local_time":"20201217133123","is_ascension_mode":true,"campfire_choices":[{"data":"MilkyWay","floor":7.0,"key":"SMITH"},{"data":"MilkyWay","floor":15.0,"key":"SMITH"},{"data":"MaximisePower","floor":28.0,"key":"SMITH"},{"data":"MilkyWay","floor":30.0,"key":"SMITH"},{"data":"FinalSpark","floor":32.0,"key":"SMITH"},{"data":"DeepEcoloBomb","floor":44,"key":"SMITH"},{"data":"PowerUp","floor":46,"key":"SMITH"},{"data":"PowerUp","floor":49,"key":"SMITH"}],"circlet_count":0,"master_deck":["Strike_MRS","Strike_MRS","UpSweep","EarthLightRay","Acceleration","StarBarrage","MilkyWay+1","PulseMagic","MilkyWay+1","MilkyWay+1","MilkyWay+1","FinalSpark+1","Acceleration","MaximisePower+1","AlicesGift","MachineGunSpark+1","ManaConvection","MachineGunSpark","DeepEcoloBomb+1","Orbital+1","PowerUp+1","PowerUp+1"],"relics":["MiniHakkero","AddBug","SecretRecord","SecretRecord","SecretRecord","SecretRecord","SecretRecord","SecretRecord"],"acts_visited":["Exordium","TheCity","TheBeyond"],"potions_floor_usage":[],"damage_taken":[{"damage":0.0,"enemies":"2 Louse","floor":1.0,"turns":3.0},{"damage":12.0,"enemies":"Jaw Worm","floor":3.0,"turns":3.0},{"damage":10.0,"enemies":"3 Sentries","floor":6.0,"turns":5.0},{"damage":0.0,"enemies":"Cultist","floor":8.0,"turns":2.0},{"damage":19.0,"enemies":"Exordium Thugs","floor":11.0,"turns":4.0},{"damage":0.0,"enemies":"Gremlin Nob","floor":12.0,"turns":2.0},{"damage":8.0,"enemies":"Lots of Slimes","floor":13.0,"turns":3.0},{"damage":0.0,"enemies":"Slime Boss","floor":16.0,"turns":4.0},{"damage":0.0,"enemies":"Chosen","floor":18.0,"turns":2.0},{"damage":10.0,"enemies":"2 Thieves","floor":20.0,"turns":3.0},{"damage":0.0,"enemies":"Snecko","floor":22.0,"turns":2.0},{"damage":0.0,"enemies":"Gremlin Leader","floor":23.0,"turns":3.0},{"damage":0.0,"enemies":"Snake Plant","floor":24.0,"turns":2.0},{"damage":15.0,"enemies":"Slavers","floor":25.0,"turns":2.0},{"damage":0.0,"enemies":"Shelled Parasite and Fungi","floor":27.0,"turns":2.0},{"damage":0.0,"enemies":"Automaton","floor":33.0,"turns":1.0},{"damage":11.0,"enemies":"Orb Walker","floor":35.0,"turns":2.0},{"damage":4.0,"enemies":"3 Darklings","floor":38.0,"turns":2.0},{"damage":0,"enemies":"Jaw Worm Horde","floor":39,"turns":1},{"damage":21,"enemies":"Nemesis","floor":40,"turns":3},{"damage":0,"enemies":"Giant Head","floor":45,"turns":1},{"damage":0,"enemies":"Transient","floor":47,"turns":3},{"damage":0,"enemies":"Reptomancer","floor":48,"turns":1},{"damage":0,"enemies":"Time Eater","floor":50,"turns":1}],"seed_played":"2518746400143497620","potions_obtained":[{"floor":3.0,"key":"Block Potion"},{"floor":11.0,"key":"FearPotion"},{"floor":16.0,"key":"Toxic Potion"},{"floor":18.0,"key":"Toxic Potion"},{"floor":23.0,"key":"Adrenaline Potion"},{"floor":25.0,"key":"Elixir"}],"is_trial":false,"path_per_floor":["M","?","M","$","?","E","R","M","T","T","M","E","M","$","R","B",null,"M","?","M","?","M","E","M","E","T","M","R","$","R","$","R","B",null,"M","?","$","M","M","E","$","?","T","R","E","R","M","E","R","B",null],"character_chosen":"MARISA","items_purchased":["StarBarrage","ManaConvection","MachineGunSpark","Singularity"],"campfire_rested":0,"item_purchase_floors":[4,29,29,41],"current_hp_per_floor":[68,68,61,61,61,56,56,62,62,62,49,55,53,53,53,59,71,71,71,67,67,74,75,75,68,68,68,68,68,68,68,68,68,73,62,62,62,67,67,54,54,54,54,54,54,54,64,64,64,64],"gold":155,"neow_bonus":"RANDOM_EVENT","is_daily":false,"chose_seed":false,"campfire_upgraded":8,"win_rate":0.0,"timestamp":1608183083,"path_taken":["M","?","M","$","?","E","R","M","T","?","M","E","M","$","R","BOSS","M","?","M","?","?","E","M","E","T","M","R","?","R","$","R","BOSS","M","?","$","M","?","E","$","?","T","R","E","R","M","E","R","BOSS"],"items_purchased_type":["Card","Card","Card","Card"],"build_version":"2020-12-13","purchased_purges":4,"victory":true,"max_hp_per_floor":[75,75,75,75,75,75,75,75,75,75,75,75,75,75,75,75,75,75,75,75,75,75,75,75,75,75,75,75,75,75,75,75,75,75,75,75,75,75,75,75,75,75,75,75,75,75,75,75,75,75],"card_choices":[{"not_picked":["ShootingEcho","RefractionSpark"],"picked":"EarthLightRay","floor":1.0},{"not_picked":["WitchLeyline","DarkMatter"],"picked":"Acceleration","floor":3.0},{"not_picked":["Singularity","IllusionStar"],"picked":"MilkyWay","floor":6.0},{"not_picked":["Robbery","AbsoluteMagnitude"],"picked":"PulseMagic","floor":8.0},{"not_picked":["LuminesStrike","GalacticHalo"],"picked":"MilkyWay","floor":11.0},{"not_picked":["RefractionSpark","IllusionStar"],"picked":"MilkyWay","floor":12.0},{"not_picked":["DoubleSpark","GalacticHalo"],"picked":"MilkyWay","floor":13.0},{"not_picked":["SatelliteIllusion","TreasureHunter"],"picked":"FinalSpark","floor":16.0},{"not_picked":["Acceleration","Robbery","LuminesStrike+1"],"picked":"SKIP","floor":18.0},{"not_picked":["ChargingUp","WitchOfGreed"],"picked":"Acceleration","floor":20.0},{"not_picked":["MagicChant","OpenUniverse","NonDirectionalLaser"],"picked":"SKIP","floor":22.0},{"not_picked":["ManaRampage","MysteriousBeam"],"picked":"MaximisePower","floor":23.0},{"not_picked":["WitchOfGreed","FairyDestructionRay+1"],"picked":"AlicesGift","floor":24.0},{"not_picked":["DC+1","Acceleration+1","6A"],"picked":"SKIP","floor":25.0},{"not_picked":["DC","RefractionSpark"],"picked":"MachineGunSpark+1","floor":27.0},{"not_picked":["Robbery","AlicesGift+1","NonDirectionalLaser"],"picked":"SKIP","floor":35.0},{"not_picked":["MagicChant","ShootingEcho+1"],"picked":"DeepEcoloBomb","floor":38.0},{"not_picked":["GravityBeat+1","ShootingEcho"],"picked":"Orbital+1","floor":39},{"not_picked":["NonDirectionalLaser+1","DC","MaximisePower"],"picked":"SKIP","floor":40},{"not_picked":["WitchLeyline","DC"],"picked":"PowerUp","floor":45},{"not_picked":["IllusionStar","LuminesStrike"],"picked":"PowerUp","floor":47},{"not_picked":["ShootTheMoon","NonDirectionalLaser+1","OpenUniverse"],"picked":"SKIP","floor":48}],"player_experience":383784,"relics_obtained":[{"floor":1.0,"key":"AddBug"},{"floor":5.0,"key":"Ring of Peace"},{"floor":5.0,"key":"ReplayTheSpireMod:Ring of Collecting"},{"floor":6.0,"key":"SecretRecord"},{"floor":6.0,"key":"Bag of Marbles"},{"floor":9.0,"key":"Happy Flower"},{"floor":10.0,"key":"MawBank"},{"floor":12.0,"key":"Potion Belt"},{"floor":20.0,"key":"SecretRecord"},{"floor":23.0,"key":"Grinning Jar"},{"floor":24.0,"key":"SecretRecord"},{"floor":25.0,"key":"Replay:Bottled Eggs"},{"floor":26.0,"key":"Ice Cream"},{"floor":27.0,"key":"SecretRecord"},{"floor":38.0,"key":"SecretRecord"},{"floor":40,"key":"Nunchaku"},{"floor":43,"key":"Gremlin Horn"},{"floor":45,"key":"Lantern"},{"floor":48,"key":"Simple Rune"}],"event_choices":[{"cards_removed":["Defend_MRS"],"damage_healed":0.0,"max_hp_gain":0.0,"max_hp_loss":0.0,"gold_gain":0.0,"event_name":"Living Wall","player_choice":"Forget","floor":0.0,"gold_loss":0.0,"damage_taken":0.0},{"damage_healed":0.0,"max_hp_gain":0.0,"max_hp_loss":0.0,"gold_gain":99.0,"event_name":"Nest","player_choice":"Stole From Cult","floor":19.0,"gold_loss":0.0,"damage_taken":0.0},{"damage_healed":0.0,"max_hp_gain":0.0,"max_hp_loss":0.0,"gold_gain":0.0,"event_name":"Accursed Blacksmith","player_choice":"Forge","floor":21.0,"gold_loss":0.0,"damage_taken":0.0,"cards_upgraded":["MilkyWay"]},{"cards_removed":["Strike_MRS"],"damage_healed":0.0,"max_hp_gain":0.0,"max_hp_loss":0.0,"gold_gain":0.0,"event_name":"Bonfire Elementals","player_choice":"Offered Basic","floor":36.0,"gold_loss":0.0,"damage_taken":0.0},{"cards_removed":["Singularity"],"damage_healed":0,"gold_gain":0,"player_choice":"Removed Power","damage_taken":0,"max_hp_gain":0,"max_hp_loss":0,"event_name":"Falling","floor":42,"gold_loss":0}],"is_beta":false,"boss_relics":[{"not_picked":["Replay:Wanted Poster","ExperimentalFamiliar"],"picked":"ChewingGum"},{"not_picked":["Kintsugi","SacredBark"],"picked":"Replay:Ancient Bell"}],"items_purged_floors":[4,14,29,37],"is_endless":false,"potions_floor_spawned":[3,11,16,18,23,25,40,45,47,48],"ascension_level":7}}