{"host":"63rwe7p34ct1i0qu","time":1608222301,"event":{"mods":["BaseMod","DeckTracker","Minty Spire (QoL Compilation)","Permanent Neow","Quick Restart","StSLib"],"gold_per_floor":[18,18,18,37,50,80,80,80,80,80,114,130,130,148,148,246,246,264,189,200,219,232,232,232,247,247,247,258,258,272,283,283,380,380,390,410,410,122,141,173,173,202,202,202,202,212,230,50,50,50],"floor_reached":51,"playtime":2582,"items_purged":["Corruption","Madness"],"score":1322,"play_id":"02d0771d-051e-4e1b-a4fa-2a2b196ce3c6","local_time":"20201218012501","is_ascension_mode":true,"campfire_choices":[{"data":"Demon Form","floor":10,"key":"SMITH"},{"data":"Second Wind","floor":13,"key":"SMITH"},{"data":"Infernal Blade","floor":15,"key":"SMITH"},{"floor":23,"key":"REST"},{"data":"Corruption","floor":32,"key":"SMITH"},{"data":"Apotheosis","floor":41,"key":"SMITH"},{"floor":49,"key":"REST"}],"circlet_count":0,"master_deck":["Bash+1","Demon Form+1","Sentinel","Second Wind+1","Infernal Blade+1","Exhume","Feel No Pain","Havoc","Barricade","Burning Pact","Corruption+1","Fiend Fire","Ghostly Armor","True Grit","Fiend Fire","Madness","Apotheosis+1","Dark Embrace+1","Power Through+1","Jack Of All Trades","Jack Of All Trades","Master of Strategy"],"relics":["Burning Blood","StrikeDummy","Pantograph","Singing Bowl","Dead Branch","Pandora\u0027s Box","Champion Belt","Paper Frog","Happy Flower","Nunchaku"],"acts_visited":["Exordium","TheCity","TheBeyond"],"potions_floor_usage":[14,27,33,50,50],"damage_taken":[{"damage":8.0,"enemies":"Jaw Worm","floor":1.0,"turns":5.0},{"damage":10,"enemies":"Small Slimes","floor":4,"turns":3},{"damage":5,"enemies":"2 Louse","floor":5,"turns":3},{"damage":35,"enemies":"3 Sentries","floor":6,"turns":8},{"damage":32,"enemies":"Gremlin Nob","floor":11,"turns":4},{"damage":2,"enemies":"Looter","floor":12,"turns":3},{"damage":14,"enemies":"Red Slaver","floor":14,"turns":4},{"damage":25,"enemies":"Slime Boss","floor":16,"turns":7},{"damage":38,"enemies":"Shell Parasite","floor":18,"turns":4},{"damage":14,"enemies":"2 Thieves","floor":20,"turns":5},{"damage":13,"enemies":"Snecko","floor":21,"turns":5},{"damage":0,"enemies":"3 Cultists","floor":22,"turns":4},{"damage":9,"enemies":"Centurion and Healer","floor":25,"turns":4},{"damage":0,"enemies":"Snake Plant","floor":27,"turns":1},{"damage":0,"enemies":"Sentry and Sphere","floor":28,"turns":2},{"damage":9,"enemies":"Snecko","floor":30,"turns":3},{"damage":6,"enemies":"3 Cultists","floor":31,"turns":1},{"damage":6,"enemies":"Automaton","floor":33,"turns":6},{"damage":7,"enemies":"Orb Walker","floor":35,"turns":3},{"damage":0,"enemies":"3 Shapes","floor":36,"turns":2},{"damage":0,"enemies":"Sphere and 2 Shapes","floor":39,"turns":2},{"damage":2,"enemies":"Giant Head","floor":40,"turns":8},{"damage":23,"enemies":"Nemesis","floor":42,"turns":11},{"damage":0,"enemies":"Spire Growth","floor":46,"turns":4},{"damage":6,"enemies":"Maw","floor":47,"turns":3},{"damage":3,"enemies":"Time Eater","floor":50,"turns":6}],"seed_played":"-2657091621740342361","potions_obtained":[{"floor":5,"key":"SmokeBomb"},{"floor":11,"key":"Regen Potion"},{"floor":12,"key":"BlessingOfTheForge"},{"floor":14,"key":"FearPotion"},{"floor":33,"key":"LiquidBronze"},{"floor":35,"key":"Swift Potion"}],"is_trial":false,"path_per_floor":["M","?","?","M","M","E","?","T","T","R","E","M","R","M","R","B",null,"M","$","M","M","M","R","?","M","T","M","M","?","M","M","R","B",null,"M","M","?","$","M","E","R","E","T","?","?","M","M","$","R","B",null],"character_chosen":"IRONCLAD","items_purchased":["Apotheosis","Master of Strategy"],"campfire_rested":2,"item_purchase_floors":[38,48],"current_hp_per_floor":[70,70,70,66,67,38,64,64,64,64,40,46,46,50,50,56,77,47,47,41,36,44,71,71,68,68,74,82,82,81,83,83,98,98,99,102,89,89,97,101,101,84,84,84,76,84,86,86,110,110],"gold":50,"neow_bonus":"TRANSFORM_TWO_CARDS","is_daily":false,"chose_seed":false,"campfire_upgraded":5,"win_rate":0.0,"timestamp":1608222301,"path_taken":["M","?","?","M","M","E","?","?","T","R","E","?","R","M","R","BOSS","M","$","M","M","M","R","?","M","T","M","M","?","M","M","R","BOSS","M","M","?","$","M","E","R","E","T","?","?","M","M","$","R","BOSS"],"items_purchased_type":["Card","Card"],"build_version":"2020-12-13","purchased_purges":2,"victory":true,"max_hp_per_floor":[80,80,80,80,80,80,80,80,80,80,82,84,84,84,84,84,84,86,86,88,90,92,92,92,92,92,92,94,94,96,98,98,98,98,100,102,102,102,104,104,104,104,104,104,106,108,110,110,110,110],"card_choices":[{"not_picked":["Flex","Clothesline","Thunderclap"],"picked":"SKIP","floor":1.0},{"not_picked":["Thunderclap","Armaments"],"picked":"Sentinel","floor":4},{"not_picked":["True Grit","Intimidate"],"picked":"Second Wind","floor":5},{"not_picked":["Rampage","Armaments","Anger"],"picked":"SKIP","floor":6},{"not_picked":["Headbutt","Sword Boomerang","Entrench"],"picked":"Singing Bowl","floor":11},{"not_picked":["Headbutt","Rupture","Rage"],"picked":"Singing Bowl","floor":12},{"not_picked":["Second Wind","Anger"],"picked":"Infernal Blade","floor":14},{"not_picked":["Brutality","Juggernaut"],"picked":"Exhume","floor":16},{"not_picked":["Shrug It Off+1","Flex","Clash"],"picked":"Singing Bowl","floor":18},{"not_picked":["Sword Boomerang+1","Rupture","Clothesline"],"picked":"Singing Bowl","floor":20},{"not_picked":["Cleave","Warcry","Shrug It Off"],"picked":"Singing Bowl","floor":21},{"not_picked":["Clothesline+1","Pommel Strike","Shrug It Off"],"picked":"Singing Bowl","floor":22},{"not_picked":["Uppercut","Warcry+1"],"picked":"Fiend Fire","floor":25},{"not_picked":["Warcry","Havoc","True Grit+1"],"picked":"Singing Bowl","floor":28},{"not_picked":["Second Wind","Armaments+1","Sword Boomerang"],"picked":"Singing Bowl","floor":30},{"not_picked":["Twin Strike+1","Anger","Flex"],"picked":"Singing Bowl","floor":31},{"not_picked":["Reaper","Barricade"],"picked":"Fiend Fire","floor":33},{"not_picked":["Flex","Shockwave+1","Sword Boomerang+1"],"picked":"Singing Bowl","floor":35},{"not_picked":["Headbutt+1","Iron Wave","Ghostly Armor+1"],"picked":"Singing Bowl","floor":36},{"not_picked":["Armaments+1","Sword Boomerang","Rage"],"picked":"Singing Bowl","floor":39},{"not_picked":["Uppercut+1","Headbutt"],"picked":"Dark Embrace+1","floor":40},{"not_picked":["Anger","Flex"],"picked":"Power Through+1","floor":42},{"not_picked":["Good Instincts","Impatience"],"picked":"Jack Of All Trades","floor":45},{"not_picked":["Mayhem","Mind Blast","HandOfGreed"],"picked":"Singing Bowl","floor":45},{"not_picked":["Trip","Bandage Up"],"picked":"Jack Of All Trades","floor":45},{"not_picked":["Clash","Battle Trance","Spot Weakness"],"picked":"Singing Bowl","floor":46},{"not_picked":["Shockwave+1","Pommel Strike","Fire Breathing"],"picked":"Singing Bowl","floor":47}],"player_experience":787878,"relics_obtained":[{"floor":6,"key":"StrikeDummy"},{"floor":8,"key":"Pantograph"},{"floor":9,"key":"Singing Bowl"},{"floor":11,"key":"Dead Branch"},{"floor":26,"key":"Champion Belt"},{"floor":40,"key":"Paper Frog"},{"floor":42,"key":"Happy Flower"},{"floor":43,"key":"Nunchaku"}],"event_choices":[{"damage_healed":0.0,"max_hp_gain":0.0,"max_hp_loss":0.0,"gold_gain":0.0,"event_name":"Living Wall","player_choice":"Grow","floor":2.0,"gold_loss":0.0,"damage_taken":0.0,"cards_upgraded":["Bash"]},{"damage_healed":0,"gold_gain":0,"player_choice":"Fled","damage_taken":0,"max_hp_gain":0,"max_hp_loss":0,"event_name":"Scrap Ooze","floor":3,"gold_loss":0},{"damage_healed":26,"gold_gain":0,"player_choice":"Banana","damage_taken":0,"max_hp_gain":0,"max_hp_loss":0,"event_name":"Big Fish","floor":7,"gold_loss":0},{"damage_healed":0,"gold_gain":0,"player_choice":"Ignored","damage_taken":0,"max_hp_gain":0,"max_hp_loss":0,"event_name":"Vampires","floor":24,"gold_loss":0},{"damage_healed":0,"gold_gain":0,"cards_transformed":["Perfected Strike","Headbutt"],"player_choice":"Became Test Subject","damage_taken":0,"max_hp_gain":0,"max_hp_loss":0,"event_name":"Drug Dealer","floor":29,"gold_loss":0,"cards_obtained":["Ghostly Armor","True Grit"]},{"damage_healed":0,"gold_gain":0,"player_choice":"Embrace Madness","damage_taken":13,"max_hp_gain":0,"max_hp_loss":0,"event_name":"Winding Halls","floor":37,"gold_loss":0,"cards_obtained":["Madness","Madness"]},{"damage_healed":0,"gold_gain":0,"player_choice":"Ignored","damage_taken":0,"max_hp_gain":0,"max_hp_loss":0,"event_name":"Tomb of Lord Red Mask","floor":44,"gold_loss":0},{"damage_healed":0,"gold_gain":0,"player_choice":"Memory 3","damage_taken":10,"max_hp_gain":0,"max_hp_loss":0,"event_name":"SensoryStone","floor":45,"gold_loss":0}],"is_beta":false,"boss_relics":[{"not_picked":["Fusion Hammer","SacredBark"],"picked":"Pandora\u0027s Box"},{"not_picked":["Velvet Choker","Astrolabe","Philosopher\u0027s Stone"]}],"items_purged_floors":[19,38],"is_endless":false,"potions_floor_spawned":[5,11,12,14,18,22,25,27,33,35,47],"ascension_level":8}}