{"host":"udyc8f81k2jocuhg","time":1608246853,"event":{"mods":["2.2 Compatiblity","BaseMod","Better Third Choice","Colored Powertips","Conspire","Custom Start","GifTheSpireLib","Hermit","Minty Spire (QoL Compilation)","Permanent Neow","Quick Restart","Relic Filter","Relic Stats","Replay The Spire","Shop Mod","Spikes Relics","StSLib","Stuff the Spire"],"gold_per_floor":[113,127,137,152,37,67,67,82,135,146,181,199,299,330,330,409,409,427,194,204,224,243,243,243,243],"floor_reached":24,"playtime":1094,"items_purged":[],"score":432,"play_id":"95d53b0b-7fee-4041-8b00-e132a467ee04","local_time":"20201218001413","is_ascension_mode":true,"campfire_choices":[{"data":"StuffTheSpire:Sprint","floor":15,"key":"SMITH"},{"data":"Footwork","floor":23,"key":"SMITH"}],"circlet_count":0,"master_deck":["AscendersBane","Strike_G","Strike_G","Strike_G","Strike_G","Strike_G","Defend_G","Defend_G","Defend_G","Defend_G","Defend_G","Survivor","Neutralize","Blade Dance","Terror+1","Deflect","PiercingWail","Infinite Blades","Cloak And Dagger","Cloak And Dagger","Adrenaline","Infinite Blades","StuffTheSpire:Sprint+1","Blade Dance","Footwork","Footwork+1","Dodge and Roll"],"relics":["WristBlade","Bag of Marbles","Bottled Tornado","Tough Bandages","CosmicIsotope","DollysMirror"],"acts_visited":["Exordium","TheCity"],"potions_floor_usage":[6,18,20,20],"damage_taken":[{"damage":0,"enemies":"2 Louse","floor":1,"turns":4},{"damage":4,"enemies":"Small Slimes","floor":2,"turns":3},{"damage":0,"enemies":"Cultist","floor":3,"turns":3},{"damage":0,"enemies":"Blue Slaver","floor":4,"turns":3},{"damage":22,"enemies":"Gremlin Nob","floor":6,"turns":5},{"damage":0,"enemies":"2 Fungi Beasts","floor":8,"turns":3},{"damage":0,"enemies":"3 Louse","floor":10,"turns":3},{"damage":4,"enemies":"Lagavulin","floor":11,"turns":6},{"damage":0,"enemies":"Large Slime","floor":12,"turns":3},{"damage":0,"enemies":"3 Sentries","floor":14,"turns":5},{"damage":37,"enemies":"Fading Forest","floor":16,"turns":11},{"damage":8,"enemies":"conspire:FuzzyDice","floor":18,"turns":5},{"damage":0,"enemies":"2 Thieves","floor":20,"turns":2},{"damage":18,"enemies":"Snake Plant","floor":21,"turns":6},{"damage":8,"enemies":"Cultist and Chosen","floor":22,"turns":7},{"damage":24,"enemies":"Slavers","floor":24,"turns":1}],"seed_played":"-5437964148862256357","potions_obtained":[{"floor":1,"key":"Languid Potion"},{"floor":3,"key":"Reflective Coating"},{"floor":4,"key":"Block Potion"},{"floor":10,"key":"Adrenaline Potion"},{"floor":16,"key":"CunningPotion"},{"floor":18,"key":"Strength Potion"},{"floor":22,"key":"Energy Potion"}],"is_trial":false,"path_per_floor":["M","M","M","M","$","E","?","M","T","M","E","M","?","E","R","B",null,"M","$","M","M","M","R","E"],"character_chosen":"THE_SILENT","items_purchased":["Infinite Blades","Cloak And Dagger","Footwork","DollysMirror"],"campfire_rested":0,"item_purchase_floors":[5,5,19,19],"current_hp_per_floor":[59,55,55,55,55,33,33,33,33,33,29,29,29,29,29,14,53,45,45,45,27,19,19,0,0],"gold":243,"neow_bonus":"BOSS_RELIC","is_daily":false,"chose_seed":false,"campfire_upgraded":2,"win_rate":0.0,"timestamp":1608246853,"path_taken":["M","M","M","M","$","E","?","M","T","M","E","M","?","E","R","BOSS","M","?","M","M","M","R","E"],"items_purchased_type":["Card","Card","Card","Relic"],"build_version":"2020-12-13","purchased_purges":0,"victory":false,"max_hp_per_floor":[66,66,66,66,66,66,66,66,66,66,66,66,66,66,66,66,66,66,66,66,66,66,66,66,66],"relic_stats":{"Tough Bandages":[9],"counters":[16,70],"obtain_stats":[{"Tough Bandages":14,"WristBlade":0,"DollysMirror":19,"Bag of Marbles":6,"CosmicIsotope":17,"Bottled Tornado":11,"Ring of the Snake":0},{"Tough Bandages":10,"WristBlade":0,"DollysMirror":12,"Bag of Marbles":5,"CosmicIsotope":11,"Bottled Tornado":8,"Ring of the Snake":0},{"Tough Bandages":38,"WristBlade":0,"DollysMirror":54,"Bag of Marbles":18,"CosmicIsotope":49,"Bottled Tornado":30,"Ring of the Snake":0}]},"card_choices":[{"not_picked":["StuffTheSpire:Python","Dash"],"picked":"Blade Dance","floor":1},{"not_picked":["PiercingWail","StuffTheSpire:Incursion"],"picked":"Terror","floor":2},{"not_picked":["Flechettes","Toxin Wave"],"picked":"Deflect","floor":3},{"not_picked":["Unload","Underhanded Strike"],"picked":"PiercingWail","floor":4},{"not_picked":["Quick Slash","StuffTheSpire:Repulse"],"picked":"Adrenaline","floor":6},{"not_picked":["Flying Knee","Hidden Blade"],"picked":"Infinite Blades","floor":8},{"not_picked":["StuffTheSpire:Incursion","Poisoned Stab","Deadly Poison"],"picked":"SKIP","floor":10},{"not_picked":["ShadowRift","Skewer"],"picked":"StuffTheSpire:Sprint","floor":11},{"not_picked":["StuffTheSpire:Python","Flechettes","Sucker Punch"],"picked":"SKIP","floor":12},{"not_picked":["Deadly Poison","Expertise"],"picked":"Blade Dance","floor":14},{"not_picked":["Reflex","Flying Knee+1","Sucker Punch"],"picked":"SKIP","floor":18},{"not_picked":["Dagger Spray","StuffTheSpire:BumpUp"],"picked":"Dodge and Roll","floor":20},{"not_picked":["Dagger Throw+1","Underhanded Strike","StuffTheSpire:Python"],"picked":"SKIP","floor":21},{"not_picked":["Quick Slash","Terror","Acrobatics"],"picked":"SKIP","floor":22}],"player_experience":1920192,"relics_obtained":[{"floor":6,"key":"Bag of Marbles"},{"floor":11,"key":"Bottled Tornado"},{"floor":14,"key":"Tough Bandages"}],"event_choices":[{"damage_healed":0,"gold_gain":100,"player_choice":"Gold","damage_taken":0,"max_hp_gain":0,"max_hp_loss":0,"event_name":"Wheel of Change","floor":13,"gold_loss":0}],"is_beta":false,"boss_relics":[{"not_picked":["Painkiller Herb","Replay:Grab Bag"],"picked":"CosmicIsotope"}],"items_purged_floors":[],"is_endless":false,"potions_floor_spawned":[1,3,4,10,11,16,18,22],"killed_by":"Slavers","ascension_level":15}}