{"host":"dntw6kil9p09eemm","time":1608183666,"event":{"mods":["BaseMod","Become a monster €›?Œ÷","BetterRewards","Colored Powertips","Hermit","Keyboard Shortcuts","Minty Spire (QoL Compilation)","Permanent Neow","Shop Mod","Spicy Shops","StSLib","The Runesmith","Waifu the Spire","vexMod"],"gold_per_floor":[99,114,128,78,98,98,98,114,133,156,175,204,219,231,80,80,175,175,187,201,20,20,23,23,39,39,39,0,18,34,47,64,64,162,162,179,194,194,194],"floor_reached":38,"playtime":1940,"items_purged":["Defend_B"],"score":409,"play_id":"9f97d492-3362-485c-8175-cfac093c845f","local_time":"20201217144106","is_ascension_mode":false,"campfire_choices":[{"data":"Zap","floor":7,"key":"SMITH"},{"floor":16,"key":"REST"},{"floor":24,"key":"REST"},{"floor":33,"key":"REST"}],"circlet_count":0,"master_deck":["Zap+1","Dualcast","Steam Power","Redo","Conserve Battery","Melter","Streamline","Loop","Core Surge","Thunder Strike","BootSequence+1","Consume+1","Conserve Battery","Redo+1","Self Repair","Hello World","Bandage Up","Leap","Sunder","Streamline+1","Hologram","Sweeping Beam","Seek","Beam Cell","Hologram+1"],"relics":["Cracked Core","Toy Ornithopter","Centennial Puzzle","Astrolabe","Runesmith:Locket","Membership Card","Blue Candle","Bronze Scales","Black Star"],"acts_visited":["Exordium","TheCity","TheBeyond"],"potions_floor_usage":[11,12,12,34,34,34],"damage_taken":[{"damage":0,"enemies":"3 Shapes","floor":2,"turns":1},{"damage":0,"enemies":"Small Slimes","floor":3,"turns":2},{"damage":2,"enemies":"Jaw Worm","floor":5,"turns":4},{"damage":0,"enemies":"Large Slime","floor":8,"turns":4},{"damage":4,"enemies":"Exordium Wildlife","floor":9,"turns":3},{"damage":3,"enemies":"Gremlin Gang","floor":11,"turns":3},{"damage":28,"enemies":"Lagavulin","floor":12,"turns":5},{"damage":4,"enemies":"2 Fungi Beasts","floor":13,"turns":2},{"damage":0,"enemies":"Exordium Wildlife","floor":14,"turns":3},{"damage":51,"enemies":"Slime Boss","floor":17,"turns":10},{"damage":23,"enemies":"2 Thieves","floor":19,"turns":4},{"damage":0,"enemies":"Chosen","floor":20,"turns":4},{"damage":22,"enemies":"Snake Plant","floor":25,"turns":4},{"damage":29,"enemies":"Cultist and Chosen","floor":29,"turns":5},{"damage":22,"enemies":"Snecko","floor":30,"turns":4},{"damage":7,"enemies":"Snake Plant","floor":31,"turns":3},{"damage":14,"enemies":"Chosen and Byrds","floor":32,"turns":5},{"damage":35,"enemies":"Collector","floor":34,"turns":7},{"damage":30,"enemies":"3 Darklings","floor":36,"turns":5},{"damage":13,"enemies":"Orb Walker","floor":37,"turns":3},{"damage":55,"enemies":"Transient","floor":38,"turns":5}],"seed_played":"3188114772045230728","potions_obtained":[{"floor":2,"key":"LiquidBronze"},{"floor":5,"key":"SteroidPotion"},{"floor":9,"key":"ColorlessPotion"},{"floor":13,"key":"PowerPotion"},{"floor":19,"key":"ColorlessPotion"},{"floor":25,"key":"Energy Potion"},{"floor":30,"key":"EssenceOfSteel"},{"floor":34,"key":"Weak Potion"},{"floor":37,"key":"Dexterity Potion"}],"is_trial":false,"path_per_floor":["M","M","M","?","M","$","R","M","M","T","M","E","M","M","$","R","B",null,"M","M","$","?","$","R","M","?","T","$","M","M","M","M","R","B",null,"M","M","M"],"character_chosen":"DEFECT","items_purchased":["Core Surge","Runesmith:Locket","Self Repair","Membership Card","Bandage Up","Bronze Scales"],"campfire_rested":3,"item_purchase_floors":[15,21,21,23,23,28],"current_hp_per_floor":[68,68,68,68,66,66,66,66,62,62,64,40,36,36,36,56,5,68,45,45,45,45,45,65,54,54,54,54,36,25,22,19,39,23,68,45,36,0,0],"gold":194,"neow_bonus":"REMOVE_TWO","is_daily":false,"chose_seed":false,"campfire_upgraded":1,"win_rate":0.0,"timestamp":1608183666,"path_taken":["M","?","?","M","?","R","M","M","T","M","E","M","M","$","R","BOSS","M","M","$","?","$","R","M","?","T","?","M","M","M","?","R","BOSS","M","?","M"],"items_purchased_type":["Card","Relic","Card","Relic","Card","Relic"],"build_version":"2020-12-13","purchased_purges":1,"victory":false,"max_hp_per_floor":[68,68,68,68,68,68,68,68,68,68,68,68,68,68,68,68,68,68,68,68,68,68,68,68,68,68,68,68,68,68,68,68,68,68,68,68,68,68,68],"card_choices":[{"not_picked":["Steam","Tempest"],"picked":"Steam Power","floor":2},{"not_picked":["Steam","White Noise"],"picked":"Redo","floor":3},{"not_picked":["Heatsinks","Go for the Eyes","Gash"],"picked":"SKIP","floor":5},{"not_picked":["Coolheaded","Lockon"],"picked":"Conserve Battery","floor":8},{"not_picked":["FTL","Hello World"],"picked":"Melter","floor":9},{"not_picked":["Recycle","Consume","Go for the Eyes"],"picked":"SKIP","floor":11},{"not_picked":["Hello World","Auto Shields"],"picked":"Streamline","floor":12},{"not_picked":["Coolheaded","Steam"],"picked":"Loop","floor":13},{"not_picked":["Steam","Heatsinks","Streamline"],"picked":"SKIP","floor":14},{"not_picked":["Amplify","Rainbow"],"picked":"Thunder Strike","floor":17},{"not_picked":["Go for the Eyes","Hello World+1"],"picked":"Conserve Battery","floor":19},{"not_picked":["Blizzard","Gash"],"picked":"Redo+1","floor":20},{"not_picked":["Steam","Recycle"],"picked":"Leap","floor":25},{"not_picked":["Stack","Core Surge"],"picked":"Sunder","floor":29},{"not_picked":["Compile Driver+1","Leap"],"picked":"Streamline+1","floor":30},{"not_picked":["Compile Driver+1","Coolheaded+1"],"picked":"Hologram","floor":31},{"not_picked":["Rainbow","Consume"],"picked":"Sweeping Beam","floor":32},{"not_picked":["Thunder Strike","Reboot"],"picked":"Seek","floor":34},{"not_picked":["Redo+1","Coolheaded+1"],"picked":"Beam Cell","floor":36},{"not_picked":["Reprogram+1","Doom and Gloom+1"],"picked":"Hologram+1","floor":37}],"player_experience":181744,"relics_obtained":[{"floor":10,"key":"Toy Ornithopter"},{"floor":12,"key":"Centennial Puzzle"},{"floor":27,"key":"Blue Candle"}],"event_choices":[{"cards_removed":["Strike_B"],"damage_healed":0,"gold_gain":0,"player_choice":"Card Removal","damage_taken":0,"max_hp_gain":0,"max_hp_loss":0,"event_name":"The Cleric","floor":4,"gold_loss":50},{"damage_healed":0,"gold_gain":0,"cards_transformed":["Chill","Defend_B"],"player_choice":"Became Test Subject","damage_taken":0,"max_hp_gain":0,"max_hp_loss":0,"event_name":"Drug Dealer","floor":22,"gold_loss":0,"cards_obtained":["Hello World","Glacier"]},{"cards_removed":["Glacier"],"damage_healed":0,"gold_gain":0,"player_choice":"Elegance","damage_taken":0,"max_hp_gain":0,"max_hp_loss":0,"event_name":"Back to Basics","floor":26,"gold_loss":0}],"is_beta":false,"boss_relics":[{"not_picked":["vexMod:ImprovementManual","Runic Dome"],"picked":"Astrolabe"},{"not_picked":["FrozenCore","Tiny House"],"picked":"Black Star"}],"items_purged_floors":[15],"is_endless":false,"potions_floor_spawned":[2,5,9,13,19,25,30,31,34,37],"killed_by":"Transient","ascension_level":0}}