{"host":"p245q48pmopyklqs","time":1608176326,"event":{"mods":["AchievementEnabler","BaseMod","DeckTracker","Minty Spire (QoL Compilation)","Relic Stats","StSLib","SuperFastMode"],"gold_per_floor":[117,117,167,190,215,250,275,291,316,41,41,41,41,66,66,156,156,181,231,156,174,174,174,174],"floor_reached":23,"playtime":483,"items_purged":["Strike_B"],"score":382,"play_id":"bf0e7486-8bd9-46c0-89c4-7364f54b1457","local_time":"20201217123846","is_ascension_mode":true,"campfire_choices":[{"data":"Apotheosis","floor":13.0,"key":"SMITH"},{"floor":15.0,"key":"REST"}],"circlet_count":0,"master_deck":["AscendersBane","Strike_B","Strike_B","Defend_B","Defend_B","Defend_B","Defend_B","Zap","Dualcast","Ball Lightning","Sunder","Cold Snap","Sweeping Beam","Beam Cell","Apotheosis+1","Hyperbeam","Melter","Compile Driver","Buffer","Capacitor","White Noise"],"relics":["Cracked Core","NeowsBlessing","Golden Idol","Letter Opener","Bronze Scales","Philosopher\u0027s Stone"],"acts_visited":["Exordium","TheCity"],"potions_floor_usage":[23],"damage_taken":[{"damage":0.0,"enemies":"Small Slimes","floor":1.0,"turns":1.0},{"damage":0.0,"enemies":"2 Louse","floor":4.0,"turns":1.0},{"damage":0.0,"enemies":"Cultist","floor":5.0,"turns":1.0},{"damage":28.0,"enemies":"Gremlin Nob","floor":6.0,"turns":4.0},{"damage":5.0,"enemies":"Looter","floor":7.0,"turns":3.0},{"damage":16.0,"enemies":"Large Slime","floor":8.0,"turns":3.0},{"damage":12.0,"enemies":"Exordium Thugs","floor":14.0,"turns":3.0},{"damage":6.0,"enemies":"Slime Boss","floor":16.0,"turns":5.0},{"damage":0.0,"enemies":"Chosen","floor":18.0,"turns":3.0},{"damage":18.0,"enemies":"2 Thieves","floor":21.0,"turns":3.0},{"damage":36,"enemies":"Book of Stabbing","floor":23,"turns":3}],"seed_played":"8434843061445795694","potions_obtained":[{"floor":5.0,"key":"PowerPotion"},{"floor":6.0,"key":"Swift Potion"},{"floor":21.0,"key":"SpeedPotion"}],"is_trial":false,"path_per_floor":["M","?","?","M","M","E","M","M","T","$","?","?","R","M","R","B",null,"M","?","$","M","?","E"],"character_chosen":"DEFECT","items_purchased":["Apotheosis","Hyperbeam"],"campfire_rested":1,"item_purchase_floors":[10,10],"current_hp_per_floor":[64,64,64,64,64,36,31,15,15,15,15,15,15,3,22,16,52,52,52,52,34,34,0,0],"gold":174,"neow_bonus":"THREE_ENEMY_KILL","is_daily":false,"chose_seed":false,"campfire_upgraded":1,"win_rate":0.0,"timestamp":1608176326,"path_taken":["M","?","?","M","?","E","M","M","T","$","?","?","R","M","R","BOSS","M","?","$","M","?","E"],"items_purchased_type":["Card","Card"],"build_version":"2020-12-13","purchased_purges":1,"victory":false,"max_hp_per_floor":[71,64,64,64,64,64,64,64,64,64,64,64,64,64,64,64,64,64,64,64,64,64,64,64],"relic_stats":{"counters":[11,30],"Golden Idol":57,"Bronze Scales":[36],"Letter Opener":[15],"obtain_stats":[{"NeowsBlessing":0,"Golden Idol":2,"Bronze Scales":9,"Philosopher\u0027s Stone":17,"Letter Opener":6,"Cracked Core":0},{"NeowsBlessing":0,"Golden Idol":1,"Bronze Scales":6,"Philosopher\u0027s Stone":8,"Letter Opener":4,"Cracked Core":0},{"NeowsBlessing":0,"Golden Idol":1,"Bronze Scales":13,"Philosopher\u0027s Stone":21,"Letter Opener":7,"Cracked Core":0}]},"card_choices":[{"not_picked":["Stack","Beam Cell"],"picked":"Ball Lightning","floor":1.0},{"not_picked":["Redo","Blizzard"],"picked":"Sunder","floor":4.0},{"not_picked":["Redo","FTL"],"picked":"Cold Snap","floor":5.0},{"not_picked":["Static Discharge","Redo"],"picked":"Sweeping Beam","floor":6.0},{"not_picked":["Rebound","Lockon"],"picked":"Beam Cell","floor":7.0},{"not_picked":["Stack","Barrage","Beam Cell"],"picked":"SKIP","floor":8.0},{"not_picked":["Skim","Leap"],"picked":"Compile Driver","floor":14.0},{"not_picked":["Machine Learning","All For One"],"picked":"Buffer","floor":16.0},{"not_picked":["Gash+1","Aggregate+1"],"picked":"Capacitor","floor":18.0},{"not_picked":["Reinforced Body","Conserve Battery"],"picked":"White Noise","floor":21.0}],"player_experience":2288182,"relics_obtained":[{"floor":6.0,"key":"Letter Opener"},{"floor":9.0,"key":"Bronze Scales"}],"event_choices":[{"damage_healed":0.0,"max_hp_gain":0.0,"max_hp_loss":7.0,"gold_gain":0.0,"event_name":"Golden Idol","player_choice":"Lose Max HP","floor":2.0,"gold_loss":0.0,"damage_taken":0.0,"relics_obtained":["Golden Idol"]},{"damage_healed":0.0,"max_hp_gain":0.0,"max_hp_loss":0.0,"gold_gain":50.0,"event_name":"Golden Shrine","player_choice":"Pray","floor":3.0,"gold_loss":0.0,"damage_taken":0.0},{"damage_healed":0.0,"max_hp_gain":0.0,"max_hp_loss":0.0,"gold_gain":0.0,"event_name":"Dead Adventurer","player_choice":"Searched \u00270\u0027 times","floor":11.0,"gold_loss":0.0,"damage_taken":0.0},{"damage_healed":0.0,"max_hp_gain":0.0,"max_hp_loss":0.0,"gold_gain":0.0,"cards_transformed":["Strike_B"],"event_name":"Transmorgrifier","player_choice":"Transformed","floor":12.0,"gold_loss":0.0,"damage_taken":0.0,"cards_obtained":["Melter"]},{"damage_healed":0.0,"max_hp_gain":0.0,"max_hp_loss":0.0,"gold_gain":50.0,"event_name":"Nest","player_choice":"Stole From Cult","floor":19.0,"gold_loss":0.0,"damage_taken":0.0},{"damage_healed":0.0,"max_hp_gain":0.0,"max_hp_loss":0.0,"gold_gain":0.0,"event_name":"The Mausoleum","player_choice":"Ignored","floor":22.0,"gold_loss":0.0,"damage_taken":0.0}],"is_beta":false,"boss_relics":[{"not_picked":["Calling Bell","Inserter"],"picked":"Philosopher\u0027s Stone"}],"items_purged_floors":[20],"is_endless":false,"potions_floor_spawned":[5,6,7,14,21],"killed_by":"Book of Stabbing","ascension_level":20}}