{"host":"Sumable","time":1608168657,"event":{"mods":["AchievementEnabler","BaseMod","Better Note","BetterRewards","Googly Eyes","Hermit","Minty Spire (QoL Compilation)","Quick Restart","Shop Mod","StSLib","The Cursed","everything is the same but u backflip on backflip","slay the spire mod where everything is the same but ironclad has a cowboy hat"],"gold_per_floor":[117,143,143,153,153,153,167,167,167,167,177,177,177,193,193,322,322,336,336,336,354,354,354],"floor_reached":22,"playtime":668,"items_purged":[],"score":318,"play_id":"099ffc5e-d809-4a41-85f4-491e52299fc8","local_time":"20201216183057","is_ascension_mode":true,"campfire_choices":[{"data":"The Bomb","floor":6,"key":"SMITH"},{"data":"Spot Weakness","floor":8,"key":"SMITH"},{"data":"Heavy Blade","floor":15,"key":"SMITH"}],"circlet_count":0,"master_deck":["AscendersBane","Strike_R","Strike_R","Strike_R","Strike_R","Strike_R","Defend_R","Defend_R","Defend_R","Defend_R","Bash","The Bomb+1","Armaments+1","Shrug It Off","Spot Weakness+1","Spot Weakness","Injury","Heavy Blade+1","Feed","Headbutt","Shame","J.A.X.","Rampage"],"relics":["Burning Blood","Omamori","StoneCalendar","Ancient Tea Set","Paper Frog","Golden Idol","Velvet Choker","InkBottle"],"acts_visited":["Exordium","TheCity"],"potions_floor_usage":[16,16],"damage_taken":[{"damage":1,"enemies":"Cultist","floor":1,"turns":3},{"damage":14,"enemies":"2 Louse","floor":4,"turns":4},{"damage":1,"enemies":"Small Slimes","floor":7,"turns":5},{"damage":17,"enemies":"3 Louse","floor":11,"turns":5},{"damage":10,"enemies":"2 Fungi Beasts","floor":14,"turns":5},{"damage":50,"enemies":"Hexaghost","floor":16,"turns":7},{"damage":33,"enemies":"2 Thieves","floor":18,"turns":3},{"damage":22,"enemies":"Chosen","floor":21,"turns":5},{"damage":42,"enemies":"Snake Plant","floor":22,"turns":3}],"seed_played":"-5026528264509275839","potions_obtained":[{"floor":4,"key":"BloodPotion"},{"floor":7,"key":"CultistPotion"},{"floor":21,"key":"FairyPotion"}],"is_trial":false,"path_per_floor":["M","T","?","M","?","R","M","R","T","?","M","?","?","M","R","B",null,"M","?","?","M","M"],"character_chosen":"IRONCLAD","items_purchased":[],"campfire_rested":0,"item_purchase_floors":[],"current_hp_per_floor":[72,72,72,64,61,61,66,66,66,66,55,72,72,68,68,38,64,37,37,37,21,0,0],"gold":354,"neow_bonus":"RANDOM_COLORLESS_2","is_daily":false,"chose_seed":false,"campfire_upgraded":3,"win_rate":0.0,"timestamp":1608168657,"path_taken":["M","?","?","M","?","R","M","R","T","?","M","?","?","M","R","BOSS","M","?","?","M","M"],"items_purchased_type":[],"build_version":"2020-12-07","purchased_purges":0,"victory":false,"max_hp_per_floor":[72,72,72,72,72,72,72,72,72,72,72,72,72,72,72,72,72,72,72,72,72,72,72],"card_choices":[{"not_picked":["Sadistic Nature","Transmutation"],"picked":"The Bomb","floor":0},{"not_picked":["Perfected Strike","Twin Strike"],"picked":"Armaments","floor":1},{"not_picked":["Evolve","Bloodletting"],"picked":"Shrug It Off","floor":4},{"not_picked":["Wild Strike","Flex"],"picked":"Spot Weakness","floor":7},{"not_picked":["Shrug It Off","Havoc"],"picked":"Spot Weakness","floor":11},{"not_picked":["Burning Pact","Wild Strike"],"picked":"Heavy Blade","floor":14},{"not_picked":["Corruption","Juggernaut"],"picked":"Feed","floor":16},{"not_picked":["Shrug It Off+1","Wild Strike"],"picked":"Headbutt","floor":18},{"not_picked":["Warcry+1","Evolve"],"picked":"Rampage","floor":21}],"player_experience":1002170,"relics_obtained":[{"floor":2,"key":"Omamori"},{"floor":9,"key":"Paper Frog"}],"event_choices":[{"damage_healed":0,"gold_gain":0,"player_choice":"Box","damage_taken":0,"relics_obtained":["StoneCalendar"],"max_hp_gain":0,"max_hp_loss":0,"event_name":"Big Fish","floor":3,"gold_loss":0,"cards_obtained":["Regret"]},{"damage_healed":0,"gold_gain":0,"player_choice":"Success","damage_taken":3,"relics_obtained":["Ancient Tea Set"],"max_hp_gain":0,"max_hp_loss":0,"event_name":"Scrap Ooze","floor":5,"gold_loss":0},{"damage_healed":0,"gold_gain":0,"player_choice":"Grow","damage_taken":0,"max_hp_gain":0,"max_hp_loss":0,"event_name":"Living Wall","floor":10,"gold_loss":0,"cards_upgraded":["Armaments"]},{"damage_healed":18,"gold_gain":0,"player_choice":"Healed and dodged fight","damage_taken":0,"max_hp_gain":0,"max_hp_loss":0,"event_name":"Mushrooms","floor":12,"gold_loss":0,"cards_obtained":["Parasite"]},{"damage_healed":0,"gold_gain":0,"player_choice":"Take Wound","damage_taken":0,"relics_obtained":["Golden Idol"],"max_hp_gain":0,"max_hp_loss":0,"event_name":"Golden Idol","floor":13,"gold_loss":0,"cards_obtained":["Injury"]},{"damage_healed":0,"gold_gain":0,"player_choice":"Stole Relic","damage_taken":0,"relics_obtained":["InkBottle"],"max_hp_gain":0,"max_hp_loss":0,"event_name":"Addict","floor":19,"gold_loss":0,"cards_obtained":["Shame"]},{"damage_healed":0,"gold_gain":0,"player_choice":"Obtain J.A.X.","damage_taken":0,"max_hp_gain":0,"max_hp_loss":0,"event_name":"Drug Dealer","floor":20,"gold_loss":0,"cards_obtained":["J.A.X."]}],"is_beta":true,"boss_relics":[{"not_picked":["Tiny House","Pandora\u0027s Box"],"picked":"Velvet Choker"}],"items_purged_floors":[],"is_endless":false,"potions_floor_spawned":[4,7,14,21],"killed_by":"Snake Plant","ascension_level":12}}