{"host":"5pvsezzv96u4cz40","time":1608166023,"event":{"mods":["2.2 Compatiblity","Act Like it!","BaseMod","BetterRewards","CapriCore","Colored Map","Colored Powertips","GifTheSpireLib","GungeonMod","Hermit","HornydragonMod","Hubris","Infinite Spire","Jorbs\u0027s Wanderer Trilogy","Lobotomy","Marisa????????","Menagerie","Minty Spire (QoL Compilation)","Remilia??????","Replay The Spire","Shop Mod","StSLib","The Bladedancer","The Exalted","The Servant 0.9.4","??????REMEMod"],"gold_per_floor":[79,99,99,119,17,17,34,34,34,48,48,123,136,89,89,188,238,250,250,41,58,71,81,81,81,161,241,241,241],"floor_reached":28,"playtime":2876,"items_purged":["Strike_HD"],"score":260,"play_id":"3a4f91de-8e47-41c1-ae44-45ab952eec7c","local_time":"20201217014703","is_ascension_mode":false,"campfire_choices":[{"data":"BlackJackAttack","floor":6,"key":"SMITH"},{"data":"BraveAlcohol","floor":8,"key":"SMITH"},{"data":"ThrowBottle","floor":11,"key":"SMITH"},{"floor":15,"key":"REST"},{"floor":25,"key":"REST"}],"circlet_count":0,"master_deck":["Strike_HD","Strike_HD","Strike_HD","DrunkenFist","Defend_HD","Defend_HD","Defend_HD","Defend_HD","AlcoholBarrier","BreakDrink","FlawlessForm+1","ShrimpCocktail","BlackJackAttack+1","Fly","BraveAlcohol+1","ThrowBottle+1","Ahahah","DrumStick","Brimstone","Noodle","AlcoholAttack+1","Noodle","GetToilet","Jack Of All Trades","Margarita","AlcoholBarrier","Fly","hubris:Fate"],"relics":["WineBottle","REME_ComplimentaryCards","infinitespire:Beetle Shell","ReplayTheSpireMod:TigerMarble","Tiny House","BargainBundle","Darkstone Periapt","Question Card"],"acts_visited":["Exordium","TheCity"],"potions_floor_usage":[5,13,16,16,16,16,21,22,22,22,23],"damage_taken":[{"damage":4,"enemies":"Small Slimes","floor":1,"turns":4},{"damage":0,"enemies":"Cultist","floor":2,"turns":5},{"damage":2,"enemies":"Jaw Worm","floor":4,"turns":2},{"damage":0,"enemies":"2 Fungi Beasts","floor":7,"turns":4},{"damage":0,"enemies":"Large Slime","floor":10,"turns":1},{"damage":0,"enemies":"Looter","floor":13,"turns":2},{"damage":0,"enemies":"The Guardian","floor":16,"turns":15},{"damage":18,"enemies":"Chosen","floor":18,"turns":9},{"damage":1,"enemies":"Spheric Guardian","floor":21,"turns":3},{"damage":5,"enemies":"Centurion and Healer","floor":22,"turns":7},{"damage":17,"enemies":"Snake Plant","floor":23,"turns":5},{"damage":98,"enemies":"Gremlin Leader","floor":28,"turns":10}],"seed_played":"2496695751198023216","potions_obtained":[{"floor":3,"key":"Toxic Potion"},{"floor":3,"key":"SpeedPotion"},{"floor":3,"key":"Languid Potion"},{"floor":7,"key":"Weak Potion"},{"floor":10,"key":"AlcoholPotion"},{"floor":13,"key":"Explosive Potion"},{"floor":17,"key":"Flashbang"},{"floor":18,"key":"Toxic Potion"},{"floor":21,"key":"BlessingOfTheForge"}],"is_trial":false,"path_per_floor":["M","M","?","M","$","R","M","R","T","M","R","?","M","$","R","B",null,"M","?","$","M","M","M","AVR","R","T","T","E"],"character_chosen":"HORNYDRAGON","items_purchased":["Fruit Juice","DrumStick","BargainBundle","Explosive Potion","Explosive Potion","Noodle","GetToilet","Jack Of All Trades"],"campfire_rested":2,"item_purchase_floors":[5,14,20,20,20,20,20,20],"current_hp_per_floor":[83,83,83,81,86,86,86,86,86,86,86,75,75,75,92,92,97,79,79,79,78,79,62,62,91,91,91,0,0],"gold":241,"neow_bonus":"RANDOM_COMMON_RELIC","is_daily":false,"chose_seed":false,"campfire_upgraded":3,"win_rate":0.0,"timestamp":1608166023,"path_taken":["M","M","?","?","$","R","M","R","T","?","R","?","M","$","R","BOSS","M","?","$","M","M","M","AVR","R","T","?","E"],"items_purchased_type":["Potion","Card","Relic","Potion","Potion","Card","Card","Card"],"build_version":"2020-12-13","purchased_purges":1,"victory":false,"max_hp_per_floor":[87,87,87,87,92,92,92,92,92,92,92,92,92,92,92,92,97,97,97,97,97,97,97,97,97,97,97,97,97],"card_choices":[{"not_picked":["GetStonks","Circle"],"picked":"ShrimpCocktail","floor":1},{"not_picked":["Sadman570","BraveAlcohol"],"picked":"BlackJackAttack","floor":2},{"not_picked":["Scp261","Wtf"],"picked":"Fly","floor":4},{"not_picked":["Fly","Ahahah"],"picked":"BraveAlcohol","floor":7},{"not_picked":["Scp261","GetStonks"],"picked":"ThrowBottle","floor":10},{"not_picked":["ChickenAttack","PowerGlove"],"picked":"Ahahah","floor":13},{"not_picked":["PointCard0","GetWldd"],"picked":"Brimstone","floor":16},{"not_picked":["Trumpet","BottleAttack"],"picked":"Noodle","floor":17},{"not_picked":["BirdAttack","Alcoholic"],"picked":"AlcoholAttack+1","floor":18},{"not_picked":["Pigeon+1","Beer"],"picked":"Margarita","floor":21},{"not_picked":["Refill","RainbowAttack"],"picked":"AlcoholBarrier","floor":22},{"not_picked":["Beer","AlcoholFlame"],"picked":"Fly","floor":23}],"player_experience":151169,"relics_obtained":[{"floor":9,"key":"ReplayTheSpireMod:TigerMarble"},{"floor":26,"key":"Darkstone Periapt"},{"floor":27,"key":"Question Card"}],"event_choices":[{"damage_healed":0,"gold_gain":0,"player_choice":"Got Potions","damage_taken":0,"max_hp_gain":0,"max_hp_loss":0,"event_name":"Lab","floor":3,"gold_loss":0},{"damage_healed":0,"gold_gain":75,"player_choice":"Gather Gold","damage_taken":11,"max_hp_gain":0,"max_hp_loss":0,"event_name":"World of Goop","floor":12,"gold_loss":0}],"is_beta":false,"boss_relics":[{"not_picked":["hubris:Stopwatch","Abe\u0027s Treasure"],"picked":"Tiny House"}],"items_purged_floors":[20],"is_endless":false,"potions_floor_spawned":[7,10,13,18,21],"killed_by":"Gremlin Leader","ascension_level":0}}