{"host":"llpusn9usp8rznkj","time":1608231724,"event":{"mods":["2.2 Compatiblity","BaseMod","Colored Map","Colored Powertips","Conspire","Downfall","Hubris","Minty Spire (QoL Compilation)","Rare Cards Sparkle","Replay The Spire","StSLib","The Cursed"],"gold_per_floor":[112,123,139,139,139,139,139,139],"floor_reached":7,"playtime":212,"items_purged":[],"score":82,"play_id":"b7c5c87b-9bd3-4bf3-8091-00a6797186be","local_time":"20201217140204","is_ascension_mode":true,"campfire_choices":[{"data":"Redo","floor":6,"key":"SMITH"}],"circlet_count":0,"master_deck":["AscendersBane","Strike_B","Strike_B","Strike_B","Strike_B","Defend_B","Defend_B","Defend_B","Defend_B","Zap+1","Dualcast","Languid","Redo+1","Hologram","Storm","Regret"],"relics":["Cracked Core","Emotion Chip","ReplayTheSpireMod:Lightbulb"],"acts_visited":["Exordium"],"potions_floor_usage":[7],"damage_taken":[{"damage":11,"enemies":"Small Slimes","floor":1,"turns":4},{"damage":0,"enemies":"Cultist","floor":2,"turns":3},{"damage":2,"enemies":"Jaw Worm","floor":3,"turns":3},{"damage":51,"enemies":"3 Sentries","floor":7,"turns":5}],"seed_played":"-3975981802339835538","potions_obtained":[{"floor":2,"key":"FearPotion"},{"floor":3,"key":"GamblersBrew"}],"is_trial":false,"path_per_floor":["M","M","M","?","?","R","E"],"character_chosen":"DEFECT","items_purchased":[],"campfire_rested":0,"item_purchase_floors":[],"current_hp_per_floor":[53,53,51,51,51,51,0,0],"gold":139,"neow_bonus":"ONE_RARE_RELIC","is_daily":false,"chose_seed":false,"campfire_upgraded":1,"win_rate":0.0,"timestamp":1608231724,"path_taken":["M","M","M","?","?","R","E"],"items_purchased_type":[],"build_version":"2020-12-13","purchased_purges":0,"victory":false,"max_hp_per_floor":[71,71,71,71,71,71,71,71],"card_choices":[{"not_picked":["Double Energy","Steam"],"picked":"Redo","floor":1},{"not_picked":["Turbo","Compile Driver"],"picked":"Hologram","floor":2},{"not_picked":["Aggregate","ReplayTheSpireMod:GoodbyeWorld"],"picked":"Storm","floor":3}],"player_experience":1070123,"relics_obtained":[],"event_choices":[{"damage_healed":0,"gold_gain":0,"player_choice":"Box","damage_taken":0,"relics_obtained":["ReplayTheSpireMod:Lightbulb"],"max_hp_gain":0,"max_hp_loss":0,"event_name":"Big Fish","floor":4,"gold_loss":0,"cards_obtained":["Regret"]},{"damage_healed":0,"gold_gain":0,"player_choice":"Upgraded","damage_taken":0,"max_hp_gain":0,"max_hp_loss":0,"event_name":"Upgrade Shrine","floor":5,"gold_loss":0,"cards_upgraded":["Zap"]}],"is_beta":false,"boss_relics":[],"items_purged_floors":[],"is_endless":false,"potions_floor_spawned":[2,3],"killed_by":"3 Sentries","ascension_level":20}}