{"host":"oihpulxxofncj7su","time":1608182013,"event":{"mods":["AchievementEnabler","BaseMod","Bestiary","BetterRewards","Colored Powertips","Downfall","Highlight Path","Minty Spire (QoL Compilation)","Quick Restart","Spicy Shops","StSLib"],"gold_per_floor":[99,99,99,99,130,146,172,199,199,230,248,248,268,268,286,381,381,306,331,331,331],"floor_reached":20,"playtime":3102,"items_purged":[],"score":233,"play_id":"5a0f9ebf-b8c1-4783-931a-e16eaf91f1b6","local_time":"20201217001333","is_ascension_mode":false,"campfire_choices":[{"data":"champ:Taunt","floor":1,"key":"SMITH"},{"data":"champ:Riposte","floor":4,"key":"SMITH"},{"floor":9,"key":"REST"},{"data":"champ:DefensiveShout","floor":18,"key":"SMITH"}],"circlet_count":0,"master_deck":["champ:Strike","champ:Strike","champ:Strike","champ:Strike","champ:Defend","champ:Defend","champ:Defend","champ:Defend","champ:Execute","champ:Taunt+1","champ:Riposte+1","champ:GladiatorsShout","champ:FanOfKnives","champ:DefensiveShout+1","champ:ArenaPreparation","champ:FaceSlap","champ:IgnorePain"],"relics":["champ:ChampionCrown","downfall:HeartsMalice","Du-Vu Doll","Art of War","Pocketwatch","Torii","Runic Pyramid","downfall:HeartBlessingGreen","Anchor"],"acts_visited":["Exordium","TheCity"],"potions_floor_usage":[8,15,16,19],"damage_taken":[{"damage":0,"enemies":"Jaw Worm","floor":2,"turns":1},{"damage":0,"enemies":"Small Slimes","floor":3,"turns":1},{"damage":0,"enemies":"3 Sentries","floor":5,"turns":1},{"damage":0,"enemies":"2 Louse","floor":6,"turns":3},{"damage":29,"enemies":"Gremlin Nob","floor":8,"turns":5},{"damage":29,"enemies":"Lagavulin","floor":10,"turns":7},{"damage":21,"enemies":"Lots of Slimes","floor":11,"turns":3},{"damage":18,"enemies":"Large Slime","floor":13,"turns":3},{"damage":0,"enemies":"2 Fungi Beasts","floor":15,"turns":3},{"damage":24,"enemies":"downfall:Silent","floor":16,"turns":9},{"damage":67,"enemies":"Slavers","floor":19,"turns":7},{"damage":45,"enemies":"Spheric Guardian","floor":20,"turns":3}],"seed_played":"-1884725946343344392","potions_obtained":[{"floor":5,"key":"Block Potion"},{"floor":11,"key":"EssenceOfSteel"},{"floor":15,"key":"champ:CounterPotion"},{"floor":16,"key":"hexamod:EctoCoolerPotion"}],"is_trial":false,"path_per_floor":["R","M","M","R","E","M","T","E","R","E","M","?","M","?","M","B",null,"R","E","M"],"character_chosen":"THE_CHAMP","items_purchased":[],"campfire_rested":1,"item_purchase_floors":[],"current_hp_per_floor":[90,90,90,90,90,90,90,71,90,79,76,86,73,73,73,59,100,100,41,0,0],"gold":331,"neow_bonus":"THREE_ENEMY_KILL","is_daily":false,"chose_seed":false,"campfire_upgraded":3,"win_rate":0.0,"timestamp":1608182013,"path_taken":["R","M","M","R","E","M","T","E","R","E","M","?","M","?","M","BOSS","R","E","M"],"items_purchased_type":[],"build_version":"2020-12-13","purchased_purges":0,"victory":false,"max_hp_per_floor":[90,90,90,90,90,90,90,90,90,90,90,100,100,100,100,100,100,100,100,100,100],"card_choices":[{"not_picked":["champ:BladeFlurry","champ:Encircle"],"picked":"champ:Riposte","floor":2},{"not_picked":["champ:CrookedStrike","champ:StanceDance"],"picked":"champ:GladiatorsShout","floor":3},{"not_picked":["champ:SwordThrow","champ:FlashCut"],"picked":"champ:FanOfKnives","floor":5},{"not_picked":["champ:Lariat","champ:BerserkersShout"],"picked":"champ:DefensiveShout","floor":6},{"not_picked":["champ:Encircle","champ:DeathBlow"],"picked":"champ:ArenaPreparation","floor":8},{"not_picked":["champ:Encircle","champ:BerserkersShout","champ:FanOfKnives"],"picked":"SKIP","floor":10},{"not_picked":["champ:CheapShot","champ:Encircle"],"picked":"champ:FaceSlap","floor":11},{"not_picked":["champ:IronFortress","champ:FlashCut","champ:Encircle"],"picked":"SKIP","floor":13},{"not_picked":["champ:EnragedBash","champ:DefensiveShout","champ:AdrenalArmor"],"picked":"SKIP","floor":15},{"not_picked":["champ:StanceDance+1","champ:FlashCut"],"picked":"champ:IgnorePain","floor":19}],"player_experience":384419,"relics_obtained":[{"floor":5,"key":"Du-Vu Doll"},{"floor":7,"key":"Art of War"},{"floor":8,"key":"Pocketwatch"},{"floor":10,"key":"Torii"},{"floor":19,"key":"Anchor"}],"event_choices":[],"is_beta":false,"boss_relics":[{"not_picked":["Runic Dome","Black Star"],"picked":"Runic Pyramid"}],"items_purged_floors":[],"is_endless":false,"potions_floor_spawned":[5,11,15,16],"killed_by":"Spheric Guardian","ascension_level":0}}