{"host":"xcuflocadasoaqda","time":1608166409,"event":{"mods":["BaseMod","Bestiary","Filter the Spire","Minty Spire (QoL Compilation)","Relic Stats"],"gold_per_floor":[139,139,160,210,231,265,283,306,332,332,332,332],"floor_reached":11,"playtime":499,"items_purged":[],"score":150,"play_id":"306746c4-80d5-47e6-b223-d60fe957d24a","local_time":"20201216185329","is_ascension_mode":true,"campfire_choices":[{"data":"WheelKick","floor":10,"key":"SMITH"}],"circlet_count":0,"master_deck":["AscendersBane","Eruption","Vigilance","ForeignInfluence","WheelKick+1","SignatureMove","Wallop","FlyingSleeves","Worship","WaveOfTheHand","PathToVictory","DeceiveReality","Tantrum"],"relics":["Pandora\u0027s Box","Golden Idol","Regal Pillow"],"acts_visited":["Exordium"],"potions_floor_usage":[],"damage_taken":[{"damage":1.0,"enemies":"Small Slimes","floor":1.0,"turns":3.0},{"damage":0.0,"enemies":"2 Louse","floor":3.0,"turns":2.0},{"damage":2.0,"enemies":"Cultist","floor":5.0,"turns":3.0},{"damage":25.0,"enemies":"Gremlin Nob","floor":6.0,"turns":4.0},{"damage":1.0,"enemies":"Blue Slaver","floor":7.0,"turns":3.0},{"damage":0.0,"enemies":"Looter","floor":8.0,"turns":3.0},{"damage":36,"enemies":"3 Sentries","floor":11,"turns":10}],"seed_played":"-3152363742422282606","potions_obtained":[{"floor":3.0,"key":"LiquidMemories"},{"floor":5.0,"key":"PowerPotion"}],"is_trial":false,"path_per_floor":["M","?","M","?","M","E","M","M","T","R","E"],"character_chosen":"WATCHER","items_purchased":[],"campfire_rested":0,"item_purchase_floors":[],"current_hp_per_floor":[60,60,60,60,58,33,32,32,32,32,0,0],"gold":332,"neow_bonus":"BOSS_RELIC","is_daily":false,"chose_seed":false,"campfire_upgraded":1,"win_rate":0.0,"timestamp":1608166409,"path_taken":["M","?","M","?","M","E","?","M","T","R","E"],"items_purchased_type":[],"build_version":"2020-12-13","purchased_purges":0,"victory":false,"max_hp_per_floor":[68,62,62,62,62,62,62,62,62,62,62,62],"relic_stats":{"Regal Pillow":0,"counters":[7,28],"Golden Idol":24,"Pandora\u0027s Box":["ForeignInfluence","WheelKick","SignatureMove","Wallop","FlyingSleeves","Worship","WaveOfTheHand","PathToVictory"],"obtain_stats":[{"Regal Pillow":6,"Golden Idol":2,"Pandora\u0027s Box":0,"PureWater":0},{"Regal Pillow":4,"Golden Idol":1,"Pandora\u0027s Box":0,"PureWater":0},{"Regal Pillow":12,"Golden Idol":3,"Pandora\u0027s Box":0,"PureWater":0}]},"card_choices":[{"not_picked":["Prostrate","Consecrate"],"picked":"DeceiveReality","floor":1.0},{"not_picked":["BowlingBash","CrushJoints","SignatureMove"],"picked":"SKIP","floor":3.0},{"not_picked":["ReachHeaven","CrushJoints","Vengeance"],"picked":"SKIP","floor":5.0},{"not_picked":["Brilliance","PathToVictory","JustLucky"],"picked":"SKIP","floor":6.0},{"not_picked":["Halt","Vengeance"],"picked":"Tantrum","floor":7.0},{"not_picked":["BowlingBash","FlyingSleeves","Crescendo"],"picked":"SKIP","floor":8.0}],"player_experience":1731376,"relics_obtained":[{"floor":6.0,"key":"Regal Pillow"}],"event_choices":[{"damage_healed":0.0,"max_hp_gain":0.0,"max_hp_loss":6.0,"gold_gain":0.0,"event_name":"Golden Idol","player_choice":"Lose Max HP","floor":2.0,"gold_loss":0.0,"damage_taken":0.0,"relics_obtained":["Golden Idol"]},{"damage_healed":0.0,"max_hp_gain":0.0,"max_hp_loss":0.0,"gold_gain":50.0,"event_name":"Golden Shrine","player_choice":"Pray","floor":4.0,"gold_loss":0.0,"damage_taken":0.0}],"is_beta":false,"boss_relics":[],"items_purged_floors":[],"is_endless":false,"potions_floor_spawned":[3,5],"killed_by":"3 Sentries","ascension_level":20}}