{"host":"u3jctbsl7uavviuy","time":1608188803,"event":{"mods":["BaseMod","BetterRewards","GungeonMod","HololiveMod","Luminous","Marisa（F雨　魔理沙）","Minty Spire (QoL Compilation)","Relic Stats","Replay The Spire","Shop Mod","Spicy Shops","StSLib","TestMod","The Animator","The Cursed","The Gatherer","The Servant 0.9.4","WarShipGirlsR/战舰少女R mod","vexMod","篝火指南"],"gold_per_floor":[84,94,110,122,134,134,161,178,178,89,89,114,132,19,19,92,142,154,154,167,179,192,220,142,174,197,213,213,213,252,263,263,349,349,364,20,20,30,42,78,78,136,136,176,187,187,187,205,205,207,221],"floor_reached":52,"playtime":2035,"items_purged":["Hololive_OvertimeWork","Hololive_CallFriendA"],"score":2832,"play_id":"6183a205-e2ae-4c88-b628-e4cae33ac6ca","local_time":"20201217160643","is_ascension_mode":true,"campfire_choices":[{"data":"Hololive_CallDoris","floor":6.0,"key":"SMITH"},{"data":"Hololive_Yoholoon","floor":15.0,"key":"SMITH"},{"data":"Hololive_CallAkiRosenthal","floor":29.0,"key":"SMITH"},{"data":"Hololive_CallSpadeEcho","floor":32.0,"key":"SMITH"},{"data":"Hololive_Thief","floor":41,"key":"SMITH"},{"data":"Hololive_Thief","floor":47,"key":"SMITH"},{"data":"Hololive_CallDoris","floor":49,"key":"SMITH"}],"circlet_count":0,"master_deck":["AscendersBane","Hololive_Strike","Hololive_Strike","Hololive_Defend","Hololive_Defend","Hololive_CallNatsuiroMatsuri","Hololive_CallAZKi","Hololive_CallYuzukiChoco","Hololive_CallDoris+1","Hololive_CocoNews","Hololive_CallInugamiKorone","Hololive_CallHoshimachiSuisei","Hololive_Psychosis","Hololive_CallOmaruPolka","Hololive_Yoholoon+1","Hololive_Psychosis","Hololive_CallShirakamiFubuki","Hololive_Thief+1","Hololive_CocoNews","Hololive_CallManoAloe+1","Hololive_CocoNews","Hololive_Psychosis","Hololive_Nanodesu","Hololive_CallAkiRosenthal+1","Hololive_CallSpadeEcho+1","Hololive_CallTokoyamiTowa","Hololive_Recruit+1","Hololive_CallUruhaRushia","Hololive_Thief+1","Hololive_CallNekomataOkayu","Hololive_Thief+1","Hololive_CallKiryuuCoco","Impatience","Hololive_CallDoris+1"],"relics":["Hololive_TheStar","testmod-TestBox","testmod-Alchemist","Iron Hammer","DemoMod:MeatBun","DemoMod:GlassGuonStoneRelic","DemoMod:PartiallyEatenCheese","Replay:Baseball","Tiny House","Blue Doll","DemoMod:BlueGuonStone","ReplayTheSpireMod:TigerMarble","testmod-Antiphasic","Chemical X","Guide Book","TungstenRod","Replay:Bottled Flurry","Onion Ring","Eternal Feather"],"acts_visited":["Exordium","TheCity","TheBeyond"],"potions_floor_usage":[39,40,42,44,51,51,51,51],"damage_taken":[{"damage":0.0,"enemies":"2 Louse","floor":1.0,"turns":2.0},{"damage":0.0,"enemies":"Cultist","floor":2.0,"turns":2.0},{"damage":0.0,"enemies":"Jaw Worm","floor":3.0,"turns":2.0},{"damage":0.0,"enemies":"2 Fungi Beasts","floor":4.0,"turns":2.0},{"damage":0.0,"enemies":"3 Louse","floor":5.0,"turns":2.0},{"damage":0.0,"enemies":"Replay:BlueRogue","floor":7.0,"turns":4.0},{"damage":0.0,"enemies":"Gremlin Gang","floor":8.0,"turns":2.0},{"damage":0.0,"enemies":"3 Sentries","floor":12.0,"turns":3.0},{"damage":0.0,"enemies":"2 Fungi Beasts","floor":13.0,"turns":2.0},{"damage":0.0,"enemies":"Hexaghost","floor":16.0,"turns":5.0},{"damage":0.0,"enemies":"Chosen","floor":18.0,"turns":2.0},{"damage":0.0,"enemies":"Shell Parasite","floor":20.0,"turns":2.0},{"damage":0.0,"enemies":"Centurion and Healer","floor":21.0,"turns":5.0},{"damage":0.0,"enemies":"Snake Plant","floor":22.0,"turns":1.0},{"damage":0.0,"enemies":"Gremlin Leader","floor":23.0,"turns":4.0},{"damage":0.0,"enemies":"Slavers","floor":25.0,"turns":3.0},{"damage":0.0,"enemies":"3 Cultists","floor":27.0,"turns":4.0},{"damage":0.0,"enemies":"Gremlin Leader","floor":30.0,"turns":5.0},{"damage":0.0,"enemies":"Sentry and Sphere","floor":31.0,"turns":4.0},{"damage":0.0,"enemies":"Collector","floor":33.0,"turns":6.0},{"damage":0,"enemies":"3 Darklings","floor":35,"turns":2},{"damage":0,"enemies":"Orb Walker","floor":38,"turns":2},{"damage":0,"enemies":"4 Shapes","floor":39,"turns":3},{"damage":0,"enemies":"Reptomancer","floor":40,"turns":4},{"damage":0,"enemies":"Giant Head","floor":42,"turns":5},{"damage":0,"enemies":"R_Hoarder","floor":44,"turns":4},{"damage":0,"enemies":"Spire Growth","floor":45,"turns":3},{"damage":0,"enemies":"Jaw Worm Horde","floor":48,"turns":3},{"damage":0,"enemies":"Awakened One","floor":50,"turns":8},{"damage":0,"enemies":"Replay:Hell Engine","floor":51,"turns":9}],"seed_played":"-7719694744695446285","potions_obtained":[{"floor":4.0,"key":"Strength Potion"},{"floor":5.0,"key":"ColorlessPotion"},{"floor":8.0,"key":"Toxic Potion"},{"floor":16.0,"key":"Elixir"},{"floor":17.0,"key":"PowerPotion"},{"floor":18.0,"key":"LiquidMemories"},{"floor":25.0,"key":"Dexterity Potion"},{"floor":30.0,"key":"Fire Potion"},{"floor":31.0,"key":"Swift Potion"},{"floor":39,"key":"Ancient Potion"},{"floor":40,"key":"testmod-TestPotion"},{"floor":42,"key":"SpeedPotion"},{"floor":48,"key":"DistilledChaos"}],"is_trial":false,"path_per_floor":["M","M","M","M","M","R","E","M","T","$","?","E","M","$","R","B",null,"M","?","M","M","M","E","$","E","T","M","$","R","E","M","R","B",null,"M","$","?","M","M","E","R","E","T","E","M","?","R","M","R","B","B",null],"character_chosen":"Hololive_HololiveCharacter","items_purchased":["testmod-SpacePotion","Iron Hammer","DemoMod:MeatBun","Hololive_CallDoris","DemoMod:LeadSkinPotion","Hololive_CallArtia","Hololive_CallShirakamiFubuki","Hololive_Nanodesu","Hololive_CallUruhaRushia","Chemical X","Guide Book"],"campfire_rested":0,"item_purchase_floors":[0,0,0,0,0,10,14,24,36,36,36],"current_hp_per_floor":[27,27,27,27,27,27,33,33,33,33,22,22,22,22,22,22,38,38,38,38,38,38,38,38,38,38,38,38,38,38,38,38,38,40,40,40,40,40,40,40,40,40,40,40,40,40,41,41,41,41,41],"gold":221,"neow_bonus":"","is_daily":false,"chose_seed":false,"campfire_upgraded":7,"win_rate":0.0,"timestamp":1608188803,"path_taken":["M","M","M","M","M","R","E","M","T","$","?","E","M","$","R","BOSS","M","?","M","M","?","E","$","E","T","M","$","R","E","M","R","BOSS","M","$","?","M","M","E","R","E","T","E","M","?","R","M","R","BOSS","BOSS"],"items_purchased_type":["Potion","Relic","Relic","Card","Undefined","Card","Card","Card","Card","Relic","Relic"],"build_version":"2020-12-13","purchased_purges":2,"victory":true,"max_hp_per_floor":[30,30,30,30,30,30,36,36,36,36,36,36,36,36,36,36,41,41,41,41,41,41,41,41,41,41,41,41,41,41,41,41,41,41,41,41,41,41,41,41,41,41,41,41,41,41,41,41,41,41,41],"relic_stats":{"counters":[110,434],"Eternal Feather":1,"Chemical X":[1],"obtain_stats":[{"TwistedFunnel":49,"vexMod:MemoryStick":12,"DemoMod:BlueGuonStone":25,"Tiny House":34,"Vajra":23,"testmod-IWantAll":0,"DemoMod:GlassGuonStoneRelic":8,"Whetstone":49,"vexMod:CardConverter":45,"vexMod:EndlessSickness":34,"Honey Jar":17,"Philosopher\u0027s Stone":34,"Iron Hammer":0,"Replay:Bottled Flurry":42,"Replay:Wax Seal":0,"Toxic Egg 2":29,"testmod-IntensifyImprint":0,"testmod-TestBox":0,"Pear":45,"Happy Flower":40,"Oddly Smooth Stone":53,"Eternal Feather":44,"Pen Nib":25,"Charon\u0027s Ashes":26,"Paper Crane":31,"testmod-Fortitude":47,"testmod-RealStoneCalender":47,"Replay:Baseball":32,"DemoMod:MeatBun":53,"Shuriken":27,"testmod-Acrobat":8,"Hololive_TheStar":22,"Onion Ring":6,"Molten Egg 2":0,"ReplayTheSpireMod:TigerMarble":26,"Grinning Jar":40,"ReplayFunnel":8,"Lantern":29,"Blue Doll":31,"Empty Cage":31,"Burning Blood":0,"testmod-CasingShield":32,"testmod-Charity":39,"Replay:Rubber Ducky":19,"ClockworkSouvenir":39,"testmod-Alchemist":22,"Chemical X":0,"Replay:Bottled Eggs":9,"Ring of the Snake":0,"Gremlin Food":43,"ReplayTheSpireMod:Ninjato":42,"vexMod:ConsolationPrize":26,"Guide Book":36,"vexMod:BerryBomb":7,"DemoMod:PartiallyEatenCheese":11,"Replay:WaspNest":24,"PreservedInsect":6,"DemoMod:PinkGuonStone":36,"Frozen Egg 2":0,"testmod-ConstraintPeriapt":6,"MawBank":40,"White Beast Statue":49,"testmod-Antiphasic":30,"Anchor":0,"vexMod:BarristanHead":6,"testmod-AssaultLearning":47,"testmod-Hope":43,"Orrery":20,"Another Sword":0,"Bag of Marbles":12,"Garlic":30,"Bottled Lightning":8,"Membership Card":32,"Toy Ornithopter":27,"TungstenRod":40},{"TwistedFunnel":79,"vexMod:MemoryStick":6,"DemoMod:BlueGuonStone":96,"Tiny House":17,"Vajra":12,"testmod-IWantAll":0,"DemoMod:GlassGuonStoneRelic":5,"Whetstone":23,"vexMod:CardConverter":76,"vexMod:EndlessSickness":43,"Honey Jar":33,"Philosopher\u0027s Stone":70,"Iron Hammer":80,"Replay:Bottled Flurry":105,"Replay:Wax Seal":56,"Toxic Egg 2":68,"testmod-IntensifyImprint":0,"testmod-TestBox":0,"Pear":50,"Happy Flower":46,"Oddly Smooth Stone":54,"Eternal Feather":106,"Pen Nib":13,"Charon\u0027s Ashes":13,"Paper Crane":69,"testmod-Fortitude":78,"testmod-RealStoneCalender":22,"Replay:Baseball":16,"DemoMod:MeatBun":54,"Shuriken":67,"testmod-Acrobat":29,"Hololive_TheStar":94,"Onion Ring":4,"Molten Egg 2":24,"ReplayTheSpireMod:TigerMarble":96,"Grinning Jar":74,"ReplayFunnel":60,"Lantern":42,"Blue Doll":16,"Empty Cage":42,"Burning Blood":0,"testmod-CasingShield":16,"testmod-Charity":18,"Replay:Rubber Ducky":10,"ClockworkSouvenir":18,"testmod-Alchemist":94,"Chemical X":0,"Replay:Bottled Eggs":60,"Ring of the Snake":0,"Gremlin Food":75,"ReplayTheSpireMod:Ninjato":20,"vexMod:ConsolationPrize":67,"Guide Book":101,"vexMod:BerryBomb":86,"DemoMod:PartiallyEatenCheese":87,"Replay:WaspNest":38,"PreservedInsect":59,"DemoMod:PinkGuonStone":71,"Frozen Egg 2":0,"testmod-ConstraintPeriapt":28,"MawBank":19,"White Beast Statue":23,"testmod-Antiphasic":98,"Anchor":24,"vexMod:BarristanHead":28,"testmod-AssaultLearning":52,"testmod-Hope":20,"Orrery":35,"Another Sword":0,"Bag of Marbles":32,"Garlic":42,"Bottled Lightning":5,"Membership Card":16,"Toy Ornithopter":40,"TungstenRod":104},{"TwistedFunnel":323,"vexMod:MemoryStick":25,"DemoMod:BlueGuonStone":372,"Tiny House":71,"Vajra":51,"testmod-IWantAll":0,"DemoMod:GlassGuonStoneRelic":22,"Whetstone":96,"vexMod:CardConverter":316,"vexMod:EndlessSickness":180,"Honey Jar":132,"Philosopher\u0027s Stone":297,"Iron Hammer":329,"Replay:Bottled Flurry":407,"Replay:Wax Seal":232,"Toxic Egg 2":285,"testmod-IntensifyImprint":0,"testmod-TestBox":0,"Pear":207,"Happy Flower":190,"Oddly Smooth Stone":222,"Eternal Feather":411,"Pen Nib":56,"Charon\u0027s Ashes":56,"Paper Crane":290,"testmod-Fortitude":321,"testmod-RealStoneCalender":91,"Replay:Baseball":65,"DemoMod:MeatBun":222,"Shuriken":282,"testmod-Acrobat":113,"Hololive_TheStar":364,"Onion Ring":17,"Molten Egg 2":98,"ReplayTheSpireMod:TigerMarble":372,"Grinning Jar":308,"ReplayFunnel":248,"Lantern":173,"Blue Doll":65,"Empty Cage":173,"Burning Blood":0,"testmod-CasingShield":65,"testmod-Charity":78,"Replay:Rubber Ducky":40,"ClockworkSouvenir":78,"testmod-Alchemist":364,"Chemical X":0,"Replay:Bottled Eggs":248,"Ring of the Snake":0,"Gremlin Food":313,"ReplayTheSpireMod:Ninjato":86,"vexMod:ConsolationPrize":282,"Guide Book":393,"vexMod:BerryBomb":343,"DemoMod:PartiallyEatenCheese":345,"Replay:WaspNest":151,"PreservedInsect":244,"DemoMod:PinkGuonStone":300,"Frozen Egg 2":0,"testmod-ConstraintPeriapt":107,"MawBank":82,"White Beast Statue":96,"testmod-Antiphasic":381,"Anchor":98,"vexMod:BarristanHead":109,"testmod-AssaultLearning":214,"testmod-Hope":86,"Orrery":139,"Another Sword":0,"Bag of Marbles":125,"Garlic":173,"Bottled Lightning":22,"Membership Card":65,"Toy Ornithopter":164,"TungstenRod":402}],"TungstenRod":1},"card_choices":[{"not_picked":["Hololive_CallOkamiMio","Hololive_CallRosalyn","Hololive_SummonFox"],"picked":"Hololive_CocoNews","floor":1.0},{"not_picked":["Hololive_HuntDinosaur","Hololive_Breathe","Hololive_Rebound"],"picked":"Hololive_CallInugamiKorone","floor":2.0},{"not_picked":["Hololive_StrengthChampion","Hololive_CallMurasakiShion","Hololive_Trident"],"picked":"Hololive_CallHoshimachiSuisei","floor":3.0},{"not_picked":["Hololive_LuckPotion","Hololive_RevenueBasedLive","Hololive_ILoveYou"],"picked":"Hololive_Psychosis","floor":4.0},{"not_picked":["Hololive_Drill","Hololive_CocoNews","Hololive_FlyingPonyTail"],"picked":"Hololive_CallOmaruPolka","floor":5.0},{"not_picked":["Hololive_Rebirth","Hololive_Drill","Hololive_CallAyundaRisu"],"picked":"Hololive_Yoholoon","floor":7.0},{"not_picked":["Hololive_Drill","Hololive_CallTokinoSora","Hololive_LuckPotion","Hololive_Breathe"],"picked":"SKIP","floor":8.0},{"not_picked":["Hololive_Teleport","Hololive_CallYogiri","Hololive_Breathe","Hololive_CallRosalyn"],"picked":"SKIP","floor":12.0},{"not_picked":["Hololive_StrengthChampion","Hololive_FlyingPonyTail","Hololive_Drill"],"picked":"Hololive_Psychosis","floor":13.0},{"not_picked":["Hololive_BeCareful","Hololive_Rebirth","Hololive_ASMR"],"picked":"Hololive_Thief","floor":16.0},{"not_picked":["Hololive_Rebound","Hololive_CallYogiri","Hololive_Spy"],"picked":"Hololive_CocoNews","floor":17.0},{"not_picked":["Hololive_StrengthChampion","Hololive_Drill","Hololive_Sequa"],"picked":"Hololive_CallManoAloe+1","floor":18.0},{"not_picked":["Hololive_CallShiranuiFlare","Hololive_FlyingPonyTail","Hololive_CallTokinoSora","Hololive_Rebound"],"picked":"SKIP","floor":20.0},{"not_picked":["Hololive_ILoveYou","Hololive_OvertimeWork","Hololive_Spy"],"picked":"Hololive_CocoNews","floor":21.0},{"not_picked":["Hololive_Yoholoon","Hololive_CallNakiriAyame","Hololive_LuckPotion"],"picked":"Hololive_Psychosis","floor":22.0},{"not_picked":["Hololive_StrengthChampion","Hololive_LuckPotion","Hololive_RevenueBasedLive","Hololive_CallAyundaRisu"],"picked":"SKIP","floor":23.0},{"not_picked":["Hololive_CallAkaiHaato+1","Hololive_CallSpadeEcho+1","Hololive_CallRoboco"],"picked":"Hololive_CallAkiRosenthal","floor":25.0},{"not_picked":["Hololive_OvertimeWork+1","Hololive_Trident","Hololive_CallYuzukiChoco"],"picked":"Hololive_CallSpadeEcho","floor":27.0},{"not_picked":["Hololive_OvertimeWork","Hololive_Rebound","Hololive_CallCivia"],"picked":"Hololive_CallTokoyamiTowa","floor":30.0},{"not_picked":["Hololive_Rebound","Hololive_ManjiGathering","Hololive_FlareMind","Hololive_OvertimeWork"],"picked":"SKIP","floor":31.0},{"not_picked":["Hololive_DurableLive","Hololive_BeCareful","Hololive_AWSL"],"picked":"Hololive_Recruit","floor":33.0},{"not_picked":["Hololive_Rebound","Hololive_CallRosalyn","Hololive_ManjiGathering+1","Hololive_LuckPotion+1"],"picked":"SKIP","floor":35},{"not_picked":["Hololive_CallHoshimachiSuisei+1","Hololive_CallOmaruPolka","Hololive_DevilCharm","Hololive_CallSakuraMiko"],"picked":"SKIP","floor":38},{"not_picked":["Hololive_CallAkaiHaato","Hololive_Sequa","Hololive_CallShiranuiFlare"],"picked":"Hololive_Thief","floor":39},{"not_picked":["Hololive_CocoNews","Hololive_CallAiraniIofifteen","Hololive_Rebound"],"picked":"Hololive_CallNekomataOkayu","floor":40},{"not_picked":["Hololive_Rebound","Hololive_CallCivia","Hololive_Drill+1"],"picked":"Hololive_Thief","floor":42},{"not_picked":["Hololive_CallAkaiHaato","Hololive_Trident","Hololive_StrengthChampion","Hololive_CallShishiroBotan"],"picked":"SKIP","floor":44},{"not_picked":["Hololive_CallShiranuiFlare","Hololive_Psychosis","Hololive_HuntDinosaur+1"],"picked":"Hololive_CallKiryuuCoco","floor":45},{"not_picked":["testmod-RabbitOfFibonacci","Finesse","Replay:Sssssssssshield"],"picked":"Impatience","floor":46},{"not_picked":["Hololive_CallInugamiKorone+1","Hololive_Drill","Hololive_HuntDinosaur+1"],"picked":"Hololive_CallDoris","floor":48}],"player_experience":383316,"relics_obtained":[{"floor":7.0,"key":"vexMod:BerryBomb"},{"floor":12.0,"key":"Replay:Baseball"},{"floor":23.0,"key":"Blue Doll"},{"floor":25.0,"key":"DemoMod:BlueGuonStone"},{"floor":26.0,"key":"ReplayTheSpireMod:TigerMarble"},{"floor":30.0,"key":"testmod-Antiphasic"},{"floor":40,"key":"TungstenRod"},{"floor":42,"key":"Replay:Bottled Flurry"},{"floor":43,"key":"Onion Ring"},{"floor":44,"key":"Eternal Feather"}],"event_choices":[{"damage_healed":0.0,"max_hp_gain":0.0,"max_hp_loss":0.0,"gold_gain":0.0,"event_name":"Scrap Ooze","player_choice":"Success","floor":11.0,"gold_loss":0.0,"damage_taken":11.0,"relics_obtained":["DemoMod:PartiallyEatenCheese"]},{"damage_healed":0.0,"max_hp_gain":0.0,"max_hp_loss":0.0,"gold_gain":0.0,"event_name":"Wheel of Change","player_choice":"Relic","floor":19.0,"gold_loss":0.0,"damage_taken":0.0},{"damage_healed":0,"gold_gain":0,"player_choice":"Swap Relic","damage_taken":0,"relics_obtained":["Empty Cage"],"max_hp_gain":0,"max_hp_loss":0,"event_name":"给自己的盒子","floor":37,"relics_lost":["Empty Cage"],"gold_loss":0},{"damage_healed":0,"gold_gain":0,"player_choice":"Memory 1","damage_taken":0,"max_hp_gain":0,"max_hp_loss":0,"event_name":"SensoryStone","floor":46,"gold_loss":0}],"is_beta":false,"boss_relics":[{"not_picked":["Kintsugi","SlaversCollar"],"picked":"Tiny House"},{"not_picked":["testmod-BatchProcessingSystem","Replay:Drink Me","testmod-StringDisintegrator"]}],"items_purged_floors":[0,0],"is_endless":false,"potions_floor_spawned":[4,5,8,16,18,25,27,30,31,39,40,42,48],"ascension_level":20}}