{"host":"mmqs5ul2bvb60kyc","time":1608207085,"event":{"mods":["BaseMod","Minty Spire (QoL Compilation)","StSLib"],"gold_per_floor":[10,10,25,35,52,52,84,84,84,84,114,114,64,139,139,239,239,250,270,287,307,87,116,116,43,43,43,57,70,70,87,87,186,236,254,16,28,38,50,75,75,91,91,91,91,91,91],"floor_reached":46,"playtime":2496,"items_purged":["Strike_R","Shame"],"score":780,"play_id":"5973b224-ec44-4d06-b7f8-f9b938ee7d0f","local_time":"20201217201125","is_ascension_mode":true,"campfire_choices":[{"data":"Sword Boomerang","floor":6.0,"key":"SMITH"},{"data":"Bash","floor":8.0,"key":"SMITH"},{"data":"Combust","floor":12.0,"key":"SMITH"},{"floor":15.0,"key":"REST"},{"data":"Rupture","floor":24.0,"key":"SMITH"},{"data":"Heavy Blade","floor":32.0,"key":"SMITH"},{"data":"Offering","floor":41.0,"key":"SMITH"},{"data":"Dark Embrace","floor":44.0,"key":"SMITH"}],"circlet_count":0,"master_deck":["Defend_R+1","Defend_R","Defend_R","Defend_R","Bash+1","Sword Boomerang+1","Impervious","Shrug It Off+1","Dropkick","Shrug It Off","Combust+1","Offering+1","Heavy Blade+1","Spot Weakness","Disarm","Power Through","Rupture+1","Battle Trance+1","Hemokinesis","True Grit+1","Seeing Red+1","Demon Form","Dark Embrace+1","Flame Barrier+1","Seeing Red+1","Evolve"],"relics":["Burning Blood","Bag of Marbles","Pear","Letter Opener","Coffee Dripper","Shuriken","Toxic Egg 2","Mummified Hand","Tiny House","Membership Card","Kunai","The Courier"],"acts_visited":["Exordium","TheCity","TheBeyond"],"potions_floor_usage":[46],"damage_taken":[{"damage":1.0,"enemies":"Cultist","floor":1.0,"turns":3.0},{"damage":0.0,"enemies":"2 Louse","floor":3.0,"turns":4.0},{"damage":3.0,"enemies":"Small Slimes","floor":4.0,"turns":6.0},{"damage":17.0,"enemies":"Gremlin Gang","floor":5.0,"turns":8.0},{"damage":20.0,"enemies":"Gremlin Nob","floor":7.0,"turns":4.0},{"damage":25.0,"enemies":"3 Sentries","floor":11.0,"turns":6.0},{"damage":14.0,"enemies":"The Guardian","floor":16.0,"turns":12.0},{"damage":4.0,"enemies":"Chosen","floor":18.0,"turns":4.0},{"damage":14.0,"enemies":"2 Thieves","floor":19.0,"turns":5.0},{"damage":15.0,"enemies":"Snake Plant","floor":20.0,"turns":3.0},{"damage":10.0,"enemies":"Centurion and Healer","floor":21.0,"turns":5.0},{"damage":29.0,"enemies":"Slavers","floor":23.0,"turns":5.0},{"damage":10.0,"enemies":"Shelled Parasite and Fungi","floor":28.0,"turns":3.0},{"damage":8.0,"enemies":"Chosen and Byrds","floor":29.0,"turns":4.0},{"damage":12.0,"enemies":"Centurion and Healer","floor":31.0,"turns":4.0},{"damage":16.0,"enemies":"Champ","floor":33.0,"turns":5.0},{"damage":17.0,"enemies":"Orb Walker","floor":35.0,"turns":4.0},{"damage":11.0,"enemies":"3 Shapes","floor":37.0,"turns":5.0},{"damage":37.0,"enemies":"Writhing Mass","floor":38.0,"turns":5.0},{"damage":12.0,"enemies":"Spire Growth","floor":39.0,"turns":4.0},{"damage":14.0,"enemies":"Reptomancer","floor":40.0,"turns":6.0},{"damage":12.0,"enemies":"Maw","floor":42.0,"turns":5.0},{"damage":24,"enemies":"Giant Head","floor":46,"turns":7}],"seed_played":"-5650826997147598388","potions_obtained":[{"floor":4.0,"key":"CultistPotion"},{"floor":16.0,"key":"ColorlessPotion"},{"floor":20.0,"key":"SkillPotion"},{"floor":21.0,"key":"SpeedPotion"},{"floor":31.0,"key":"BlessingOfTheForge"},{"floor":34.0,"key":"EssenceOfSteel"},{"floor":37.0,"key":"Swift Potion"},{"floor":42.0,"key":"HeartOfIron"}],"is_trial":false,"path_per_floor":["M","?","M","M","M","R","E","R","T","?","E","R","?","?","R","B",null,"M","M","M","M","$","E","R","$","T","?","M","M","?","M","R","B",null,"M","$","M","M","M","E","R","M","T","R","?","E"],"character_chosen":"IRONCLAD","items_purchased":["Rupture","Battle Trance","Hemokinesis","Membership Card","Dark Embrace"],"campfire_rested":1,"item_purchase_floors":[22,22,25,36,36],"current_hp_per_floor":[77,77,80,80,69,69,55,55,65,47,28,28,28,19,46,38,77,79,71,62,58,58,35,35,35,35,35,31,29,29,23,23,13,76,65,65,60,29,23,15,15,9,9,9,9,0,0],"gold":91,"neow_bonus":"REMOVE_TWO","is_daily":false,"chose_seed":false,"campfire_upgraded":7,"win_rate":0.0,"timestamp":1608207085,"path_taken":["M","?","M","M","M","R","E","R","T","?","E","R","?","?","R","BOSS","M","M","?","?","$","E","R","$","T","?","M","M","?","M","R","BOSS","M","$","M","M","M","E","R","M","T","R","?","E"],"items_purchased_type":["Card","Card","Card","Relic","Card"],"build_version":"2020-12-13","purchased_purges":2,"victory":false,"max_hp_per_floor":[80,80,80,80,80,80,80,80,90,90,90,90,90,90,90,90,90,90,90,90,90,90,90,90,90,90,90,90,90,90,90,90,90,95,95,95,95,95,95,95,95,95,95,95,92,92,92],"card_choices":[{"not_picked":["Warcry","Iron Wave"],"picked":"Sword Boomerang","floor":1.0},{"not_picked":["Havoc","Headbutt"],"picked":"Shrug It Off","floor":3.0},{"not_picked":["Flex","Infernal Blade"],"picked":"Dropkick","floor":4.0},{"not_picked":["Cleave","Immolate"],"picked":"Shrug It Off","floor":5.0},{"not_picked":["Shrug It Off","Searing Blow"],"picked":"Combust","floor":7.0},{"not_picked":["Flex","Pommel Strike","Wild Strike"],"picked":"SKIP","floor":11.0},{"not_picked":["Bludgeon","Exhume"],"picked":"Offering","floor":16.0},{"not_picked":["Cleave+1","Wild Strike+1"],"picked":"Heavy Blade","floor":18.0},{"not_picked":["Clash","Sword Boomerang+1"],"picked":"Spot Weakness","floor":19.0},{"not_picked":["Perfected Strike+1","Armaments+1"],"picked":"Disarm","floor":20.0},{"not_picked":["Dropkick+1","Searing Blow"],"picked":"Power Through","floor":21.0},{"not_picked":["Shockwave+1","Clash","Perfected Strike"],"picked":"SKIP","floor":23.0},{"not_picked":["Disarm+1","Clothesline+1"],"picked":"True Grit+1","floor":28.0},{"not_picked":["Perfected Strike","Carnage+1","Rage+1"],"picked":"SKIP","floor":29.0},{"not_picked":["Sever Soul+1","Rampage"],"picked":"Seeing Red+1","floor":31.0},{"not_picked":["Corruption","Offering+1"],"picked":"Demon Form","floor":33.0},{"not_picked":["Havoc+1","Whirlwind","Cleave+1"],"picked":"SKIP","floor":35.0},{"not_picked":["Carnage+1","Heavy Blade","Flex+1"],"picked":"SKIP","floor":37.0},{"not_picked":["Feel No Pain","Headbutt+1","Shrug It Off+1"],"picked":"SKIP","floor":38.0},{"not_picked":["Combust+1","Iron Wave+1"],"picked":"Flame Barrier+1","floor":39.0},{"not_picked":["Entrench+1","Flame Barrier+1"],"picked":"Seeing Red+1","floor":40.0},{"not_picked":["Metallicize","Intimidate+1"],"picked":"Evolve","floor":42.0}],"player_experience":193301,"relics_obtained":[{"floor":7.0,"key":"Bag of Marbles"},{"floor":9.0,"key":"Pear"},{"floor":11.0,"key":"Letter Opener"},{"floor":23.0,"key":"Shuriken"},{"floor":26.0,"key":"Toxic Egg 2"},{"floor":40.0,"key":"Kunai"},{"floor":43.0,"key":"The Courier"}],"event_choices":[{"damage_healed":0.0,"max_hp_gain":0.0,"max_hp_loss":0.0,"gold_gain":0.0,"cards_transformed":["Strike_R"],"event_name":"Living Wall","player_choice":"Change","floor":2.0,"gold_loss":0.0,"damage_taken":0.0,"cards_obtained":["Impervious"]},{"damage_healed":0.0,"max_hp_gain":0.0,"max_hp_loss":0.0,"gold_gain":0.0,"event_name":"Shining Light","player_choice":"Entered Light","floor":10.0,"gold_loss":0.0,"damage_taken":18.0,"cards_upgraded":["Shrug It Off","Defend_R"]},{"cards_removed":["Strike_R"],"damage_healed":0.0,"max_hp_gain":0.0,"max_hp_loss":0.0,"gold_gain":0.0,"event_name":"The Cleric","player_choice":"Card Removal","floor":13.0,"gold_loss":50.0,"damage_taken":0.0},{"damage_healed":0.0,"max_hp_gain":0.0,"max_hp_loss":0.0,"gold_gain":75.0,"event_name":"FaceTrader","player_choice":"Touch","floor":14.0,"gold_loss":0.0,"damage_taken":9.0},{"damage_healed":0.0,"max_hp_gain":0.0,"max_hp_loss":0.0,"gold_gain":0.0,"event_name":"Addict","player_choice":"Stole Relic","floor":27.0,"gold_loss":0.0,"damage_taken":0.0,"relics_obtained":["Mummified Hand"],"cards_obtained":["Shame"]},{"damage_healed":0.0,"max_hp_gain":0.0,"max_hp_loss":0.0,"gold_gain":0.0,"event_name":"Vampires","player_choice":"Ignored","floor":30.0,"gold_loss":0.0,"damage_taken":0.0},{"cards_removed":["Parasite"],"damage_healed":0.0,"max_hp_gain":0.0,"max_hp_loss":0.0,"gold_gain":0.0,"event_name":"Purifier","player_choice":"Purged","floor":45.0,"gold_loss":0.0,"damage_taken":0.0}],"is_beta":false,"boss_relics":[{"not_picked":["Runic Cube","Cursed Key"],"picked":"Coffee Dripper"},{"not_picked":["Runic Dome","Velvet Choker"],"picked":"Tiny House"}],"items_purged_floors":[22,36],"is_endless":false,"potions_floor_spawned":[4,16,20,21,31,37,42],"killed_by":"Giant Head","ascension_level":8}}