{"host":"oiai0qxasotny765","time":1608207229,"event":{"mods":["2.2 Compatiblity","AchievementEnabler","BaseMod","Colored Map","Minty Spire (QoL Compilation)","Permanent Neow","Relic Stats","StSLib","SuperFastMode","everything is the same but u backflip on backflip"],"gold_per_floor":[19,19,19,94,94,94,94,94,120,120,137,152,164,175,175,247,247,258,258,270,287,212,212,223,238,238,238,238],"floor_reached":27,"playtime":830,"items_purged":[],"score":379,"play_id":"e33d6c27-334c-4ed6-b53e-2013af6113e9","local_time":"20201217211349","is_ascension_mode":true,"campfire_choices":[{"data":"Dagger Spray","floor":6,"key":"SMITH"},{"data":"Neutralize","floor":8,"key":"SMITH"},{"data":"Bouncing Flask","floor":10,"key":"SMITH"},{"data":"Calculated Gamble","floor":15,"key":"SMITH"},{"floor":23,"key":"REST"}],"circlet_count":0,"master_deck":["AscendersBane","Strike_G","Strike_G","Defend_G","Defend_G","Defend_G","Defend_G","Survivor","Neutralize+1","Bouncing Flask+1","Night Terror","Dagger Spray+1","Masterful Stab","Tactician","Leg Sweep","Calculated Gamble+1","Burst+1","Acrobatics","Acrobatics"],"relics":["Ring of the Snake","The Courier","Centennial Puzzle","Snecko Eye","Pear"],"acts_visited":["Exordium","TheCity"],"potions_floor_usage":[21,21,27],"damage_taken":[{"damage":2,"enemies":"Small Slimes","floor":1,"turns":3},{"damage":0,"enemies":"2 Louse","floor":11,"turns":2},{"damage":2,"enemies":"Jaw Worm","floor":12,"turns":2},{"damage":5,"enemies":"Large Slime","floor":13,"turns":6},{"damage":0,"enemies":"Gremlin Gang","floor":14,"turns":3},{"damage":14,"enemies":"Hexaghost","floor":16,"turns":8},{"damage":6,"enemies":"Spheric Guardian","floor":18,"turns":3},{"damage":6,"enemies":"Shell Parasite","floor":20,"turns":4},{"damage":21,"enemies":"Snake Plant","floor":21,"turns":5},{"damage":11,"enemies":"Snecko","floor":24,"turns":8},{"damage":0,"enemies":"3 Cultists","floor":25,"turns":3},{"damage":49,"enemies":"Colosseum Slavers","floor":27,"turns":4}],"seed_played":"-510346615376689715","potions_obtained":[{"floor":14,"key":"Energy Potion"},{"floor":16,"key":"Block Potion"},{"floor":24,"key":"ColorlessPotion"}],"is_trial":false,"path_per_floor":["M","?","$","?","?","R","T","R","T","R","M","M","M","M","R","B",null,"M","?","M","M","?","R","M","M","T","?"],"character_chosen":"THE_SILENT","items_purchased":[],"campfire_rested":1,"item_purchase_floors":[],"current_hp_per_floor":[57,57,57,46,51,51,51,51,51,51,51,49,44,44,44,30,61,55,55,49,28,28,49,38,38,48,0,0],"gold":238,"neow_bonus":"TRANSFORM_TWO_CARDS","is_daily":false,"chose_seed":false,"campfire_upgraded":4,"win_rate":0.0,"timestamp":1608207229,"path_taken":["M","?","$","?","?","R","?","R","T","R","M","?","M","M","R","BOSS","M","?","?","M","?","R","M","M","T","?"],"items_purchased_type":[],"build_version":"2020-12-13","purchased_purges":0,"victory":false,"max_hp_per_floor":[66,66,66,66,71,71,71,71,71,71,71,71,71,71,71,71,71,71,71,71,71,71,71,71,71,81,81,81],"relic_stats":{"Centennial Puzzle":[24],"counters":[12,51],"Snecko Eye":[62,70,81,68],"obtain_stats":[{"Centennial Puzzle":9,"Pear":26,"Snecko Eye":17,"The Courier":7,"Ring of the Snake":0},{"Centennial Puzzle":1,"Pear":11,"Snecko Eye":6,"The Courier":1,"Ring of the Snake":0},{"Centennial Puzzle":3,"Pear":47,"Snecko Eye":24,"The Courier":3,"Ring of the Snake":0}],"Ring of the Snake":[24]},"card_choices":[{"not_picked":["Outmaneuver","Slice"],"picked":"Dagger Spray","floor":1},{"not_picked":["Flying Knee","Cloak And Dagger","Dagger Throw"],"picked":"SKIP","floor":11},{"not_picked":["Sucker Punch","Dagger Throw"],"picked":"Tactician","floor":12},{"not_picked":["Cloak And Dagger","Well Laid Plans"],"picked":"Leg Sweep","floor":13},{"not_picked":["Dodge and Roll","Choke"],"picked":"Calculated Gamble","floor":14},{"not_picked":["Glass Knife","Corpse Explosion"],"picked":"Burst","floor":16},{"not_picked":["Dodge and Roll","Deadly Poison","Deflect"],"picked":"SKIP","floor":18},{"not_picked":["Leg Sweep","Prepared"],"picked":"Acrobatics","floor":20},{"not_picked":["Outmaneuver","Blade Dance"],"picked":"Acrobatics","floor":21},{"not_picked":["Dagger Throw","PiercingWail","Masterful Stab"],"picked":"SKIP","floor":24},{"not_picked":["Acrobatics","Caltrops+1","Flying Knee"],"picked":"SKIP","floor":25}],"player_experience":268923,"relics_obtained":[{"floor":7,"key":"The Courier"},{"floor":9,"key":"Centennial Puzzle"},{"floor":26,"key":"Pear"}],"event_choices":[{"damage_healed":0,"gold_gain":0,"cards_transformed":["Strike_G"],"player_choice":"Change","damage_taken":0,"max_hp_gain":0,"max_hp_loss":0,"event_name":"Living Wall","floor":2,"gold_loss":0,"cards_obtained":["Masterful Stab"]},{"damage_healed":0,"gold_gain":75,"player_choice":"Gather Gold","damage_taken":11,"max_hp_gain":0,"max_hp_loss":0,"event_name":"World of Goop","floor":4,"gold_loss":0},{"damage_healed":0,"gold_gain":0,"player_choice":"Donut","damage_taken":0,"max_hp_gain":5,"max_hp_loss":0,"event_name":"Big Fish","floor":5,"gold_loss":0},{"damage_healed":0,"gold_gain":0,"player_choice":"Upgraded","damage_taken":0,"max_hp_gain":0,"max_hp_loss":0,"event_name":"Upgrade Shrine","floor":19,"gold_loss":0,"cards_upgraded":["Burst"]},{"cards_removed":["Strike_G"],"damage_healed":0,"gold_gain":0,"player_choice":"Gave Gold","damage_taken":0,"max_hp_gain":0,"max_hp_loss":0,"event_name":"Beggar","floor":22,"gold_loss":75},{"damage_healed":0,"gold_gain":0,"player_choice":"Fight","damage_taken":0,"max_hp_gain":0,"max_hp_loss":0,"event_name":"Colosseum","floor":27,"gold_loss":0}],"is_beta":false,"boss_relics":[{"not_picked":["SacredBark","Calling Bell"],"picked":"Snecko Eye"}],"items_purged_floors":[],"is_endless":false,"potions_floor_spawned":[14,16,18,24],"killed_by":"Colosseum Slavers","ascension_level":17}}