{"host":"pl1fbpkom0aq337f","time":1608220134,"event":{"mods":["AchievementEnabler","BaseMod","Colored Map","Minty Spire (QoL Compilation)"],"gold_per_floor":[113,113,127,147,163,194,209,209,261,296,224,224,237,237,237,237,312,312,323,323,323],"floor_reached":20,"playtime":703,"items_purged":[],"score":353,"play_id":"6351dd28-7801-4251-b6fc-d3b6539edc6f","local_time":"20201217164854","is_ascension_mode":true,"campfire_choices":[{"data":"Eruption","floor":8.0,"key":"SMITH"},{"data":"CutThroughFate","floor":15.0,"key":"SMITH"},{"floor":16.0,"key":"REST"}],"circlet_count":0,"master_deck":["AscendersBane","Strike_P","Strike_P","Strike_P","Strike_P","Defend_P","Defend_P","Defend_P","Defend_P","Eruption+1","Vigilance","SashWhip","Halt","CutThroughFate","Consecrate","FlurryOfBlows","CutThroughFate+1","EmptyBody","Protect","Vault"],"relics":["Black Star","Ancient Tea Set","Eternal Feather","Nunchaku","MealTicket","Damaru","Art of War","Runic Dome"],"acts_visited":["Exordium","TheCity"],"potions_floor_usage":[],"damage_taken":[{"damage":2.0,"enemies":"Jaw Worm","floor":1.0,"turns":3.0},{"damage":4.0,"enemies":"Small Slimes","floor":3.0,"turns":3.0},{"damage":0.0,"enemies":"Cultist","floor":4.0,"turns":3.0},{"damage":5.0,"enemies":"Large Slime","floor":5.0,"turns":5.0},{"damage":16.0,"enemies":"Gremlin Nob","floor":6.0,"turns":3.0},{"damage":4.0,"enemies":"2 Fungi Beasts","floor":7.0,"turns":3.0},{"damage":23.0,"enemies":"Lagavulin","floor":10.0,"turns":4.0},{"damage":0.0,"enemies":"Exordium Thugs","floor":12.0,"turns":1.0},{"damage":6.0,"enemies":"Large Slime","floor":13.0,"turns":4.0},{"damage":13.0,"enemies":"Slime Boss","floor":17.0,"turns":7.0},{"damage":29,"enemies":"2 Thieves","floor":19,"turns":5},{"damage":11,"enemies":"Chosen","floor":20,"turns":4}],"seed_played":"3280551748341185879","potions_obtained":[{"floor":1.0,"key":"LiquidBronze"},{"floor":5.0,"key":"Explosive Potion"},{"floor":7.0,"key":"SmokeBomb"},{"floor":17.0,"key":"PowerPotion"},{"floor":19,"key":"Block Potion"}],"is_trial":false,"path_per_floor":["M","?","M","M","M","E","M","R","T","E","?","M","M","T","R","R","B",null,"M","M"],"character_chosen":"WATCHER","items_purchased":[],"campfire_rested":1,"item_purchase_floors":[],"current_hp_per_floor":[59,64,60,60,55,39,35,44,44,21,21,21,15,15,24,54,41,65,36,25,25],"gold":323,"neow_bonus":"BOSS_RELIC","is_daily":false,"chose_seed":false,"campfire_upgraded":2,"win_rate":0.0,"timestamp":1608220134,"path_taken":["M","?","M","M","M","E","M","R","T","E","?","M","M","?","R","R","BOSS","M","M"],"items_purchased_type":[],"build_version":"2020-12-13","purchased_purges":0,"victory":false,"max_hp_per_floor":[68,73,73,73,73,73,73,73,73,73,73,73,73,73,73,73,73,73,73,73,73],"card_choices":[{"not_picked":["Pray","Prostrate"],"picked":"SashWhip","floor":1.0},{"not_picked":["Prostrate","CrushJoints"],"picked":"Halt","floor":3.0},{"not_picked":["Sanctity","InnerPeace"],"picked":"CutThroughFate","floor":4.0},{"not_picked":["Protect","ClearTheMind"],"picked":"Consecrate","floor":5.0},{"not_picked":["BattleHymn","WreathOfFlame"],"picked":"FlurryOfBlows","floor":6.0},{"not_picked":["WheelKick","MasterReality"],"picked":"CutThroughFate","floor":7.0},{"not_picked":["ReachHeaven","Crescendo"],"picked":"EmptyBody","floor":10.0},{"not_picked":["WindmillStrike","Crescendo"],"picked":"Protect","floor":13.0},{"not_picked":["MasterReality","DeusExMachina"],"picked":"Vault","floor":17.0},{"not_picked":["WheelKick","Perseverance","CutThroughFate"],"picked":"SKIP","floor":19}],"player_experience":394761,"relics_obtained":[{"floor":6.0,"key":"Ancient Tea Set"},{"floor":6.0,"key":"Eternal Feather"},{"floor":9.0,"key":"Nunchaku"},{"floor":10.0,"key":"MealTicket"},{"floor":10.0,"key":"Damaru"},{"floor":14.0,"key":"Art of War"}],"event_choices":[{"damage_healed":0.0,"max_hp_gain":5.0,"max_hp_loss":0.0,"gold_gain":0.0,"event_name":"Big Fish","player_choice":"Donut","floor":2.0,"gold_loss":0.0,"damage_taken":0.0},{"damage_healed":0.0,"max_hp_gain":0.0,"max_hp_loss":0.0,"gold_gain":0.0,"event_name":"World of Goop","player_choice":"Left Gold","floor":11.0,"gold_loss":72.0,"damage_taken":0.0}],"is_beta":false,"boss_relics":[{"not_picked":["Fusion Hammer","Ectoplasm"],"picked":"Runic Dome"}],"items_purged_floors":[],"is_endless":false,"potions_floor_spawned":[1,5,7,12,17,19],"killed_by":"Chosen","ascension_level":18}}