{"host":"oeddu058k4r8wzo0","time":1608199386,"event":{"mods":["Aspiration","BaseMod","Better Third Choice","BetterRewards","Colored Map","Colored Powertips","Conspire","Highlight Path","Hubris","Mimic Mod","Minty Spire (QoL Compilation)","Quick Restart","Replay The Spire","StSLib","Wandering Minibosses"],"gold_per_floor":[117,129,149,6,201,201,201,201],"floor_reached":7,"playtime":360,"items_purged":["Strike_G"],"score":132,"play_id":"d80576a2-0f8d-491c-a74e-f27970abcd1d","local_time":"20201217020306","daily_mods":["Allstar","Heirloom","Uncertain Future"],"is_ascension_mode":true,"campfire_choices":[{"data":"Night Terror","floor":6,"key":"SMITH"}],"circlet_count":0,"master_deck":["Strike_G","Strike_G","Strike_G","Strike_G","Defend_G","Defend_G","Defend_G","Defend_G","Defend_G","Survivor","Neutralize","Panache","Mayhem","Poisoned Strike","Purity","Poisoned Strike","PiercingWail","Acrobatics","Catalyst","Noxious Fumes","Night Terror+1"],"relics":["Ring of the Snake","Prayer Wheel"],"acts_visited":["Exordium"],"potions_floor_usage":[],"damage_taken":[{"damage":4,"enemies":"Jaw Worm","floor":1,"turns":4},{"damage":0,"enemies":"Small Slimes","floor":2,"turns":3},{"damage":0,"enemies":"2 Louse","floor":3,"turns":4},{"damage":37,"enemies":"Gremlin Nob","floor":7,"turns":3}],"seed_played":"-9039899396639381719","potions_obtained":[{"floor":2,"key":"SpeedPotion"}],"is_trial":true,"path_per_floor":["M","M","M","$","?","R","E"],"character_chosen":"THE_SILENT","items_purchased":["Noxious Fumes"],"campfire_rested":0,"item_purchase_floors":[4],"current_hp_per_floor":[59,59,59,59,31,31,0,0],"gold":201,"neow_bonus":"","is_daily":false,"chose_seed":false,"campfire_upgraded":1,"win_rate":0.0,"timestamp":1608199386,"path_taken":["M","M","M","$","?","R","E"],"items_purchased_type":["Card"],"build_version":"2020-12-13","purchased_purges":1,"victory":false,"max_hp_per_floor":[70,70,70,70,70,70,70,70],"card_choices":[{"not_picked":["Cloak And Dagger","Dagger Throw"],"picked":"PiercingWail","floor":1},{"not_picked":["Sucker Punch","Prepared","Setup"],"picked":"SKIP","floor":1},{"not_picked":["Well Laid Plans","ReplayTheSpireMod:Shiv Toss"],"picked":"Acrobatics","floor":2},{"not_picked":["Backflip","Quick Slash","Flechettes"],"picked":"SKIP","floor":2},{"not_picked":["Finisher","Dodge and Roll"],"picked":"Catalyst","floor":3},{"not_picked":["ReplayTheSpireMod:Shiv Toss","Outmaneuver","Dagger Spray"],"picked":"SKIP","floor":3},{"not_picked":["Setup","Quick Slash"],"picked":"Night Terror","floor":5}],"player_experience":1311332,"relics_obtained":[],"event_choices":[],"is_beta":false,"boss_relics":[],"items_purged_floors":[4],"is_endless":true,"potions_floor_spawned":[2],"killed_by":"Gremlin Nob","ascension_level":9}}