{"host":"elnvswdbusdewy2q","time":1608242118,"event":{"mods":["2.2 Compatiblity","BaseMod","CapriCore","Colored Map","Hermit","Koishi","Lobotomy","Marisa£¨Ùöéë¡¡Øª×âÞÞ£©","Minty Spire (QoL Compilation)","Rare Cards Sparkle","StSLib","Td1madao Mod","The Bug Knight","The Cursed","The Dragon Tamer","The Gatherer","The Hierophant","The Immortal","The Poker Player","The Runesmith","WarShipGirlsR/??á´Ò³R mod"],"gold_per_floor":[209,209,228,273,117,151,166,166,166,166,181,199,219,219,219],"floor_reached":14,"playtime":1556,"items_purged":[],"score":103,"play_id":"2102fc8e-6c36-46bb-b7dc-75fb20284feb","local_time":"20201218065518","is_ascension_mode":true,"campfire_choices":[{"data":"rmod:u235","floor":8,"key":"SMITH"}],"circlet_count":0,"master_deck":["rmod:strick","rmod:strick","rmod:strick","rmod:strick","rmod:defend","rmod:defend","rmod:defend","rmod:defend","rmod:basicallowance","rmod:maingunfire","rmod:u235+1","rmod:royalracing","rmod:expeditionaryescort","rmod:maintain","rmod:supportaircraftcarrier","rmod:circuitoustactics"],"relics":["rmod:firstchargereward","MealTicket","Sling","Bronze Scales","Gremlin Horn"],"acts_visited":["Exordium"],"potions_floor_usage":[10,14,14],"damage_taken":[{"damage":6,"enemies":"Small Slimes","floor":1,"turns":3},{"damage":6,"enemies":"Cultist","floor":3,"turns":3},{"damage":10,"enemies":"3 Sentries","floor":6,"turns":7},{"damage":1,"enemies":"2 Louse","floor":7,"turns":2},{"damage":0,"enemies":"2 Fungi Beasts","floor":10,"turns":1},{"damage":0,"enemies":"3 Louse","floor":11,"turns":3},{"damage":9,"enemies":"Looter","floor":12,"turns":4},{"damage":4,"enemies":"2 Fungi Beasts","floor":13,"turns":3},{"damage":0,"enemies":"Gremlin Nob","floor":14,"turns":1}],"seed_played":"4149193941644162329","potions_obtained":[{"floor":1,"key":"FearPotion"},{"floor":3,"key":"ColorlessPotion"},{"floor":7,"key":"SmokeBomb"},{"floor":13,"key":"SneckoOil"}],"is_trial":false,"path_per_floor":["M","?","M","T","$","E","M","R","T","M","M","M","M","E"],"character_chosen":"PRAEFECT","items_purchased":["Sling"],"campfire_rested":0,"item_purchase_floors":[5],"current_hp_per_floor":[69,69,63,63,75,65,64,64,64,64,64,55,51,51,51],"gold":219,"neow_bonus":"HUNDRED_GOLD","is_daily":false,"chose_seed":false,"campfire_upgraded":1,"win_rate":0.0,"timestamp":1608242118,"path_taken":["M","?","?","?","$","E","M","R","T","?","?","M","M","E"],"items_purchased_type":["Relic"],"build_version":"2020-12-13","purchased_purges":0,"victory":false,"max_hp_per_floor":[75,75,75,75,75,75,75,75,75,75,75,75,75,75,75],"card_choices":[{"not_picked":["rmod:wolves","rmod:diamondstrike"],"picked":"rmod:unsinkable","floor":1},{"not_picked":["rmod:fuelsupply","rmod:concentratefire"],"picked":"rmod:royalracing","floor":3},{"not_picked":["rmod:fuelsupply","rmod:garrisonisland"],"picked":"rmod:expeditionaryescort","floor":6},{"not_picked":["rmod:unsinkable","rmod:garrisonisland"],"picked":"rmod:maintain","floor":7},{"not_picked":["rmod:diamondstrike","rmod:unsinkable"],"picked":"rmod:supportaircraftcarrier","floor":11},{"not_picked":["rmod:rockthrower","rmod:salvage","rmod:highspeedshooting"],"picked":"SKIP","floor":12},{"not_picked":["rmod:highspeedshooting","rmod:firesupport"],"picked":"rmod:circuitoustactics","floor":13}],"player_experience":514099,"relics_obtained":[{"floor":4,"key":"MealTicket"},{"floor":6,"key":"Bronze Scales"},{"floor":9,"key":"Gremlin Horn"}],"event_choices":[{"damage_healed":0,"gold_gain":0,"cards_transformed":["rmod:unsinkable"],"player_choice":"Transformed","damage_taken":0,"max_hp_gain":0,"max_hp_loss":0,"event_name":"Transmorgrifier","floor":2,"gold_loss":0,"cards_obtained":["rmod:u235"]}],"is_beta":false,"boss_relics":[],"items_purged_floors":[],"is_endless":false,"potions_floor_spawned":[1,3,7,13],"killed_by":"Gremlin Nob","ascension_level":2}}