{"host":"4ih4fq53sefgqhvb","time":1608183373,"event":{"mods":["AchievementEnabler","Aspiration","Bard","BaseMod","BetterRewards","Colored Map","Colored Powertips","Conspire","Downfall","Googly Eyes","Hermit","Highlight Path","Hubris","Infinite Spire","Jedi Mod","Jorbs\u0027s Wanderer Trilogy","Marisa????????","Mimic Mod","Minty Spire (QoL Compilation)","Quick Restart","Relic Stats","Replay The Spire","Shop Mod","StSLib","The Animator","The Cursed","The Jungle","The Runesmith"],"gold_per_floor":[99,109,109,34,19,35,35,54,54,54,69,69,80,98,113,212,212,212,222,222,222],"floor_reached":20,"playtime":1445,"items_purged":["Injury"],"score":166,"play_id":"5144b2c5-4051-4394-bd59-e6be50cdea24","local_time":"20201216213613","is_ascension_mode":false,"campfire_choices":[{"floor":1,"key":"RECALL"},{"data":"Slimebound:SplitLeeching","floor":4,"key":"SMITH"},{"floor":10,"key":"REST"}],"circlet_count":0,"master_deck":["Slimebound:Strike_Slimebound","Slimebound:Strike_Slimebound","Slimebound:Strike_Slimebound","Slimebound:Defend_Slimebound","Slimebound:Defend_Slimebound","Slimebound:Defend_Slimebound","Slimebound:Defend_Slimebound","Slimebound:Split","Slimebound:CorrosiveSpit","Slimebound:MassRepurpose+1","Slimebound:MegaLick+1","hubris:DuctTapeCard+2","Slimebound:SlimeBrawl+1","hubris:Fate+1","Slimebound:PressTheAttack","Slimebound:SlimeSlap","Slimebound:GrowthPunch","Slimebound:SlimeSpikes+1","Slimebound:OneTwoCombo","stsjorbsmod:PollutedStrike","Slimebound:LeechLife","Replay:SS_fish_3","infinitespire:Starlight+1","hexamod:Float+1","Slimebound:AcidTongue","Slimebound:MassFeed"],"relics":["Slimebound:AbsorbEndCombat","Toxic Egg 2","downfall:HeartBlessingRed","hubris:DuctTape","Blue Doll","hubris:KleinBottle","hubris:FruitBowl","ReplayTheSpireMod:SealedPack"],"acts_visited":["Exordium","TheCity"],"potions_floor_usage":[16],"damage_taken":[{"damage":13,"enemies":"Cultist","floor":2,"turns":4},{"damage":21,"enemies":"downfall:FleeingMerchant","floor":5,"turns":4},{"damage":12,"enemies":"Small Slimes","floor":6,"turns":3},{"damage":12,"enemies":"Jaw Worm","floor":8,"turns":2},{"damage":22,"enemies":"Lots of Slimes","floor":11,"turns":3},{"damage":12,"enemies":"Blue Slaver","floor":13,"turns":3},{"damage":4,"enemies":"conspire:2 RoseBushes","floor":14,"turns":3},{"damage":14,"enemies":"Blue Slaver","floor":15,"turns":2},{"damage":37,"enemies":"downfall:Ironclad","floor":16,"turns":8},{"damage":12,"enemies":"conspire:FuzzyDice","floor":19,"turns":6},{"damage":65,"enemies":"downfall:Defect","floor":20,"turns":6}],"seed_played":"-3875040367970293143","potions_obtained":[{"floor":2,"key":"Guardian:BlockOnCardUsePotion"},{"floor":8,"key":"Doom Potion"},{"floor":11,"key":"CultistPotion"},{"floor":16,"key":"SmokeBomb"},{"floor":19,"key":"BlessingOfTheForge"}],"is_trial":false,"path_per_floor":["R_BF","M","?","R","$","M","T","M","$","R","M","?","M","M","M","B",null,"R_BF","M","?"],"character_chosen":"SLIMEBOUND","items_purchased":["Blue Doll","hubris:KleinBottle","hubris:FruitBowl"],"campfire_rested":1,"item_purchase_floors":[9,9,9],"current_hp_per_floor":[60,59,59,59,55,60,60,60,7,25,19,25,33,33,35,38,60,60,60,0,0],"gold":222,"neow_bonus":"THREE_CARDS","is_daily":false,"chose_seed":false,"campfire_upgraded":1,"win_rate":0.0,"timestamp":1608183373,"path_taken":["R_BF","?","?","R","$","M","T","M","?","R","M","?","?","M","M","BOSS","R_BF","M","?"],"items_purchased_type":["Relic","Relic","Relic"],"build_version":"2020-12-13","purchased_purges":1,"victory":false,"max_hp_per_floor":[60,60,60,60,60,60,60,60,60,60,60,60,60,60,60,60,60,60,60,60,60],"relic_stats":{"counters":[11,44],"obtain_stats":[{"hubris:KleinBottle":9,"downfall:HeartBlessingRed":4,"hubris:DuctTape":7,"Blue Doll":9,"hubris:FruitBowl":9,"ReplayTheSpireMod:SealedPack":17,"Slimebound:AbsorbEndCombat":0,"Toxic Egg 2":3},{"hubris:KleinBottle":4,"downfall:HeartBlessingRed":1,"hubris:DuctTape":3,"Blue Doll":4,"hubris:FruitBowl":4,"ReplayTheSpireMod:SealedPack":9,"Slimebound:AbsorbEndCombat":0,"Toxic Egg 2":1},{"hubris:KleinBottle":13,"downfall:HeartBlessingRed":4,"hubris:DuctTape":11,"Blue Doll":13,"hubris:FruitBowl":13,"ReplayTheSpireMod:SealedPack":32,"Slimebound:AbsorbEndCombat":0,"Toxic Egg 2":4}]},"card_choices":[{"not_picked":["Slimebound:GoopSpray","Slimebound:FinishingTackle"],"picked":"Slimebound:SplitLeeching","floor":0},{"not_picked":["Slimebound:SlimeSpikes","Slimebound:ComboTackle"],"picked":"Slimebound:SplitBruiser","floor":2},{"not_picked":["Slimebound:ForwardTackle","Slimebound:LeechingTouch"],"picked":"Slimebound:MassRepurpose+1","floor":5},{"not_picked":["Slimebound:RollThrough","Slimebound:RejuvenatingLick+1"],"picked":"Slimebound:MegaLick+1","floor":6},{"not_picked":["Slimebound:SplitLeeching+1","Slimebound:Replication+1"],"picked":"Slimebound:SlimeBrawl+1","floor":8},{"not_picked":["infinitespire:TheBestDefense","hubris:Rewind"],"picked":"hubris:Fate","floor":9},{"not_picked":["Slimebound:SamplingLick+1","Slimebound:LeechEnergy"],"picked":"Slimebound:PressTheAttack","floor":11},{"not_picked":["Slimebound:Grow","Slimebound:SamplingLick+1"],"picked":"Slimebound:SlimeSlap","floor":13},{"not_picked":["Slimebound:LeechEnergy","Slimebound:ViciousTackle"],"picked":"Slimebound:GrowthPunch","floor":14},{"not_picked":["Slimebound:FinishingTackle","Slimebound:RejuvenatingLick+1"],"picked":"Slimebound:SlimeSpikes+1","floor":15},{"not_picked":["Slimebound:MinionMaster","Slimebound:Overexert"],"picked":"Slimebound:OneTwoCombo","floor":16},{"not_picked":["Slimebound:SlimeSlap","Slimebound:DouseInSlime"],"picked":"Slimebound:LeechLife","floor":17},{"not_picked":["Panacea","expansioncontent:Torchfire"],"picked":"Replay:SS_fish_3","floor":17},{"not_picked":["infinitespire:FinalStrike","infinitespire:Oblivion"],"picked":"infinitespire:Starlight","floor":17},{"not_picked":["champ:Taunt","TheCursedMod:CursedWand"],"picked":"hexamod:Float","floor":17},{"not_picked":["Slimebound:SplitMire+1","Slimebound:Dissolve+1"],"picked":"Slimebound:MassFeed","floor":19}],"player_experience":848221,"relics_obtained":[{"floor":7,"key":"hubris:DuctTape"}],"event_choices":[],"is_beta":false,"boss_relics":[{"not_picked":["aspiration:RunicSpoon","SacredBark"],"picked":"ReplayTheSpireMod:SealedPack"}],"items_purged_floors":[9],"is_endless":false,"potions_floor_spawned":[2,8,11,15,16,19],"killed_by":"downfall:Defect","ascension_level":0}}