{"host":"quagnxip3u93mzqy","time":1608238718,"event":{"mods":["AchievementEnabler","BaseMod","Colored Powertips","Minty Spire (QoL Compilation)","Quick Restart","SuperFastMode"],"gold_per_floor":[112,112,137,150,166,166,166,200,200,200,200,238,238,258,258,384,384,400,400,203,281,302,342,16,16,69,87,108,132,132,144,144,248,248,264,264,279,290,290,325,43,62,62,82,101,129,129,154,154,154,154,154,11,46,46],"floor_reached":56,"playtime":4089,"items_purged":["Strike_G","Strike_G","Strike_G"],"score":1486,"play_id":"7ef31019-4f85-4559-bd45-c9220cabfebd","local_time":"20201217205838","is_ascension_mode":true,"campfire_choices":[{"data":"Footwork","floor":6,"key":"SMITH"},{"floor":11,"key":"REST"},{"floor":13,"key":"REST"},{"data":"After Image","floor":15,"key":"SMITH"},{"data":"Footwork","floor":25,"key":"SMITH"},{"data":"Venomology","floor":32,"key":"SMITH"},{"floor":47,"key":"RECALL"},{"floor":49,"key":"REST"},{"floor":52,"key":"REST"}],"circlet_count":0,"master_deck":["Defend_G","Defend_G","Defend_G","Defend_G","Defend_G","Survivor+1","Neutralize","After Image+1","Blade Dance","Footwork+1","Footwork+1","Dash","Deflect","Dagger Throw","Venomology+1","Dagger Throw+1","Footwork+1","Blade Dance+1","Crippling Poison+1","Accuracy+1","Well Laid Plans+1","Slice","Infinite Blades+1","After Image+1","Noxious Fumes+1","PiercingWail+1","Escape Plan","Terror+1","Cloak And Dagger+1","Burst","Dodge and Roll+1"],"relics":["Ring of the Snake","Bloody Idol","Pantograph","Shuriken","Mercury Hourglass","WristBlade","Frozen Egg 2","Bag of Marbles","Oddly Smooth Stone","Snake Skull","Fusion Hammer","Pear","Sling","InkBottle","The Specimen","PrismaticShard","War Paint"],"acts_visited":["Exordium","TheCity","TheBeyond","TheEnding"],"potions_floor_usage":[5,12,14,18,23,28,29,31,33,33,37,38,40,40,42,44,46,48,48,50,54,54,54,55,55,55],"damage_taken":[{"damage":1,"enemies":"Cultist","floor":1,"turns":6},{"damage":7,"enemies":"Small Slimes","floor":3,"turns":4},{"damage":0,"enemies":"2 Louse","floor":4,"turns":4},{"damage":2,"enemies":"Looter","floor":5,"turns":4},{"damage":23,"enemies":"3 Sentries","floor":8,"turns":13},{"damage":19,"enemies":"Gremlin Nob","floor":12,"turns":6},{"damage":0,"enemies":"Exordium Thugs","floor":14,"turns":5},{"damage":4,"enemies":"Slime Boss","floor":16,"turns":12},{"damage":6,"enemies":"2 Thieves","floor":18,"turns":3},{"damage":4,"enemies":"Shell Parasite","floor":22,"turns":5},{"damage":0,"enemies":"Book of Stabbing","floor":23,"turns":5},{"damage":3,"enemies":"Centurion and Healer","floor":27,"turns":6},{"damage":0,"enemies":"3 Cultists","floor":28,"turns":5},{"damage":25,"enemies":"Snake Plant","floor":29,"turns":4},{"damage":0,"enemies":"Centurion and Healer","floor":31,"turns":4},{"damage":7,"enemies":"Champ","floor":33,"turns":8},{"damage":1,"enemies":"Orb Walker","floor":35,"turns":4},{"damage":17,"enemies":"3 Shapes","floor":37,"turns":3},{"damage":0,"enemies":"Spire Growth","floor":38,"turns":5},{"damage":14,"enemies":"Nemesis","floor":40,"turns":7},{"damage":0,"enemies":"Writhing Mass","floor":42,"turns":6},{"damage":2,"enemies":"Maw","floor":44,"turns":5},{"damage":0,"enemies":"3 Darklings","floor":45,"turns":4},{"damage":5,"enemies":"Reptomancer","floor":46,"turns":7},{"damage":11,"enemies":"Nemesis","floor":48,"turns":5},{"damage":11,"enemies":"Time Eater","floor":50,"turns":11},{"damage":37,"enemies":"Shield and Spear","floor":54,"turns":5},{"damage":51,"enemies":"The Heart","floor":55,"turns":7}],"seed_played":"-469617315462445782","potions_obtained":[{"floor":1,"key":"FearPotion"},{"floor":3,"key":"BlessingOfTheForge"},{"floor":4,"key":"DistilledChaos"},{"floor":8,"key":"GamblersBrew"},{"floor":12,"key":"SkillPotion"},{"floor":23,"key":"LiquidMemories"},{"floor":28,"key":"BlessingOfTheForge"},{"floor":37,"key":"Energy Potion"},{"floor":40,"key":"Explosive Potion"},{"floor":42,"key":"CunningPotion"}],"is_trial":false,"path_per_floor":["M","?","M","M","M","R","?","E","T","?","R","E","R","M","R","B",null,"M","?","$","T","M","E","$","R","T","M","M","M","?","M","R","B",null,"M","?","M","M","?","E","$","M","T","M","M","E","R","E","R","B",null,"R","$","E","B",null],"character_chosen":"THE_SILENT","items_purchased":["Footwork","Blade Dance","Oddly Smooth Stone","Well Laid Plans+1","Sling","PrismaticShard"],"campfire_rested":4,"item_purchase_floors":[20,20,24,24,41,53],"current_hp_per_floor":[69,52,45,45,43,43,48,25,25,25,47,28,50,50,50,71,74,68,68,68,68,64,64,64,64,64,61,61,36,36,41,41,64,72,75,75,63,68,68,83,83,85,85,85,85,85,85,79,85,74,82,85,85,53,27],"gold":46,"neow_bonus":"ONE_RANDOM_RARE_CARD","is_daily":false,"chose_seed":false,"campfire_upgraded":4,"win_rate":0.0,"timestamp":1608238718,"path_taken":["M","?","M","M","M","R","?","E","T","?","R","E","R","M","R","BOSS","M","?","?","?","M","E","?","R","T","?","M","M","?","M","R","BOSS","M","?","?","M","?","E","$","M","T","M","M","E","R","E","R","BOSS","R","$","E","BOSS"],"items_purchased_type":["Card","Card","Relic","Card","Relic","Relic"],"build_version":"2020-12-13","purchased_purges":3,"victory":true,"max_hp_per_floor":[70,70,70,70,70,70,75,75,75,75,75,75,75,75,75,75,75,75,75,75,75,75,75,75,75,75,75,75,75,75,75,75,75,75,75,75,75,75,75,85,85,85,85,85,85,85,85,85,85,85,85,85,85,85,85],"card_choices":[{"not_picked":["Riddle With Holes","Concentrate"],"picked":"Blade Dance","floor":1},{"not_picked":["Cloak And Dagger","Blur"],"picked":"Footwork","floor":3},{"not_picked":["Bane","Deadly Poison"],"picked":"Footwork","floor":4},{"not_picked":["Burst","All Out Attack"],"picked":"Dash","floor":5},{"not_picked":["PiercingWail","Deadly Poison"],"picked":"Deflect","floor":8},{"not_picked":["Endless Agony","Outmaneuver"],"picked":"Dagger Throw","floor":12},{"not_picked":["Blade Dance","Deadly Poison","Flying Knee"],"picked":"SKIP","floor":14},{"not_picked":["Unload","Night Terror"],"picked":"Venomology","floor":16},{"not_picked":["Acrobatics","Prepared"],"picked":"Dagger Throw+1","floor":18},{"not_picked":["Deadly Poison","Flechettes"],"picked":"Crippling Poison+1","floor":22},{"not_picked":["Underhanded Strike","Doppelganger"],"picked":"Accuracy+1","floor":23},{"not_picked":["Flying Knee","All Out Attack+1"],"picked":"Slice","floor":27},{"not_picked":["Leg Sweep","Eviscerate+1","Skewer"],"picked":"SKIP","floor":28},{"not_picked":["Blade Dance","Blur"],"picked":"Infinite Blades+1","floor":29},{"not_picked":["Catalyst+1","Bane","Slice"],"picked":"SKIP","floor":31},{"not_picked":["Phantasmal Killer","Grand Finale"],"picked":"After Image+1","floor":33},{"not_picked":["Tactician+1","Slice+1"],"picked":"Noxious Fumes+1","floor":35},{"not_picked":["Acrobatics","Dagger Throw","Slice+1"],"picked":"SKIP","floor":37},{"not_picked":["Outmaneuver","Quick Slash"],"picked":"PiercingWail+1","floor":38},{"not_picked":["PiercingWail","Crippling Poison+1"],"picked":"Escape Plan","floor":40},{"not_picked":["Crippling Poison+1","Blur"],"picked":"Terror+1","floor":42},{"not_picked":["Blade Dance","Flying Knee"],"picked":"Cloak And Dagger+1","floor":44},{"not_picked":["Acrobatics+1","Dagger Throw"],"picked":"Burst","floor":45},{"not_picked":["Eviscerate+1","Blade Dance+1"],"picked":"Dodge and Roll+1","floor":46},{"not_picked":["Burst","Outmaneuver","Underhanded Strike+1"],"picked":"SKIP","floor":48},{"not_picked":["FlurryOfBlows","Adaptation+1","Underhanded Strike"],"picked":"SKIP","floor":54}],"player_experience":397359,"relics_obtained":[{"floor":8,"key":"Pantograph"},{"floor":9,"key":"Shuriken"},{"floor":12,"key":"Mercury Hourglass"},{"floor":21,"key":"Frozen Egg 2"},{"floor":23,"key":"Bag of Marbles"},{"floor":26,"key":"Snake Skull"},{"floor":40,"key":"Pear"},{"floor":46,"key":"InkBottle"},{"floor":48,"key":"The Specimen"},{"floor":54,"key":"War Paint"}],"event_choices":[{"damage_healed":0,"gold_gain":0,"player_choice":"Take Damage","damage_taken":17,"relics_obtained":["Golden Idol"],"max_hp_gain":0,"max_hp_loss":0,"event_name":"Golden Idol","floor":2,"gold_loss":0},{"damage_healed":0,"gold_gain":0,"player_choice":"Donut","damage_taken":0,"max_hp_gain":5,"max_hp_loss":0,"event_name":"Big Fish","floor":7,"gold_loss":0},{"damage_healed":0,"gold_gain":0,"player_choice":"Grow","damage_taken":0,"max_hp_gain":0,"max_hp_loss":0,"event_name":"Living Wall","floor":10,"gold_loss":0,"cards_upgraded":["Footwork"]},{"cards_removed":["Strike_G"],"damage_healed":0,"gold_gain":0,"player_choice":"Offered Basic","damage_taken":0,"max_hp_gain":0,"max_hp_loss":0,"event_name":"Bonfire Elementals","floor":19,"gold_loss":0},{"damage_healed":0,"gold_gain":0,"player_choice":"Gave Idol","damage_taken":0,"relics_obtained":["Bloody Idol"],"max_hp_gain":0,"max_hp_loss":0,"event_name":"Forgotten Altar","floor":30,"relics_lost":["Golden Idol"],"gold_loss":0},{"cards_removed":["Strike_G"],"damage_healed":0,"gold_gain":0,"player_choice":"Purged","damage_taken":0,"max_hp_gain":0,"max_hp_loss":0,"event_name":"Purifier","floor":36,"gold_loss":0},{"damage_healed":0,"gold_gain":0,"player_choice":"Ignored","damage_taken":0,"max_hp_gain":0,"max_hp_loss":0,"event_name":"Tomb of Lord Red Mask","floor":39,"gold_loss":0}],"is_beta":false,"boss_relics":[{"not_picked":["Velvet Choker","Runic Dome"],"picked":"WristBlade"},{"not_picked":["Philosopher\u0027s Stone","Ring of the Serpent"],"picked":"Fusion Hammer"}],"items_purged_floors":[20,24,41],"is_endless":false,"potions_floor_spawned":[1,3,4,8,12,23,27,28,29,31,37,40,42],"ascension_level":5}}