{"host":"Rich","time":1608233921,"event":{"mods":["AchievementEnabler","BaseMod","Highlight Path","Minty Spire (QoL Compilation)","Relic Stats"],"gold_per_floor":[111,36,36,51,51,85,85,112,112,112,129,139,139,56,56,130,130,150,150,200,216,240,265,265,293,316,316,333,333,61,93,93,168,168,185,185,185,205,222,222,240,266,266,281,281,298,323,323,323],"floor_reached":48,"playtime":1909,"items_purged":["Strike_G","Strike_G+1"],"score":1247,"play_id":"bdead766-dfb7-48f7-9f25-0bd9702cb5bb","local_time":"20201217143841","is_ascension_mode":true,"campfire_choices":[{"data":"1","floor":7.0,"key":"LIFT"},{"data":"2","floor":10.0,"key":"LIFT"},{"floor":15.0,"key":"REST"},{"floor":24.0,"key":"REST"},{"data":"3","floor":27.0,"key":"LIFT"},{"data":"Cloak And Dagger","floor":29.0,"key":"SMITH"},{"data":"Cloak And Dagger","floor":32.0,"key":"SMITH"},{"data":"Cloak And Dagger","floor":40.0,"key":"SMITH"},{"floor":45.0,"key":"REST"}],"circlet_count":0,"master_deck":["AscendersBane","Strike_G+1","Strike_G+1","Defend_G+1","Defend_G+1","Defend_G+1","Defend_G+1","Defend_G+1","Survivor","Neutralize","Blade Dance","Cloak And Dagger+1","Cloak And Dagger+1","Cloak And Dagger+1","Slice","Leg Sweep","Envenom","Blade Dance+1","Leg Sweep","Finisher","Finisher","Envenom","Bandage Up","Grand Finale","Blur+1"],"relics":["Ring of the Snake","NeowsBlessing","Girya","Singing Bowl","Kunai","Happy Flower","SlaversCollar","Blood Vial","Potion Belt","Snake Skull","Bag of Marbles","Red Mask","Philosopher\u0027s Stone","Frozen Egg 2","Blue Candle","MealTicket"],"acts_visited":["Exordium","TheCity","TheBeyond"],"potions_floor_usage":[47,47,48],"damage_taken":[{"damage":0.0,"enemies":"Small Slimes","floor":1.0,"turns":1.0},{"damage":0.0,"enemies":"2 Louse","floor":4.0,"turns":1.0},{"damage":0.0,"enemies":"Gremlin Nob","floor":6.0,"turns":1.0},{"damage":20.0,"enemies":"Lagavulin","floor":8.0,"turns":7.0},{"damage":0.0,"enemies":"Cultist","floor":11.0,"turns":3.0},{"damage":1.0,"enemies":"Exordium Wildlife","floor":12.0,"turns":4.0},{"damage":12.0,"enemies":"The Guardian","floor":16.0,"turns":11.0},{"damage":7.0,"enemies":"Spheric Guardian","floor":18.0,"turns":5.0},{"damage":3.0,"enemies":"Chosen","floor":21.0,"turns":3.0},{"damage":15.0,"enemies":"Book of Stabbing","floor":23.0,"turns":5.0},{"damage":1.0,"enemies":"Gremlin Leader","floor":25.0,"turns":11.0},{"damage":11.0,"enemies":"Snecko","floor":28.0,"turns":4.0},{"damage":0.0,"enemies":"Masked Bandits","floor":31.0,"turns":2.0},{"damage":0.0,"enemies":"Champ","floor":33.0,"turns":8.0},{"damage":27.0,"enemies":"3 Shapes","floor":35.0,"turns":3.0},{"damage":0.0,"enemies":"Orb Walker","floor":38.0,"turns":1.0},{"damage":12.0,"enemies":"Spire Growth","floor":39.0,"turns":2.0},{"damage":15.0,"enemies":"Writhing Mass","floor":41.0,"turns":5.0},{"damage":30.0,"enemies":"Giant Head","floor":42.0,"turns":5.0},{"damage":0.0,"enemies":"Maw","floor":44.0,"turns":6.0},{"damage":0.0,"enemies":"Spire Growth","floor":46.0,"turns":3.0},{"damage":43,"enemies":"Nemesis","floor":47,"turns":7},{"damage":31,"enemies":"3 Darklings","floor":48,"turns":3}],"seed_played":"-6013552797429888748","potions_obtained":[{"floor":5.0,"key":"Poison Potion"},{"floor":5.0,"key":"Block Potion"},{"floor":11.0,"key":"Strength Potion"},{"floor":21.0,"key":"EssenceOfSteel"},{"floor":31.0,"key":"Explosive Potion"},{"floor":33.0,"key":"Poison Potion"},{"floor":38.0,"key":"SteroidPotion"},{"floor":39.0,"key":"Poison Potion"},{"floor":41.0,"key":"PowerPotion"},{"floor":44.0,"key":"Energy Potion"}],"is_trial":false,"path_per_floor":["M","$","?","M","?","E","R","E","T","R","M","M","T","$","R","B",null,"M","?","?","M","T","E","R","E","T","R","M","R","$","?","R","B",null,"M","?","?","M","M","R","M","E","T","M","R","M","E","M"],"character_chosen":"THE_SILENT","items_purchased":["Leg Sweep","Bag of Marbles"],"campfire_rested":3,"item_purchase_floors":[14,30],"current_hp_per_floor":[59,59,39,39,39,39,39,21,21,21,21,20,20,20,40,28,58,51,51,45,42,42,29,50,51,51,51,44,44,44,46,46,48,66,43,43,43,51,47,47,40,16,16,24,48,56,21,0,0],"gold":323,"neow_bonus":"THREE_ENEMY_KILL","is_daily":false,"chose_seed":false,"campfire_upgraded":3,"win_rate":0.0,"timestamp":1608233921,"path_taken":["M","$","?","M","?","E","R","E","T","R","M","?","?","?","R","BOSS","M","?","?","?","?","E","R","E","T","R","M","R","$","?","R","BOSS","M","?","?","M","?","R","M","E","T","?","R","M","E","M"],"items_purchased_type":["Card","Relic"],"build_version":"2020-12-07","purchased_purges":2,"victory":false,"max_hp_per_floor":[66,66,66,66,66,66,66,68,68,68,68,68,68,68,68,68,68,68,68,68,68,68,70,70,70,70,70,72,72,72,72,72,72,72,74,74,74,76,78,78,80,80,80,82,82,84,86,86,86],"relic_stats":{"Blood Vial":26,"Singing Bowl":20,"Happy Flower":[28],"counters":[23,101],"Blue Candle":[0],"MealTicket":0,"Snake Skull":[152],"Kunai":[80],"obtain_stats":[{"Potion Belt":25,"Girya":6,"NeowsBlessing":0,"Singing Bowl":8,"Happy Flower":13,"Blue Candle":43,"Snake Skull":26,"Frozen Egg 2":42,"Blood Vial":23,"SlaversCollar":17,"Philosopher\u0027s Stone":34,"MealTicket":47,"Bag of Marbles":30,"Red Mask":31,"Kunai":9,"Ring of the Snake":0},{"Potion Belt":11,"Girya":3,"NeowsBlessing":0,"Singing Bowl":4,"Happy Flower":6,"Blue Candle":19,"Snake Skull":11,"Frozen Egg 2":19,"Blood Vial":10,"SlaversCollar":7,"Philosopher\u0027s Stone":14,"MealTicket":22,"Bag of Marbles":12,"Red Mask":13,"Kunai":4,"Ring of the Snake":0},{"Potion Belt":52,"Girya":3,"NeowsBlessing":0,"Singing Bowl":10,"Happy Flower":17,"Blue Candle":82,"Snake Skull":52,"Frozen Egg 2":82,"Blood Vial":41,"SlaversCollar":28,"Philosopher\u0027s Stone":66,"MealTicket":98,"Bag of Marbles":56,"Red Mask":58,"Kunai":10,"Ring of the Snake":0}],"Ring of the Snake":[46]},"card_choices":[{"not_picked":["Poisoned Stab","Slice"],"picked":"Blade Dance","floor":1.0},{"not_picked":["Setup","Prepared"],"picked":"Cloak And Dagger","floor":4.0},{"not_picked":["Slice","Dagger Throw"],"picked":"Cloak And Dagger","floor":6.0},{"not_picked":["Deflect","Dagger Throw","Slice"],"picked":"Singing Bowl","floor":8.0},{"not_picked":["Bane","Backflip"],"picked":"Cloak And Dagger","floor":11.0},{"not_picked":["Masterful Stab","Choke"],"picked":"Slice","floor":12.0},{"not_picked":["Phantasmal Killer","Unload"],"picked":"Envenom","floor":16.0},{"not_picked":["Underhanded Strike+1","Outmaneuver+1"],"picked":"Blade Dance+1","floor":18.0},{"not_picked":["Acrobatics","Sucker Punch"],"picked":"Leg Sweep","floor":21.0},{"not_picked":["Slice","Predator","Dagger Spray"],"picked":"Singing Bowl","floor":23.0},{"not_picked":["Endless Agony","Outmaneuver"],"picked":"Finisher","floor":25.0},{"not_picked":["Expertise","Deadly Poison+1","Well Laid Plans"],"picked":"Singing Bowl","floor":28.0},{"not_picked":["Prepared+1","Blade Dance"],"picked":"Finisher","floor":31.0},{"not_picked":["Glass Knife","Die Die Die"],"picked":"Envenom","floor":33.0},{"not_picked":["Slice","Dash","Deflect"],"picked":"Singing Bowl","floor":35.0},{"not_picked":["Mayhem","The Bomb"],"picked":"Bandage Up","floor":36.0},{"not_picked":["Skewer","Acrobatics","Backflip"],"picked":"Singing Bowl","floor":38.0},{"not_picked":["Distraction","Setup","Outmaneuver+1"],"picked":"Singing Bowl","floor":39.0},{"not_picked":["Deadly Poison","Dagger Spray","Bane"],"picked":"Singing Bowl","floor":41.0},{"not_picked":["Acrobatics","Dagger Throw"],"picked":"Blur+1","floor":42.0},{"not_picked":["Slice","Setup","Riddle With Holes"],"picked":"Singing Bowl","floor":44.0},{"not_picked":["Reflex","Skewer","Outmaneuver"],"picked":"Singing Bowl","floor":46.0},{"not_picked":["Bouncing Flask+1","Reflex","Phantasmal Killer"],"picked":"Singing Bowl","floor":47}],"player_experience":1911136,"relics_obtained":[{"floor":6.0,"key":"Girya"},{"floor":8.0,"key":"Singing Bowl"},{"floor":9.0,"key":"Kunai"},{"floor":13.0,"key":"Happy Flower"},{"floor":23.0,"key":"Blood Vial"},{"floor":25.0,"key":"Potion Belt"},{"floor":26.0,"key":"Snake Skull"},{"floor":31.0,"key":"Red Mask"},{"floor":42.0,"key":"Frozen Egg 2"},{"floor":43.0,"key":"Blue Candle"},{"floor":47,"key":"MealTicket"}],"event_choices":[{"damage_healed":0.0,"max_hp_gain":0.0,"max_hp_loss":0.0,"gold_gain":0.0,"event_name":"Shining Light","player_choice":"Entered Light","floor":3.0,"gold_loss":0.0,"damage_taken":20.0,"cards_upgraded":["Defend_G","Strike_G"]},{"damage_healed":0.0,"max_hp_gain":0.0,"max_hp_loss":0.0,"gold_gain":0.0,"event_name":"Lab","player_choice":"Got Potions","floor":5.0,"gold_loss":0.0,"damage_taken":0.0},{"damage_healed":0.0,"max_hp_gain":0.0,"max_hp_loss":0.0,"gold_gain":0.0,"event_name":"Back to Basics","player_choice":"Simplicity","floor":19.0,"gold_loss":0.0,"damage_taken":0.0,"cards_upgraded":["Strike_G","Strike_G","Strike_G","Defend_G","Defend_G","Defend_G","Defend_G"]},{"damage_healed":0.0,"max_hp_gain":0.0,"max_hp_loss":0.0,"gold_gain":50.0,"event_name":"FaceTrader","player_choice":"Touch","floor":20.0,"gold_loss":0.0,"damage_taken":6.0},{"damage_healed":0.0,"max_hp_gain":0.0,"max_hp_loss":0.0,"gold_gain":0.0,"event_name":"Masked Bandits","player_choice":"Fought Bandits","floor":31.0,"gold_loss":0.0,"damage_taken":0.0},{"damage_healed":0.0,"max_hp_gain":0.0,"max_hp_loss":0.0,"gold_gain":0.0,"event_name":"SensoryStone","player_choice":"Memory 1","floor":36.0,"gold_loss":0.0,"damage_taken":0.0},{"damage_healed":0.0,"max_hp_gain":0.0,"max_hp_loss":0.0,"gold_gain":0.0,"cards_transformed":["Strike_G"],"event_name":"Transmorgrifier","player_choice":"Transformed","floor":37.0,"gold_loss":0.0,"damage_taken":0.0,"cards_obtained":["Grand Finale"]}],"is_beta":true,"boss_relics":[{"not_picked":["SacredBark","Velvet Choker"],"picked":"SlaversCollar"},{"not_picked":["Sozu","Coffee Dripper"],"picked":"Philosopher\u0027s Stone"}],"items_purged_floors":[2,30],"is_endless":false,"potions_floor_spawned":[6,11,21,31,33,38,39,41,44],"killed_by":"3 Darklings","ascension_level":20}}