{"host":"yhemb00fn7g5zwp1","time":1608201528,"event":{"mods":["AchievementEnabler","Act Like it!","BaseMod","CapriCore","Gensokyo","Hallownest","Highlight Path","KinomotoSakuraMod(Ä¾Ö®±¾Ó£)","Koishi","KomeijiMod","Marisa£¨ìFÓê¡¡Ä§ÀíÉ³£©","Minty Spire (QoL Compilation)","MostiFishMod","Pale of the Ancients","Prisma Mod","Reimu£¨²©ÀöÁéÃÎ£©","Remilia£¨ÀÙÃ×ÀòÑÇ£©","StSLib","Td1madao Mod","The Factory","The Hayseed","The Servant 0.9.4","Youmu£¨»êÆÇÑýÃÎ£©","Yuyuko","¡¾¶«·½¶þ´Î´´×÷¡¿°ËÔÆ×Ïmod","¡¾ÒÅÎï¿¨ÅÆ¡¿REMEMod"],"gold_per_floor":[115,115,127,127,127,159,172,172,172,719,719,752,752,762,762,834,834,1248,1248,1262,1262,1278,1278,1278,1008,1008,1027,588,588,598,428,428,499,499,511,374,374,304,304,304,333,357,357,357,1074,1092,1105,691,691,691,691],"floor_reached":52,"playtime":1942,"items_purged":["Writhe","Strike_R","Sever Soul","Strike_R"],"score":2312,"play_id":"b01278ed-b7b1-4cce-9608-244b69afd31e","local_time":"20201217183848","is_ascension_mode":true,"campfire_choices":[{"data":"Corruption","floor":8,"key":"SMITH"},{"data":"Armaments","floor":15,"key":"SMITH"},{"floor":24,"key":"REST"},{"data":"MostiFishMod:NightSea","floor":29,"key":"SMITH"},{"data":"True Grit","floor":32,"key":"SMITH"},{"data":"REME_FearOfPain","floor":40,"key":"SMITH"},{"data":"REME_Flogging","floor":44,"key":"SMITH"},{"data":"RidiculousThoughts","floor":49,"key":"SMITH"}],"circlet_count":0,"master_deck":["Strike_R","Strike_R","Defend_R","Defend_R","Defend_R","Defend_R","Bash","Armaments+1","Wild Strike","Corruption+1","Evolve","Shrug It Off","Power Through+1","Burning Pact","MostiFishMod:NewArrival","MostiFishMod:Neptune","MostiFishMod:TheEndOfMoonlight","MostiFishMod:SparklingWater","MostiFishMod:FantasySummer","MostiFishMod:NightSea+1","Evolve","Shockwave","REME_FearOfPain+1","REME_Flogging+1","Havoc","Intimidate","MostiFishMod:OneDayCity","Bandage Up","Disarm","Dark Embrace+1","Warcry","True Grit+1","Gensokyo:ShootingStar","REME_TheLastStrike+1","Seeing Red+1","REME_Scribble+1","Warcry+1","True Grit+1","Feel No Pain","RidiculousThoughts+1"],"relics":["Burning Blood","REME_ComplimentaryCards","DaveBox","SentryEyes","Question Card","Gensokyo:NagashiBinaDoll","Gensokyo:OccultBall","Akabeko","Strawberry","Shuriken","ImportantClient","MoonlightInvasionPlan","Gensokyo:RedStar","InkBottle","Membership Card","Bottled Lightning","Orrery","ChiXiaoBlade","WingedGreaves","Medical Kit","ImprovedEquipment","HoshigumaDish","Pear","REME_HandOfSuture","Technique","Gremlin Horn"],"acts_visited":["Exordium","Gensokyo:Gensokyo","TheBeyond"],"potions_floor_usage":[16,16,50,51],"damage_taken":[{"damage":0,"enemies":"Gensokyo:3_Fairies","floor":1,"turns":2},{"damage":0,"enemies":"Gensokyo:Python","floor":3,"turns":2},{"damage":15,"enemies":"Gensokyo:Mamizou","floor":6,"turns":5},{"damage":3,"enemies":"Gensokyo:Gryphon","floor":7,"turns":2},{"damage":49,"enemies":"Gensokyo:Python_and_Kodama","floor":10,"turns":3},{"damage":0,"enemies":"Gensokyo:Cirno","floor":12,"turns":4},{"damage":0,"enemies":"Gensokyo:3_Kodama","floor":14,"turns":2},{"damage":18,"enemies":"Gensokyo:Reimu","floor":16,"turns":7},{"damage":40,"enemies":"Gensokyo:Chomper","floor":18,"turns":3},{"damage":14,"enemies":"Gensokyo:3_Dogs","floor":20,"turns":4},{"damage":35,"enemies":"Gensokyo:Swordslinger","floor":22,"turns":3},{"damage":5,"enemies":"Gensokyo:Wraith","floor":27,"turns":4},{"damage":0,"enemies":"Gensokyo:Chomper_and_Gloop","floor":30,"turns":3},{"damage":1,"enemies":"Gensokyo:Eiki","floor":33,"turns":6},{"damage":0,"enemies":"Orb Walker","floor":35,"turns":1},{"damage":5,"enemies":"Giant Head","floor":41,"turns":4},{"damage":61,"enemies":"Nemesis","floor":45,"turns":1},{"damage":5,"enemies":"3 Shapes","floor":46,"turns":2},{"damage":3,"enemies":"3 Darklings","floor":47,"turns":2},{"damage":19,"enemies":"Awakened One","floor":50,"turns":5},{"damage":21,"enemies":"Donu and Deca","floor":51,"turns":5}],"seed_played":"3017625056473389377","potions_obtained":[{"floor":3,"key":"SteroidPotion"},{"floor":6,"key":"FearPotion"},{"floor":10,"key":"DistilledChaos"},{"floor":14,"key":"EssenceOfSteel"},{"floor":22,"key":"Block Potion"},{"floor":30,"key":"GamblersBrew"},{"floor":33,"key":"DuplicationPotion"},{"floor":46,"key":"ColorlessPotion"}],"is_trial":false,"path_per_floor":["M","?","M","?","?","E","M","R","T","M","?","E","?","M","R","B",null,"M","?","M","?","M","?","R","$","T","M","$","R","M","$","R","B",null,"M","$","?","$","?","R","E","T","T","R","E","M","M","$","R","B","B",null],"character_chosen":"IRONCLAD","items_purchased":["REME_Flogging","Havoc","Membership Card","Bottled Lightning","MostiFishMod:OneDayCity","Bandage Up","Disarm","Orrery","WingedGreaves","Medical Kit","Technique","Feel No Pain","RidiculousThoughts","Gremlin Horn"],"campfire_rested":1,"item_purchase_floors":[25,25,28,28,28,28,28,31,36,38,48,48,48,48],"current_hp_per_floor":[88,88,89,89,89,80,83,83,83,40,33,39,39,45,45,33,80,46,46,38,38,9,9,37,37,37,38,38,38,44,44,44,96,96,96,96,96,96,96,96,96,96,106,106,58,59,69,69,69,63,55],"gold":691,"neow_bonus":"TWENTY_PERCENT_HP_BONUS","is_daily":false,"chose_seed":false,"campfire_upgraded":7,"win_rate":0.0,"timestamp":1608201528,"path_taken":["M","?","?","?","?","E","M","R","T","?","?","E","?","M","R","BOSS","M","?","M","?","?","?","R","?","T","M","$","R","?","$","R","BOSS","M","$","?","$","?","R","E","?","T","R","E","M","?","$","R","BOSS","BOSS"],"items_purchased_type":["Card","Card","Relic","Relic","Card","Card","Card","Relic","Relic","Relic","Relic","Card","Card","Relic"],"build_version":"2020-12-13","purchased_purges":4,"victory":true,"max_hp_per_floor":[89,89,89,89,89,89,89,89,89,89,96,96,96,96,96,96,96,96,96,96,96,96,96,96,96,96,96,96,96,96,96,96,96,96,96,96,96,96,96,96,96,96,106,106,109,109,112,112,112,115,118],"card_choices":[{"not_picked":["Battle Trance","Perfected Strike","Clash"],"picked":"SKIP","floor":1},{"not_picked":["Dual Wield","Perfected Strike","Clothesline","Metallicize"],"picked":"SKIP","floor":3},{"not_picked":["Flex","Havoc","Clothesline"],"picked":"Armaments","floor":4},{"not_picked":["Body Slam","Searing Blow","Sentinel"],"picked":"Wild Strike","floor":6},{"not_picked":["Pommel Strike","Havoc","Blood for Blood"],"picked":"Corruption","floor":7},{"not_picked":["Sword Boomerang","Twin Strike","Warcry"],"picked":"Evolve","floor":10},{"not_picked":["Bloodletting","Infernal Blade","Iron Wave"],"picked":"Shrug It Off","floor":12},{"not_picked":["Infernal Blade","Rage","Perfected Strike"],"picked":"Burning Pact","floor":14},{"not_picked":["Double Tap","MostiFishMod:TemporaryOutbreak","Juggernaut"],"picked":"MostiFishMod:NewArrival","floor":16},{"not_picked":["Iron Wave","Wild Strike","Cleave"],"picked":"Sever Soul","floor":18},{"not_picked":["Wild Strike","Rampage","Blood for Blood+1"],"picked":"Evolve","floor":20},{"not_picked":["Combust","Armaments","REME_Cut"],"picked":"Shockwave","floor":22},{"not_picked":["Shrug It Off","Wild Strike+1","Clothesline"],"picked":"Intimidate","floor":27},{"not_picked":["MostiFishMod:PerfectStrikeMKII","Clash","Twin Strike"],"picked":"Dark Embrace+1","floor":30},{"not_picked":["Headbutt","Iron Wave","MostiFishMod:DarkDeal"],"picked":"Warcry","floor":31},{"not_picked":["Clothesline","Metallicize","Battle Trance"],"picked":"True Grit","floor":31},{"not_picked":[],"picked":"Gensokyo:ShootingStar","floor":33},{"not_picked":["MostiFishMod:#F4004","REME_ACTH","MostiFishMod:UniRed"],"picked":"REME_TheLastStrike","floor":33},{"not_picked":["Blood for Blood","Sword Boomerang","Twin Strike"],"picked":"Seeing Red+1","floor":35},{"not_picked":["Flex","Sever Soul","Cleave"],"picked":"REME_Scribble+1","floor":41},{"not_picked":["Blood for Blood","Warcry+1","Body Slam","Wild Strike+1"],"picked":"SKIP","floor":45},{"not_picked":["MostiFishMod:PerfectStrikeMKII","Dark Embrace","Pommel Strike"],"picked":"Warcry+1","floor":46},{"not_picked":["Uppercut","Carnage","Armaments"],"picked":"True Grit","floor":47}],"player_experience":428079,"relics_obtained":[{"floor":1,"key":"Question Card"},{"floor":6,"key":"Akabeko"},{"floor":7,"key":"Gensokyo:OccultBall"},{"floor":12,"key":"Shuriken"},{"floor":16,"key":"Gensokyo:OccultBall"},{"floor":16,"key":"ImportantClient"},{"floor":26,"key":"InkBottle"},{"floor":30,"key":"Gensokyo:OccultBall"},{"floor":33,"key":"Gensokyo:OccultBall"},{"floor":41,"key":"ImprovedEquipment"},{"floor":42,"key":"HoshigumaDish"},{"floor":43,"key":"Pear"},{"floor":45,"key":"REME_HandOfSuture"}],"event_choices":[{"cards_removed":["Strike_R"],"damage_healed":0,"gold_gain":0,"player_choice":"Removed Attack","damage_taken":0,"max_hp_gain":0,"max_hp_loss":0,"event_name":"Falling","floor":37,"gold_loss":0}],"is_beta":false,"boss_relics":[{"not_picked":["Velvet Choker","Fusion Hammer"],"picked":"MoonlightInvasionPlan"},{"not_picked":["Black Star","RhineFirstAidKit"],"picked":"ChiXiaoBlade"}],"items_purged_floors":[25,28,31,48],"is_endless":false,"potions_floor_spawned":[3,6,10,14,22,30,33,41,46,47],"ascension_level":20}}