{"host":"3y2rtlgteqp2nuo3","time":1608202818,"event":{"mods":["2.2 Compatiblity","AchievementEnabler","BaseMod","Colored Map","DeckTracker","Highlight Path","Keyboard Shortcuts","Minty Spire (QoL Compilation)","Permanent Neow","Quick Restart","StSLib","SuperFastMode","everything is the same but u backflip on backflip"],"gold_per_floor":[116,116,116,133,133,165,165,176,202,222,257,268,268,297,297,297,297],"floor_reached":16,"playtime":334,"items_purged":[],"score":232,"play_id":"e8a7f4df-9a6f-4608-b7f5-f1bf4e4163e1","local_time":"20201217200018","is_ascension_mode":true,"campfire_choices":[{"data":"Streamline","floor":7.0,"key":"SMITH"},{"floor":13.0,"key":"REST"},{"floor":15,"key":"REST"}],"circlet_count":0,"master_deck":["AscendersBane","Strike_B","Strike_B+1","Strike_B","Strike_B","Defend_B","Defend_B","Defend_B","Defend_B","Zap+1","Dualcast","Streamline+1","Genetic Algorithm","Capacitor","Beam Cell","Turbo","Stack","Rebound","Conserve Battery","Leap","Rip and Tear"],"relics":["Cracked Core","NeowsBlessing","Blue Candle","SsserpentHead","Dream Catcher","Art of War","Potion Belt","PreservedInsect"],"acts_visited":["Exordium"],"potions_floor_usage":[14],"damage_taken":[{"damage":0.0,"enemies":"Small Slimes","floor":1.0,"turns":1.0},{"damage":0.0,"enemies":"Jaw Worm","floor":4.0,"turns":1.0},{"damage":0.0,"enemies":"Lagavulin","floor":6.0,"turns":1.0},{"damage":0.0,"enemies":"Cultist","floor":8.0,"turns":3.0},{"damage":6.0,"enemies":"2 Fungi Beasts","floor":10.0,"turns":4.0},{"damage":35.0,"enemies":"3 Sentries","floor":11.0,"turns":8.0},{"damage":10.0,"enemies":"Gremlin Gang","floor":12.0,"turns":5.0},{"damage":15,"enemies":"Lagavulin","floor":14,"turns":5},{"damage":35,"enemies":"Hexaghost","floor":16,"turns":9}],"seed_played":"4427575802411115947","potions_obtained":[{"floor":11.0,"key":"SteroidPotion"},{"floor":14,"key":"Block Potion"}],"is_trial":false,"path_per_floor":["M","?","T","M","?","E","R","M","T","M","E","M","R","E","R","B"],"character_chosen":"DEFECT","items_purchased":[],"campfire_rested":2,"item_purchase_floors":[],"current_hp_per_floor":[68,53,53,53,53,53,53,53,53,47,12,2,24,9,31,0,0],"gold":297,"neow_bonus":"THREE_ENEMY_KILL","is_daily":false,"chose_seed":false,"campfire_upgraded":1,"win_rate":0.0,"timestamp":1608202818,"path_taken":["M","?","?","?","?","E","R","M","T","M","E","M","R","E","R","BOSS"],"items_purchased_type":[],"build_version":"2020-12-13","purchased_purges":0,"victory":false,"max_hp_per_floor":[75,75,75,75,75,75,75,75,75,75,75,75,75,75,75,75,75],"card_choices":[{"not_picked":["Gash","Stack"],"picked":"Streamline","floor":1.0},{"not_picked":["Go for the Eyes","Melter"],"picked":"Genetic Algorithm","floor":4.0},{"not_picked":["Turbo","Cold Snap"],"picked":"Capacitor","floor":6.0},{"not_picked":["Turbo","BootSequence"],"picked":"Beam Cell","floor":8.0},{"not_picked":["Stack","Cold Snap"],"picked":"Turbo","floor":10.0},{"not_picked":["Stack","Beam Cell","Storm"],"picked":"SKIP","floor":11.0},{"not_picked":["Beam Cell","Storm"],"picked":"Stack","floor":11.0},{"not_picked":["Storm","Streamline"],"picked":"Rebound","floor":12.0},{"not_picked":["Hyperbeam","Compile Driver"],"picked":"Conserve Battery","floor":13.0},{"not_picked":["Steam","Streamline"],"picked":"Leap","floor":14},{"not_picked":["Conserve Battery","Barrage"],"picked":"Rip and Tear","floor":15}],"player_experience":858142,"relics_obtained":[{"floor":3.0,"key":"Blue Candle"},{"floor":6.0,"key":"Dream Catcher"},{"floor":9.0,"key":"Art of War"},{"floor":11.0,"key":"Potion Belt"},{"floor":14,"key":"PreservedInsect"}],"event_choices":[{"damage_healed":0.0,"max_hp_gain":0.0,"max_hp_loss":0.0,"gold_gain":0.0,"event_name":"Shining Light","player_choice":"Entered Light","floor":2.0,"gold_loss":0.0,"damage_taken":15.0,"cards_upgraded":["Zap","Strike_B"]},{"damage_healed":0.0,"max_hp_gain":0.0,"max_hp_loss":0.0,"gold_gain":0.0,"event_name":"FaceTrader","player_choice":"Trade","floor":5.0,"gold_loss":0.0,"damage_taken":0.0,"relics_obtained":["SsserpentHead"]}],"is_beta":false,"boss_relics":[],"items_purged_floors":[],"is_endless":false,"potions_floor_spawned":[11,14],"killed_by":"Hexaghost","ascension_level":12}}