{"host":"vtakxgab1vu2j1nx","time":1608236343,"event":{"mods":["AchievementEnabler","BaseMod","Colored Map","Minty Spire (QoL Compilation)","Quick Restart","SuperFastMode"],"gold_per_floor":[109,109,128,203,130,155,155,155,204,204,238,257,273,292,292,392,392,411,12,12,29,41,69,69,104,129,155,167,32,62,80,80,183,183,203,138,158,185,10,43,52,69,95,95,95],"floor_reached":44,"playtime":1141,"items_purged":["Strike_G"],"score":689,"play_id":"c8f5fda6-9c4b-404d-a0e3-fe8890ea4246","local_time":"20201217151903","is_ascension_mode":true,"campfire_choices":[{"data":"Infinite Blades","floor":8.0,"key":"SMITH"},{"data":"Cloak And Dagger","floor":10.0,"key":"SMITH"},{"floor":15.0,"key":"REST"},{"data":"Cloak And Dagger","floor":24.0,"key":"SMITH"},{"floor":32.0,"key":"REST"},{"floor":41.0,"key":"REST"}],"circlet_count":0,"master_deck":["Strike_G","Strike_G","Defend_G","Defend_G","Defend_G","Defend_G","Defend_G","Survivor","Neutralize","Deadly Poison+1","Dodge and Roll","Infinite Blades+1","Cloak And Dagger+1","Blade Dance","Blur","Cloak And Dagger+1","Flying Knee","Bullet Time","Blade Dance+1","Footwork","Deflect","Blade Dance","Backflip","J.A.X.","Consecrate+1","Finisher+1","Phantasmal Killer","BootSequence","Footwork","Panache","Coolheaded+1"],"relics":["Ring of the Snake","NeowsBlessing","Shuriken","Anchor","Centennial Puzzle","WristBlade","Eternal Feather","Bag of Marbles","Blue Candle","Omamori","Dream Catcher","MawBank","PrismaticShard","Akabeko","Empty Cage","CeramicFish","Darkstone Periapt","Ancient Tea Set"],"acts_visited":["Exordium","TheCity","TheBeyond"],"potions_floor_usage":[],"damage_taken":[{"damage":0.0,"enemies":"2 Louse","floor":1.0,"turns":1.0},{"damage":0.0,"enemies":"Cultist","floor":3.0,"turns":1.0},{"damage":0.0,"enemies":"Lagavulin","floor":6.0,"turns":1.0},{"damage":19.0,"enemies":"Gremlin Nob","floor":11.0,"turns":4.0},{"damage":0.0,"enemies":"Jaw Worm","floor":12.0,"turns":3.0},{"damage":2.0,"enemies":"Exordium Thugs","floor":13.0,"turns":2.0},{"damage":3.0,"enemies":"Blue Slaver","floor":14.0,"turns":3.0},{"damage":43.0,"enemies":"The Guardian","floor":16.0,"turns":10.0},{"damage":6.0,"enemies":"2 Thieves","floor":18.0,"turns":3.0},{"damage":1.0,"enemies":"Spheric Guardian","floor":21.0,"turns":3.0},{"damage":0.0,"enemies":"Cultist and Chosen","floor":22.0,"turns":7.0},{"damage":7.0,"enemies":"Slavers","floor":23.0,"turns":4.0},{"damage":4.0,"enemies":"Book of Stabbing","floor":25.0,"turns":4.0},{"damage":2.0,"enemies":"Gremlin Leader","floor":27.0,"turns":4.0},{"damage":7.0,"enemies":"Slavers","floor":30.0,"turns":3.0},{"damage":15.0,"enemies":"Snake Plant","floor":31.0,"turns":3.0},{"damage":25.0,"enemies":"Automaton","floor":33.0,"turns":6.0},{"damage":6.0,"enemies":"3 Shapes","floor":35.0,"turns":2.0},{"damage":3.0,"enemies":"Orb Walker","floor":37.0,"turns":2.0},{"damage":9.0,"enemies":"Transient","floor":38.0,"turns":5.0},{"damage":11.0,"enemies":"Nemesis","floor":40.0,"turns":5.0},{"damage":16.0,"enemies":"Sphere and 2 Shapes","floor":42.0,"turns":4.0},{"damage":61,"enemies":"Reptomancer","floor":44,"turns":3}],"seed_played":"1223409798708471143","potions_obtained":[{"floor":3.0,"key":"Fire Potion"},{"floor":12.0,"key":"SteroidPotion"},{"floor":13.0,"key":"AttackPotion"},{"floor":16.0,"key":"BlessingOfTheForge"},{"floor":21.0,"key":"GhostInAJar"},{"floor":23.0,"key":"LiquidMemories"},{"floor":25.0,"key":"Fire Potion"},{"floor":37.0,"key":"Fire Potion"}],"is_trial":false,"path_per_floor":["M","?","M","?","$","E","T","R","T","R","E","M","M","M","R","B",null,"M","$","?","M","M","E","R","E","T","E","?","$","E","M","R","B",null,"M","?","M","M","$","E","R","M","T","E"],"character_chosen":"THE_SILENT","items_purchased":["Infinite Blades","Footwork","Eternal Feather","PrismaticShard","Panache"],"campfire_rested":3,"item_purchase_floors":[5,19,19,29,39],"current_hp_per_floor":[70,70,70,63,63,63,63,63,63,63,44,44,42,39,60,17,57,51,51,51,50,50,43,55,51,51,49,49,49,42,27,63,38,62,56,56,53,44,44,33,70,54,54,0,0],"gold":95,"neow_bonus":"THREE_ENEMY_KILL","is_daily":false,"chose_seed":false,"campfire_upgraded":3,"win_rate":0.0,"timestamp":1608236343,"path_taken":["M","?","?","?","?","E","?","R","T","R","E","M","?","?","R","BOSS","M","$","?","M","M","E","R","E","T","E","?","$","E","M","R","BOSS","M","?","M","M","?","E","R","M","T","E"],"items_purchased_type":["Card","Card","Relic","Relic","Card"],"build_version":"2020-12-13","purchased_purges":1,"victory":false,"max_hp_per_floor":[70,70,70,70,70,70,70,70,70,70,70,70,70,70,70,70,70,70,70,70,70,70,70,70,70,70,70,70,70,70,70,70,70,70,70,70,70,70,70,70,70,70,70,70,70],"card_choices":[{"not_picked":["PiercingWail","Blur"],"picked":"Deadly Poison","floor":1.0},{"not_picked":["Heel Hook","Quick Slash"],"picked":"Dodge and Roll","floor":3.0},{"not_picked":["Dagger Spray","Backflip"],"picked":"Cloak And Dagger","floor":6.0},{"not_picked":["Dagger Spray","Deadly Poison"],"picked":"Blade Dance","floor":11.0},{"not_picked":["Flechettes","All Out Attack"],"picked":"Blur","floor":12.0},{"not_picked":["Dagger Spray","Crippling Poison"],"picked":"Cloak And Dagger","floor":13.0},{"not_picked":["Dagger Throw","Malaise"],"picked":"Flying Knee","floor":14.0},{"not_picked":["Corpse Explosion","Malaise"],"picked":"Bullet Time","floor":16.0},{"not_picked":["PiercingWail","Riddle With Holes"],"picked":"Blade Dance+1","floor":18.0},{"not_picked":["Outmaneuver","Escape Plan","Dagger Spray+1"],"picked":"SKIP","floor":21.0},{"not_picked":["Riddle With Holes+1","Doppelganger"],"picked":"Deflect","floor":22.0},{"not_picked":["Masterful Stab+1","Bouncing Flask"],"picked":"Blade Dance","floor":23.0},{"not_picked":["Unload","PiercingWail+1"],"picked":"Backflip","floor":25.0},{"not_picked":["Acrobatics+1","Crippling Poison","Tactician"],"picked":"SKIP","floor":27.0},{"not_picked":["Choke+1","Gash"],"picked":"Consecrate+1","floor":30.0},{"not_picked":["Infinite Blades","Tantrum","Blade Dance"],"picked":"SKIP","floor":31.0},{"not_picked":["Turbo","Evaluate+1"],"picked":"Finisher+1","floor":32.0},{"not_picked":["Brilliance","All For One"],"picked":"Phantasmal Killer","floor":33.0},{"not_picked":["Tantrum+1","MentalFortress+1","SashWhip+1"],"picked":"SKIP","floor":35.0},{"not_picked":["Storm+1","EmptyBody"],"picked":"BootSequence","floor":37.0},{"not_picked":["WheelKick+1","Sever Soul"],"picked":"Footwork","floor":38.0},{"not_picked":["Hemokinesis","Underhanded Strike","Collect+1"],"picked":"SKIP","floor":40.0},{"not_picked":["Hello World","JustLucky+1"],"picked":"Coolheaded+1","floor":41.0},{"not_picked":["Compile Driver","Forethought+1","Acrobatics"],"picked":"SKIP","floor":42.0}],"player_experience":183807,"relics_obtained":[{"floor":6.0,"key":"Shuriken"},{"floor":7.0,"key":"Anchor"},{"floor":11.0,"key":"Centennial Puzzle"},{"floor":23.0,"key":"Blue Candle"},{"floor":25.0,"key":"Omamori"},{"floor":26.0,"key":"Dream Catcher"},{"floor":27.0,"key":"MawBank"},{"floor":30.0,"key":"Akabeko"},{"floor":40.0,"key":"Darkstone Periapt"},{"floor":43.0,"key":"Ancient Tea Set"}],"event_choices":[{"damage_healed":0.0,"max_hp_gain":0.0,"max_hp_loss":0.0,"gold_gain":0.0,"event_name":"Upgrade Shrine","player_choice":"Upgraded","floor":2.0,"gold_loss":0.0,"damage_taken":0.0,"cards_upgraded":["Deadly Poison"]},{"damage_healed":0.0,"max_hp_gain":0.0,"max_hp_loss":0.0,"gold_gain":75.0,"event_name":"FaceTrader","player_choice":"Touch","floor":4.0,"gold_loss":0.0,"damage_taken":7.0},{"damage_healed":0.0,"max_hp_gain":0.0,"max_hp_loss":0.0,"gold_gain":0.0,"event_name":"The Mausoleum","player_choice":"Opened","floor":20.0,"gold_loss":0.0,"damage_taken":0.0,"relics_obtained":["Bag of Marbles"]},{"damage_healed":0.0,"max_hp_gain":0.0,"max_hp_loss":0.0,"gold_gain":0.0,"event_name":"Drug Dealer","player_choice":"Obtain J.A.X.","floor":28.0,"gold_loss":0.0,"damage_taken":0.0,"cards_obtained":["J.A.X."]},{"damage_healed":0.0,"max_hp_gain":0.0,"max_hp_loss":0.0,"gold_gain":0.0,"event_name":"WeMeetAgain","player_choice":"Paid Gold","floor":36.0,"gold_loss":65.0,"damage_taken":0.0,"relics_obtained":["CeramicFish"]}],"is_beta":false,"boss_relics":[{"not_picked":["Sozu","Ring of the Serpent"],"picked":"WristBlade"},{"not_picked":["Coffee Dripper","Fusion Hammer"],"picked":"Empty Cage"}],"items_purged_floors":[19],"is_endless":false,"potions_floor_spawned":[3,12,13,16,21,23,25,30,37,38,42],"killed_by":"Reptomancer","ascension_level":5}}