{"host":"ShadowRapture","time":1608183491,"event":{"mods":["AchievementEnabler","Aspiration","BaseMod","Better Altar","Better Match","Better Note","Better Sensory Stone","Better Skull","Better Third Choice","BetterRewards","CCEM","Colored Map","Colored Powertips","Conspire","Downfall","Friendly Minions","GifTheSpireLib","Googly Eyes","Halation","Highlight Path","Hubris","Infinite Spire","Jorbs\u0027s Wanderer Trilogy","Mad Scientist","Marked Mod","Minty Spire (QoL Compilation)","Permanent Neow","Replay The Spire","Shade Mod","Shop Mod","Spicy Shops","StSLib","Stuff the Spire","The Administrix","The Blackbeard","The Construct","The Cursed","The Runesmith","Unceasing Turn Reminder","Waifu the Spire","[IsaacMod]????","everything is the same but u backflip on backflip","slay the spire mod where everything is the same but ironclad has a cowboy hat"],"gold_per_floor":[161,192,212,212,62,62,62,62,62,123,143,68,33,55,72,121,121],"floor_reached":16,"playtime":1592,"items_purged":[],"score":100,"play_id":"20a889d9-3f7c-46e0-aab5-f5f724916b0a","local_time":"20201217163811","is_ascension_mode":false,"campfire_choices":[{"data":"sneckomod:UnknownRareAttack","floor":6,"key":"SMITH"},{"data":"sneckomod:Unknown","floor":9,"key":"SMITH"}],"circlet_count":0,"master_deck":["sneckomod:Strike","sneckomod:Strike","sneckomod:Strike","sneckomod:Defend","sneckomod:Defend+1","sneckomod:TailWhip","sneckomod:SnekBite","sneckomod:Unknown+1","sneckomod:Unknown","sneckomod:Unknown1Cost","sneckomod:UnknownClassSHADE_COLOR","sneckomod:Unknown1Cost","sneckomod:UnknownRareAttack+1","sneckomod:UnknownWeak","sneckomod:WideSting","sneckomod:UnknownClassPURPLE","sneckomod:UnknownWeak","sneckomod:UnknownClassMAD_SCIENCE","sneckomod:SerpentIdol","sneckomod:CheapStock","sneckomod:UnknownClassGUARDIAN"],"relics":["HushsDoor","SalivaCoin","Honey Jar","Ornamental Fan","Lantern"],"acts_visited":["Exordium"],"potions_floor_usage":[5,13,16],"damage_taken":[{"damage":7,"enemies":"Cultist","floor":2,"turns":4},{"damage":0,"enemies":"2 Louse","floor":3,"turns":2},{"damage":0,"enemies":"downfall:FleeingMerchant","floor":5,"turns":4},{"damage":18,"enemies":"3 Sentries","floor":10,"turns":9},{"damage":3,"enemies":"Small Slimes","floor":11,"turns":3},{"damage":8,"enemies":"downfall:FleeingMerchant","floor":12,"turns":4},{"damage":7,"enemies":"downfall:FleeingMerchant","floor":13,"turns":4},{"damage":9,"enemies":"Red Slaver","floor":14,"turns":4},{"damage":6,"enemies":"Exordium Wildlife","floor":15,"turns":3},{"damage":46,"enemies":"downfall:Silent","floor":16,"turns":4}],"seed_played":"3608968036298402988","potions_obtained":[{"floor":3,"key":"GamblersBrew"},{"floor":10,"key":"SkillPotion"},{"floor":15,"key":"AttackPotion"}],"is_trial":false,"path_per_floor":["R_BF","M","M","?","$","R","T","?","R","E","M","$","$","M","M","B"],"character_chosen":"THE_SNECKO","items_purchased":["sneckomod:UnknownRareAttack","sneckomod:UnknownWeak","sneckomod:SerpentIdol"],"campfire_rested":0,"item_purchase_floors":[5,12,13],"current_hp_per_floor":[90,83,83,83,83,83,83,83,83,65,66,58,51,42,41,0,0],"gold":121,"neow_bonus":"BOSS_RELIC","is_daily":false,"chose_seed":false,"campfire_upgraded":2,"win_rate":0.0,"timestamp":1608183491,"path_taken":["R_BF","?","M","?","$","R","T","?","R","E","M","?","$","M","M","BOSS"],"items_purchased_type":["Card","Card","Card"],"build_version":"2020-12-07","purchased_purges":0,"victory":false,"max_hp_per_floor":[90,90,90,90,90,90,90,90,90,90,94,94,94,94,94,94,94],"card_choices":[{"not_picked":["sneckomod:WideSting","sneckomod:UnknownClassGUARDIAN","sneckomod:UnknownExhaust"],"picked":"sneckomod:Unknown1Cost","floor":2},{"not_picked":["sneckomod:ImprovisedAttack","sneckomod:UnknownCommonAttack","sneckomod:SoulDraw"],"picked":"sneckomod:UnknownClassSHADE_COLOR","floor":3},{"not_picked":["sneckomod:DiceCrush","sneckomod:SoulExchange","sneckomod:UnknownCommonAttack"],"picked":"sneckomod:Unknown1Cost","floor":5},{"not_picked":["sneckomod:IronFang","sneckomod:QuickMove","sneckomod:MasterEye"],"picked":"sneckomod:UnknownWeak","floor":10},{"not_picked":["sneckomod:UnknownCommonAttack","sneckomod:UnknownUncommonAttack","sneckomod:SoulRoll"],"picked":"sneckomod:WideSting","floor":11},{"not_picked":["sneckomod:RainOfDice","sneckomod:SoulCleanse","sneckomod:MasterEye"],"picked":"sneckomod:UnknownClassPURPLE","floor":12},{"not_picked":["sneckomod:Unknown3Cost","sneckomod:WideSting","sneckomod:SerpentMind"],"picked":"sneckomod:UnknownClassMAD_SCIENCE","floor":13},{"not_picked":["sneckomod:DiceCrush","sneckomod:SlitherStrike","sneckomod:Nope"],"picked":"sneckomod:CheapStock","floor":14},{"not_picked":["sneckomod:UnknownCommonAttack","sneckomod:UnknownX","sneckomod:UnknownVulnerable"],"picked":"sneckomod:UnknownClassGUARDIAN","floor":15}],"player_experience":207253,"relics_obtained":[{"floor":7,"key":"Ornamental Fan"},{"floor":10,"key":"Lantern"}],"event_choices":[{"cards_removed":["sneckomod:Defend"],"damage_healed":0,"gold_gain":0,"player_choice":"Card Removal","damage_taken":0,"max_hp_gain":0,"max_hp_loss":0,"event_name":"Wheel of Change","floor":8,"gold_loss":0}],"is_beta":true,"boss_relics":[],"items_purged_floors":[],"is_endless":false,"potions_floor_spawned":[3,10,15],"killed_by":"downfall:Silent","ascension_level":0}}