{"host":"no0bdlpxzp7bzzks","time":1608247794,"event":{"mods":["BaseMod","Better Match","Block Reminder","Colored Map","Curses Come First","DeckTracker","Downfall","Duelist Mod","Filter the Spire","Highlight Path","Jedi Mod","Jorbs\u0027s Wanderer Trilogy","Key Reminder","Minty Spire (QoL Compilation)","Permanent Neow","Relic Sorter","Relic Stats","Replay The Spire","StSLib","The Construct"],"gold_per_floor":[109,11,86,97,97,129,139,174,174,188,204,204,223,254,254,354,354,371,371,371,391,75,107,138,149,149,149,165,195,195,195,195,212,212,317,317,327,342,342,354,181,210,230,230,230,256,19,19,45,58,58,58,58,58,6,41,41],"floor_reached":58,"playtime":9105,"items_purged":["construct:Defend_Gold","Shame"],"score":1277,"play_id":"3ca1af7f-51ee-4c9d-9839-1f9e08cc6340","local_time":"20201217172954","is_ascension_mode":false,"campfire_choices":[{"data":"Replay:SS_hec_2","floor":12.0,"key":"SMITH"},{"data":"construct:Autoturret","floor":15.0,"key":"SMITH"},{"floor":34.0,"key":"RECALL"},{"data":"construct:ReactiveShield","floor":44.0,"key":"SMITH"},{"data":"Replay:SS_hec_2","floor":48.0,"key":"SMITH"},{"data":"construct:Bunker","floor":51.0,"key":"SMITH"}],"circlet_count":0,"master_deck":["construct:Strike_Gold","construct:Strike_Gold","construct:Strike_Gold","construct:Strike_Gold","construct:Strike_Gold","construct:Defend_Gold","construct:Defend_Gold","construct:Defend_Gold","construct:AttackMode","construct:DefenseMode","construct:VentSteam","Replay:SS_hec_2+1","construct:ReactiveShield+1","construct:PointDefense+2","construct:Impenetrable","construct:HammerDown","construct:Boost+1","construct:Autoturret+1","construct:MetalShell","construct:Boost+1","construct:Reserves","construct:CripplingShot+1","construct:VentSteam","construct:Reinforce","construct:Reinforce","construct:Hazardproof+1","construct:Bunker+1","construct:Autoturret","Pain","construct:Autoturret","construct:BatteryCore","construct:VentSteam+1","construct:Tumble","construct:CripplingShot+1","construct:Failsafe","construct:Forcefield+1","construct:GuardCore+1","construct:LaserCore+1","Replay:SS_hec_2+1","construct:SpinDrive","construct:Autoturret","construct:Accumulate"],"relics":["construct:Cogwheel","Ginger","jedi:heavyjacket","construct:FoamFinger","Blood Vial","Honey Jar","Ring of Misfortune","ReplayTheSpireMod:Ring of Exchange","construct:MegaBattery","Iron Hammer","Pen Nib","Replay:Bottled Eggs","Unceasing Top","Replay:Accelerometer","WarpedTongs","Philosopher\u0027s Stone","HornCleat","Durian","Chameleon Ring","Toolbox","Onion Ring","Mango"],"acts_visited":["Exordium","TheCity","TheBeyond","TheEnding"],"potions_floor_usage":[52,52,56,57,57],"damage_taken":[{"damage":0.0,"enemies":"Cultist","floor":1.0,"turns":4.0},{"damage":9.0,"enemies":"Jaw Worm","floor":4.0,"turns":15.0},{"damage":1.0,"enemies":"Gremlin Nob","floor":6.0,"turns":5.0},{"damage":8.0,"enemies":"2 Louse","floor":7.0,"turns":3.0},{"damage":0.0,"enemies":"3 Sentries","floor":8.0,"turns":14.0},{"damage":0.0,"enemies":"2 Fungi Beasts","floor":10.0,"turns":6.0},{"damage":12.0,"enemies":"Large Slime","floor":11.0,"turns":4.0},{"damage":0.0,"enemies":"3 Louse","floor":13.0,"turns":5.0},{"damage":1.0,"enemies":"Gremlin Nob","floor":14.0,"turns":6.0},{"damage":0.0,"enemies":"Fading Forest","floor":16.0,"turns":11.0},{"damage":0.0,"enemies":"Shell Parasite","floor":18.0,"turns":9.0},{"damage":0.0,"enemies":"Spheric Guardian","floor":21.0,"turns":8.0},{"damage":0.0,"enemies":"Replay:Snechameleon","floor":23.0,"turns":9.0},{"damage":0.0,"enemies":"theDuelist:KaibaA2","floor":24.0,"turns":9.0},{"damage":0.0,"enemies":"Snecko","floor":25.0,"turns":7.0},{"damage":0.0,"enemies":"Shelled Parasite and Fungi","floor":28.0,"turns":6.0},{"damage":6.0,"enemies":"Gremlin Leader","floor":29.0,"turns":15.0},{"damage":0.0,"enemies":"Cultist and Chosen","floor":33.0,"turns":7.0},{"damage":27.0,"enemies":"Automaton","floor":35.0,"turns":18.0},{"damage":3.0,"enemies":"3 Shapes","floor":37.0,"turns":6.0},{"damage":8.0,"enemies":"3 Darklings","floor":38.0,"turns":8.0},{"damage":3.0,"enemies":"Writhing Mass","floor":40.0,"turns":6.0},{"damage":16.0,"enemies":"Reptomancer","floor":42.0,"turns":8.0},{"damage":0.0,"enemies":"Maw","floor":43.0,"turns":10.0},{"damage":1.0,"enemies":"R_Hoarder","floor":46.0,"turns":10.0},{"damage":0.0,"enemies":"Nemesis","floor":49.0,"turns":9.0},{"damage":0.0,"enemies":"Jaw Worm Horde","floor":50.0,"turns":6.0},{"damage":0,"enemies":"Replay:Hell Engine","floor":52,"turns":15},{"damage":13,"enemies":"Shield and Spear","floor":56,"turns":8},{"damage":3,"enemies":"The Heart","floor":57,"turns":12}],"seed_played":"7883241402334444619","potions_obtained":[{"floor":4.0,"key":"jedi:wingpotion"},{"floor":8.0,"key":"Weak Potion"},{"floor":10.0,"key":"Adrenaline Potion"},{"floor":16.0,"key":"DuplicationPotion"},{"floor":25.0,"key":"champ:CounterPotion"},{"floor":28.0,"key":"DistilledChaos"},{"floor":29.0,"key":"BlessingOfTheForge"},{"floor":33.0,"key":"Toxic Potion"},{"floor":35.0,"key":"jedi:mysterypotion"},{"floor":38.0,"key":"DuplicationPotion"},{"floor":40.0,"key":"DistilledChaos"},{"floor":43.0,"key":"Strength Potion"},{"floor":46.0,"key":"Milkshake"},{"floor":50.0,"key":"LifebloodPotion"},{"floor":54,"key":"DuplicationPotion"},{"floor":54,"key":"Strength Potion"},{"floor":56,"key":"Regen Potion"}],"is_trial":false,"path_per_floor":["M","$","?","M","?","E","M","E","T","M","M","R","M","E","R","B",null,"M","?","?","M","$","E","E","M","T","?","M","E","?","PTL","PTL","M","R","B",null,"M","M","?","M","$","E","M","R","T","E","$","R","E","M","R","B",null,"R","$","E","B",null],"character_chosen":"THE_CONSTRUCT_MOD","items_purchased":["Replay:SS_hec_2","construct:MegaBattery","construct:Failsafe","Replay:SS_hec_2","Toolbox","ColorlessPotion"],"campfire_rested":0,"item_purchase_floors":[2,22,41,47,47,55],"current_hp_per_floor":[77,77,70,61,61,60,52,52,52,52,40,40,40,39,39,41,77,77,77,77,77,77,77,77,77,77,77,77,71,71,71,71,73,73,48,77,74,68,68,67,67,53,55,55,60,61,61,61,63,65,65,67,82,82,82,83,82],"gold":41,"neow_bonus":"ONE_RARE_RELIC","is_daily":false,"chose_seed":false,"campfire_upgraded":5,"win_rate":0.0,"timestamp":1608247794,"path_taken":["M","$","?","?","?","E","?","E","T","M","M","R","M","E","R","BOSS","M","?","?","M","$","E","E","M","T","?","M","E","?","PTL","PTL","M","R","BOSS","M","M","?","M","$","E","M","R","T","E","$","R","E","M","R","BOSS","R","$","E","BOSS"],"items_purchased_type":["Card","Relic","Card","Card","Relic","Potion"],"build_version":"2020-12-13","purchased_purges":2,"victory":true,"max_hp_per_floor":[77,77,77,77,77,77,77,77,77,77,77,77,77,77,77,77,77,77,77,77,77,77,77,77,77,77,77,77,77,77,77,77,77,77,77,77,77,77,77,77,77,77,77,77,82,82,82,82,82,82,82,82,82,82,82,96,96],"relic_stats":{"Blood Vial":24,"counters":[30,254],"Pen Nib":[17],"Ginger":[38],"obtain_stats":[{"ReplayTheSpireMod:Ring of Exchange":19,"Replay:Accelerometer":29,"construct:FoamFinger":8,"Mango":56,"Pen Nib":24,"Ginger":0,"WarpedTongs":30,"keyreminder:keyreminder":9,"Blood Vial":14,"jedi:heavyjacket":6,"HornCleat":42,"Chameleon Ring":46,"construct:Cogwheel":0,"Ring of Misfortune":19,"Honey Jar":17,"Toolbox":47,"Philosopher\u0027s Stone":36,"Onion Ring":49,"Iron Hammer":23,"construct:MegaBattery":22,"Durian":45,"Replay:Bottled Eggs":26,"Unceasing Top":27},{"ReplayTheSpireMod:Ring of Exchange":11,"Replay:Accelerometer":17,"construct:FoamFinger":5,"Mango":29,"Pen Nib":14,"Ginger":0,"WarpedTongs":17,"keyreminder:keyreminder":5,"Blood Vial":9,"jedi:heavyjacket":3,"HornCleat":23,"Chameleon Ring":25,"construct:Cogwheel":0,"Ring of Misfortune":11,"Honey Jar":10,"Toolbox":25,"Philosopher\u0027s Stone":19,"Onion Ring":26,"Iron Hammer":13,"construct:MegaBattery":12,"Durian":24,"Replay:Bottled Eggs":15,"Unceasing Top":15},{"ReplayTheSpireMod:Ring of Exchange":82,"Replay:Accelerometer":135,"construct:FoamFinger":41,"Mango":242,"Pen Nib":108,"Ginger":0,"WarpedTongs":135,"keyreminder:keyreminder":41,"Blood Vial":62,"jedi:heavyjacket":24,"HornCleat":188,"Chameleon Ring":207,"construct:Cogwheel":0,"Ring of Misfortune":82,"Honey Jar":73,"Toolbox":207,"Philosopher\u0027s Stone":160,"Onion Ring":215,"Iron Hammer":99,"construct:MegaBattery":90,"Durian":197,"Replay:Bottled Eggs":114,"Unceasing Top":114}],"Unceasing Top":[2],"WarpedTongs":[103]},"card_choices":[{"not_picked":["construct:HeavyBolt","construct:SyphonStrike"],"picked":"construct:VentSteam","floor":1.0},{"not_picked":["construct:ChargeShot","construct:ShiftStrike"],"picked":"construct:ReactiveShield","floor":4.0},{"not_picked":["construct:ScrapCannon","construct:ModeShift"],"picked":"construct:PointDefense","floor":6.0},{"not_picked":["construct:VentSteam","construct:SuppressiveFire"],"picked":"construct:Impenetrable","floor":7.0},{"not_picked":["construct:SuppressiveFire","construct:SyphonStrike"],"picked":"construct:HammerDown","floor":8.0},{"not_picked":["construct:ClusterMines","construct:SuppressiveFire"],"picked":"construct:Boost","floor":10.0},{"not_picked":["construct:UnbalancingBlast","construct:VentSteam"],"picked":"construct:Autoturret","floor":11.0},{"not_picked":["construct:FlakBarrage","construct:Boost"],"picked":"construct:MetalShell","floor":13.0},{"not_picked":["construct:QuickAttack","construct:Forcefield"],"picked":"construct:Boost","floor":14.0},{"not_picked":["construct:ShieldBurst","construct:SpinDrive"],"picked":"construct:Reserves","floor":16.0},{"not_picked":["construct:Autoturret","construct:FlameCore+1","construct:VentSteam+1"],"picked":"construct:CripplingShot+1","floor":18.0},{"not_picked":["construct:ShiftStrike","construct:Forcefield","construct:CriticalHit"],"picked":"construct:VentSteam","floor":21.0},{"not_picked":["construct:FocusedBeam","construct:HardReboot","construct:SuppressiveFire+1"],"picked":"construct:Reinforce","floor":23.0},{"not_picked":["construct:ClusterMines+1","construct:Anticipate","construct:Analyze+1"],"picked":"construct:Reinforce","floor":24.0},{"not_picked":["construct:Zapper","construct:Anticipate","construct:Forcefield"],"picked":"construct:Hazardproof+1","floor":25.0},{"not_picked":["construct:GuardCore","construct:Construct_Overclock","construct:Reinforce"],"picked":"construct:Bunker","floor":28.0},{"not_picked":["construct:ShiftGuard","construct:SweepLaser","construct:Accumulate"],"picked":"construct:Autoturret","floor":29.0},{"not_picked":["construct:Boost","construct:ClusterMines","construct:SaveState+1"],"picked":"construct:Autoturret","floor":33.0},{"not_picked":["construct:HyperBeam","construct:ShiftingStance","construct:PanicFire"],"picked":"construct:BatteryCore","floor":35.0},{"not_picked":["construct:Accumulate+1","construct:ShiftStrike","construct:Synchronize"],"picked":"construct:VentSteam+1","floor":37.0},{"not_picked":["construct:Accumulate+1","construct:ModeShift+1","construct:OneWayMirror"],"picked":"construct:Tumble","floor":38.0},{"not_picked":["construct:SuppressiveFire+1","construct:SiegeForm","construct:ShiftGuard+1"],"picked":"construct:CripplingShot+1","floor":40.0},{"not_picked":["construct:Autoturret","construct:Backfire","construct:Analyze+1"],"picked":"construct:Forcefield+1","floor":42.0},{"not_picked":["construct:Antimatter","construct:Chainstrike","construct:ShiftStrike+1"],"picked":"construct:GuardCore+1","floor":43.0},{"not_picked":["construct:Reinforce+1","construct:VentSteam","construct:ShiftStrike+1"],"picked":"construct:LaserCore+1","floor":46.0},{"not_picked":["construct:ShiftStrike","construct:Antimatter","construct:ForceCore+1"],"picked":"construct:SpinDrive","floor":49.0},{"not_picked":["construct:GuardCore+1","construct:Boost+1","construct:Reinforce"],"picked":"construct:Autoturret","floor":50.0},{"not_picked":["construct:ClusterMines","construct:VentSteam","construct:FierceBash"],"picked":"construct:Accumulate","floor":56}],"player_experience":121661,"relics_obtained":[{"floor":6.0,"key":"jedi:heavyjacket"},{"floor":8.0,"key":"construct:FoamFinger"},{"floor":14.0,"key":"Blood Vial"},{"floor":19.0,"key":"Ring of Misfortune"},{"floor":19.0,"key":"ReplayTheSpireMod:Ring of Exchange"},{"floor":23.0,"key":"Iron Hammer"},{"floor":24.0,"key":"Pen Nib"},{"floor":26.0,"key":"Replay:Bottled Eggs"},{"floor":29.0,"key":"Replay:Accelerometer"},{"floor":42.0,"key":"HornCleat"},{"floor":45.0,"key":"Durian"},{"floor":46.0,"key":"Chameleon Ring"},{"floor":49.0,"key":"Onion Ring"},{"floor":56,"key":"Mango"}],"event_choices":[{"damage_healed":0.0,"max_hp_gain":0.0,"max_hp_loss":0.0,"gold_gain":75.0,"event_name":"FaceTrader","player_choice":"Touch","floor":3.0,"gold_loss":0.0,"damage_taken":7.0},{"cards_removed":["construct:Defend_Gold"],"damage_healed":0.0,"max_hp_gain":0.0,"max_hp_loss":0.0,"gold_gain":0.0,"event_name":"Purifier","player_choice":"Purged","floor":5.0,"gold_loss":0.0,"damage_taken":0.0},{"damage_healed":0.0,"max_hp_gain":0.0,"max_hp_loss":0.0,"gold_gain":0.0,"event_name":"Vampires","player_choice":"Ignored","floor":20.0,"gold_loss":0.0,"damage_taken":0.0},{"damage_healed":0.0,"max_hp_gain":0.0,"max_hp_loss":0.0,"gold_gain":0.0,"event_name":"Addict","player_choice":"Stole Relic","floor":27.0,"gold_loss":0.0,"damage_taken":0.0,"relics_obtained":["Unceasing Top"],"cards_obtained":["Shame"]},{"damage_healed":0.0,"max_hp_gain":0.0,"max_hp_loss":0.0,"gold_gain":0.0,"event_name":"Accursed Blacksmith","player_choice":"Rummage","floor":30.0,"gold_loss":0.0,"damage_taken":0.0,"relics_obtained":["WarpedTongs"],"cards_obtained":["Pain"]},{"damage_healed":0.0,"max_hp_gain":0.0,"max_hp_loss":0.0,"gold_gain":0.0,"event_name":"Tomb of Lord Red Mask","player_choice":"Ignored","floor":39.0,"gold_loss":0.0,"damage_taken":0.0}],"is_beta":false,"boss_relics":[{"not_picked":["ReplayTheSpireMod:DimensionalGlitch","Black Star"],"picked":"Honey Jar"},{"not_picked":["ChewingGum","Chemical X"],"picked":"Philosopher\u0027s Stone"}],"items_purged_floors":[22,41],"is_endless":false,"potions_floor_spawned":[4,8,10,16,25,28,29,33,35,38,40,43,46,50,56],"ascension_level":0}}