{"host":"w01zow3jg16g8jdh","time":1608204246,"event":{"mods":["AchievementEnabler","BaseMod","DeckTracker","Keyboard Shortcuts","Minty Spire (QoL Compilation)","Permanent Neow","StSLib","SuperFastMode"],"gold_per_floor":[116,133,143,162,175,175,188,188,188,214,214,228,153,166,166,166,166],"floor_reached":16,"playtime":316,"items_purged":["Strike_R"],"score":212,"play_id":"9862cd86-a603-4f18-a112-54bf52b19567","local_time":"20201217202406","is_ascension_mode":true,"campfire_choices":[{"data":"Bash","floor":6,"key":"SMITH"},{"data":"Wild Strike","floor":8,"key":"SMITH"},{"data":"Pommel Strike","floor":15,"key":"SMITH"}],"circlet_count":0,"master_deck":["AscendersBane","Strike_R","Strike_R","Strike_R","Defend_R","Defend_R","Defend_R","Defend_R","Bash+1","Wild Strike+1","Anger","Burning Pact","Warcry","Shockwave","Pommel Strike+1","Seeing Red","Ghostly Armor"],"relics":["Burning Blood","Lizard Tail","Self Forming Clay","Ornamental Fan"],"acts_visited":["Exordium"],"potions_floor_usage":[16],"damage_taken":[{"damage":1,"enemies":"Cultist","floor":1,"turns":3},{"damage":8,"enemies":"Small Slimes","floor":2,"turns":4},{"damage":7,"enemies":"Jaw Worm","floor":3,"turns":4},{"damage":47,"enemies":"Exordium Thugs","floor":4,"turns":6},{"damage":11,"enemies":"2 Fungi Beasts","floor":5,"turns":3},{"damage":12,"enemies":"Looter","floor":7,"turns":3},{"damage":33,"enemies":"Gremlin Nob","floor":10,"turns":4},{"damage":11,"enemies":"3 Louse","floor":12,"turns":3},{"damage":9,"enemies":"Large Slime","floor":14,"turns":2},{"damage":37,"enemies":"The Guardian","floor":16,"turns":5}],"seed_played":"4059928185399014252","potions_obtained":[{"floor":4,"key":"ElixirPotion"},{"floor":7,"key":"Weak Potion"},{"floor":10,"key":"FearPotion"}],"is_trial":false,"path_per_floor":["M","M","M","M","M","R","M","R","T","E","?","M","$","M","R","B"],"character_chosen":"IRONCLAD","items_purchased":[],"campfire_rested":0,"item_purchase_floors":[],"current_hp_per_floor":[68,66,65,24,19,19,13,13,13,40,40,35,35,32,32,0,0],"gold":166,"neow_bonus":"ONE_RARE_RELIC","is_daily":false,"chose_seed":false,"campfire_upgraded":3,"win_rate":0.0,"timestamp":1608204246,"path_taken":["M","M","?","M","M","R","?","R","T","E","?","M","$","M","R","BOSS"],"items_purchased_type":[],"build_version":"2020-12-13","purchased_purges":1,"victory":false,"max_hp_per_floor":[68,68,68,68,68,68,68,68,68,68,68,68,68,68,68,68,68],"card_choices":[{"not_picked":["Twin Strike","Anger"],"picked":"Wild Strike","floor":1},{"not_picked":["Rupture","Havoc"],"picked":"Anger","floor":2},{"not_picked":["Spot Weakness","Havoc"],"picked":"Burning Pact","floor":3},{"not_picked":["Exhume","Intimidate","Wild Strike"],"picked":"SKIP","floor":4},{"not_picked":["Iron Wave","Heavy Blade"],"picked":"Warcry","floor":5},{"not_picked":["Carnage","Fire Breathing"],"picked":"Shockwave","floor":7},{"not_picked":["Thunderclap","Shrug It Off"],"picked":"Pommel Strike","floor":10},{"not_picked":["Ghostly Armor","Feel No Pain"],"picked":"Seeing Red","floor":12},{"not_picked":["Body Slam","Rampage"],"picked":"Ghostly Armor","floor":14}],"player_experience":287155,"relics_obtained":[{"floor":9,"key":"Self Forming Clay"},{"floor":10,"key":"Ornamental Fan"}],"event_choices":[{"cards_removed":["Strike_R"],"damage_healed":0,"gold_gain":0,"player_choice":"Purged","damage_taken":0,"max_hp_gain":0,"max_hp_loss":0,"event_name":"Purifier","floor":11,"gold_loss":0}],"is_beta":false,"boss_relics":[],"items_purged_floors":[13],"is_endless":false,"potions_floor_spawned":[4,7,10],"killed_by":"The Guardian","ascension_level":20}}