{"host":"2e3z4r48quhw80cc","time":1608178966,"event":{"mods":["BaseMod","Minty Spire (QoL Compilation)","Quick Restart","StSLib","SuperFastMode"],"gold_per_floor":[113,113,128,128,128,128,162,112,112,145,163,163,195,212,212,311,311,323,323,337,349,39,39,51,51,51],"floor_reached":25,"playtime":739,"items_purged":[],"score":344,"play_id":"70c1c25b-ef12-40b7-aa87-03f957a92243","local_time":"20201217132246","is_ascension_mode":true,"campfire_choices":[{"data":"Recycle","floor":6.0,"key":"SMITH"},{"floor":12.0,"key":"REST"},{"data":"Loop","floor":15.0,"key":"SMITH"},{"floor":23,"key":"REST"}],"circlet_count":0,"master_deck":["Strike_B+1","Strike_B+1","Defend_B","Zap","Dualcast","Leap","Recycle+1","Chill","Loop+1","Capacitor","Buffer","Chill","Fission","FTL+1","Capacitor","Coolheaded"],"relics":["Cracked Core","NeowsBlessing","Orichalcum","Cables","Omamori","Singing Bowl","Nuclear Battery","Runic Capacitor","Blood Vial"],"acts_visited":["Exordium","TheCity"],"potions_floor_usage":[24,25],"damage_taken":[{"damage":0.0,"enemies":"2 Louse","floor":1.0,"turns":1.0},{"damage":0.0,"enemies":"Small Slimes","floor":3.0,"turns":1.0},{"damage":0.0,"enemies":"3 Sentries","floor":7.0,"turns":1.0},{"damage":19.0,"enemies":"Gremlin Nob","floor":10.0,"turns":4.0},{"damage":2.0,"enemies":"Jaw Worm","floor":11.0,"turns":3.0},{"damage":10.0,"enemies":"Lagavulin","floor":13.0,"turns":7.0},{"damage":14.0,"enemies":"Large Slime","floor":14.0,"turns":5.0},{"damage":34.0,"enemies":"Hexaghost","floor":16.0,"turns":11.0},{"damage":12.0,"enemies":"3 Byrds","floor":18.0,"turns":5.0},{"damage":11.0,"enemies":"Spheric Guardian","floor":20.0,"turns":4.0},{"damage":20,"enemies":"Shelled Parasite and Fungi","floor":21,"turns":7},{"damage":44,"enemies":"Snake Plant","floor":24,"turns":7},{"damage":2,"enemies":"Cultist and Chosen","floor":25,"turns":4}],"seed_played":"8666846747538511707","potions_obtained":[{"floor":3.0,"key":"Regen Potion"},{"floor":7.0,"key":"LiquidMemories"},{"floor":11.0,"key":"Explosive Potion"},{"floor":13.0,"key":"Swift Potion"},{"floor":16.0,"key":"Dexterity Potion"},{"floor":18.0,"key":"LiquidMemories"},{"floor":21,"key":"FairyPotion"}],"is_trial":false,"path_per_floor":["M","?","M","?","?","R","E","?","T","E","M","R","E","M","R","B",null,"M","?","M","M","$","R","M","M"],"character_chosen":"DEFECT","items_purchased":["Runic Capacitor","Blood Vial"],"campfire_rested":2,"item_purchase_floors":[22,22],"current_hp_per_floor":[68,53,53,53,46,46,46,46,46,27,25,47,52,40,40,6,59,49,49,38,18,18,41,23,23,23],"gold":51,"neow_bonus":"THREE_ENEMY_KILL","is_daily":false,"chose_seed":false,"campfire_upgraded":2,"win_rate":0.0,"timestamp":1608178966,"path_taken":["M","?","M","?","?","R","E","?","T","E","?","R","E","M","R","BOSS","M","?","M","M","$","R","M","M"],"items_purchased_type":["Relic","Relic"],"build_version":"2020-12-13","purchased_purges":0,"victory":false,"max_hp_per_floor":[75,75,75,75,75,75,75,75,75,75,75,75,75,77,77,77,77,79,79,79,79,79,79,79,79,79],"card_choices":[{"not_picked":["Stack","Hologram"],"picked":"Leap","floor":1.0},{"not_picked":["Steam","Leap"],"picked":"Recycle","floor":3.0},{"not_picked":["Genetic Algorithm","Scrape"],"picked":"Chill","floor":7.0},{"not_picked":["Turbo","Hologram"],"picked":"Loop","floor":10.0},{"not_picked":["Coolheaded","Redo","Leap"],"picked":"SKIP","floor":11.0},{"not_picked":["Conserve Battery","Rainbow"],"picked":"Capacitor","floor":13.0},{"not_picked":["Streamline","Go for the Eyes","Hologram"],"picked":"Singing Bowl","floor":14.0},{"not_picked":["Meteor Strike","Core Surge"],"picked":"Buffer","floor":16.0},{"not_picked":["Cold Snap","Reinforced Body","Leap+1"],"picked":"Singing Bowl","floor":18.0},{"not_picked":["Cold Snap","Turbo+1"],"picked":"FTL+1","floor":20.0},{"not_picked":["Leap","Go for the Eyes"],"picked":"Capacitor","floor":21},{"not_picked":["Hello World","Leap"],"picked":"Coolheaded","floor":24}],"player_experience":66589,"relics_obtained":[{"floor":7.0,"key":"Orichalcum"},{"floor":9.0,"key":"Cables"},{"floor":10.0,"key":"Omamori"},{"floor":13.0,"key":"Singing Bowl"}],"event_choices":[{"damage_healed":0.0,"max_hp_gain":0.0,"max_hp_loss":0.0,"gold_gain":0.0,"event_name":"Shining Light","player_choice":"Entered Light","floor":2.0,"gold_loss":0.0,"damage_taken":15.0,"cards_upgraded":["Strike_B","Strike_B"]},{"cards_removed":["Defend_B"],"damage_healed":0.0,"max_hp_gain":0.0,"max_hp_loss":0.0,"gold_gain":0.0,"event_name":"Living Wall","player_choice":"Forget","floor":4.0,"gold_loss":0.0,"damage_taken":0.0},{"cards_removed":["Strike_B"],"damage_healed":0.0,"max_hp_gain":0.0,"max_hp_loss":0.0,"gold_gain":0.0,"event_name":"Golden Wing","player_choice":"Card Removal","floor":5.0,"gold_loss":0.0,"damage_taken":7.0},{"cards_removed":["Defend_B"],"damage_healed":0.0,"max_hp_gain":0.0,"max_hp_loss":0.0,"gold_gain":0.0,"event_name":"The Cleric","player_choice":"Card Removal","floor":8.0,"gold_loss":50.0,"damage_taken":0.0},{"damage_healed":0.0,"max_hp_gain":0.0,"max_hp_loss":0.0,"gold_gain":0.0,"cards_transformed":["Strike_B","Defend_B"],"event_name":"Drug Dealer","player_choice":"Became Test Subject","floor":19.0,"gold_loss":0.0,"damage_taken":0.0,"cards_obtained":["Chill","Fission"]}],"is_beta":false,"boss_relics":[{"not_picked":["Philosopher\u0027s Stone","Pandora\u0027s Box"],"picked":"Nuclear Battery"}],"items_purged_floors":[],"is_endless":false,"potions_floor_spawned":[3,7,11,13,16,18,21],"killed_by":"Cultist and Chosen","ascension_level":8}}