{"host":"xz534terrkr331jc","time":1608191294,"event":{"mods":["BaseMod","Better Third Choice","Downfall","Hermit","Jorbs\u0027s Wanderer Trilogy","Marisa????????","Minty Spire (QoL Compilation)","Shade Mod","StSLib","The Cursed","The Hierophant","The Servant 0.9.4","The Wild Card"],"gold_per_floor":[117,130,55,74,86,121,139,139,165,165,181,199,56,69,69,69,69],"floor_reached":16,"playtime":975,"items_purged":["Strike_R"],"score":106,"play_id":"4769ccc0-c47f-4281-96a3-1192159a0ff2","local_time":"20201217084814","is_ascension_mode":false,"campfire_choices":[{"data":"True Grit","floor":8,"key":"SMITH"},{"floor":15,"key":"REST"}],"circlet_count":0,"master_deck":["Strike_R","Strike_R","Strike_R+1","Defend_R","Defend_R","Defend_R","Defend_R","Bash+1","True Grit+1","Body Slam","Uppercut"],"relics":["Burning Blood","Ornamental Fan","PreservedInsect","Whetstone"],"acts_visited":["Exordium"],"potions_floor_usage":[16,16],"damage_taken":[{"damage":5,"enemies":"Cultist","floor":1,"turns":4},{"damage":10,"enemies":"Jaw Worm","floor":2,"turns":4},{"damage":11,"enemies":"Small Slimes","floor":4,"turns":7},{"damage":14,"enemies":"2 Fungi Beasts","floor":5,"turns":4},{"damage":25,"enemies":"Gremlin Nob","floor":6,"turns":4},{"damage":9,"enemies":"Blue Slaver","floor":7,"turns":4},{"damage":8,"enemies":"Lots of Slimes","floor":11,"turns":5},{"damage":20,"enemies":"Large Slime","floor":12,"turns":9},{"damage":5,"enemies":"Looter","floor":14,"turns":3},{"damage":52,"enemies":"Slime Boss","floor":16,"turns":12}],"seed_played":"-494874556379312626","potions_obtained":[{"floor":2,"key":"SkillPotion"},{"floor":11,"key":"GamblersBrew"},{"floor":14,"key":"sneckomod:MuddlingPotion"}],"is_trial":false,"path_per_floor":["M","M","$","M","M","E","M","R","T","?","M","M","$","M","R","B"],"character_chosen":"IRONCLAD","items_purchased":["Whetstone"],"campfire_rested":1,"item_purchase_floors":[13],"current_hp_per_floor":[88,84,84,79,71,52,49,49,49,42,40,26,26,27,53,1,1],"gold":69,"neow_bonus":"TEN_PERCENT_HP_BONUS","is_daily":false,"chose_seed":false,"campfire_upgraded":1,"win_rate":0.0,"timestamp":1608191294,"path_taken":["M","?","$","M","M","E","M","R","T","?","M","M","$","M","R","BOSS"],"items_purchased_type":["Relic"],"build_version":"2020-12-13","purchased_purges":1,"victory":false,"max_hp_per_floor":[88,88,88,88,88,88,88,88,88,88,88,88,88,88,88,88,88],"card_choices":[{"not_picked":["Anger","Perfected Strike","Headbutt"],"picked":"SKIP","floor":1},{"not_picked":["Pommel Strike","Hemokinesis"],"picked":"True Grit","floor":2},{"not_picked":["Rampage","Pommel Strike"],"picked":"Body Slam","floor":4},{"not_picked":["Combust","Reaper"],"picked":"Uppercut","floor":5},{"not_picked":["Dark Embrace","Body Slam","Armaments"],"picked":"SKIP","floor":6},{"not_picked":["Headbutt","Combust","Perfected Strike"],"picked":"SKIP","floor":7},{"not_picked":["Bloodletting","Dropkick","Perfected Strike"],"picked":"SKIP","floor":11},{"not_picked":["True Grit","Sword Boomerang","Pummel"],"picked":"SKIP","floor":12},{"not_picked":["Burning Pact","Sword Boomerang","Bloodletting"],"picked":"SKIP","floor":14}],"player_experience":551425,"relics_obtained":[{"floor":6,"key":"Ornamental Fan"},{"floor":9,"key":"PreservedInsect"}],"event_choices":[{"cards_removed":["Strike_R"],"damage_healed":0,"gold_gain":0,"player_choice":"Card Removal","damage_taken":7,"max_hp_gain":0,"max_hp_loss":0,"event_name":"Golden Wing","floor":10,"gold_loss":0}],"is_beta":false,"boss_relics":[],"items_purged_floors":[3],"is_endless":false,"potions_floor_spawned":[2,11,14],"killed_by":"Slime Boss","ascension_level":0}}