{"host":"vfg9szunmpjwj08o","time":1608235600,"event":{"mods":["Act Like it!","BaseMod","Challenge The Spire","Colored Map","Colored Powertips","Minty Spire (QoL Compilation)","StSLib","Waifu the Spire"],"gold_per_floor":[118,42,42,42,55,82,98,98,122,162,162,178,200,223,223,306,306,328,253,271,196,196,196,238,254,299,337,337,364,384,77,77,165,165,184,212,212,212],"floor_reached":37,"playtime":2101,"items_purged":["Doom and Gloom","Strike_B"],"score":887,"play_id":"f398e639-660d-4ae6-8a33-b0f71bddc66e","local_time":"20201217210640","is_ascension_mode":true,"campfire_choices":[{"data":"Zap","floor":8,"key":"SMITH"},{"data":"Beam Cell","floor":15,"key":"SMITH"},{"floor":23,"key":"RECALL"},{"data":"Buffer","floor":28,"key":"SMITH"},{"data":"Recycle","floor":32,"key":"SMITH"}],"circlet_count":0,"master_deck":["AscendersBane","Strike_B","Defend_B","Defend_B","Defend_B","Defend_B","Zap+1","Dualcast+1","Glacier","Scrape","Scrape","Scrape","Self Repair","Beam Cell+1","Steam Power","Electrodynamics","Self Repair","Cold Snap","Lockon","Buffer+1","Scrape","Gash","Recycle+1","Machine Learning","Coolheaded","Skim"],"relics":["Cracked Core","NeowsBlessing","WarpedTongs","Boot","CeramicFish","Blood Vial","Sozu","Gremlin Horn","Akabeko","PreservedInsect","Snecko Eye"],"acts_visited":["Exordium","TheCity","TheBeyond"],"potions_floor_usage":[10,16,24],"damage_taken":[{"damage":0,"enemies":"Cultist","floor":1,"turns":1},{"damage":0,"enemies":"Jaw Worm","floor":5,"turns":1},{"damage":0,"enemies":"Lagavulin","floor":6,"turns":1},{"damage":12,"enemies":"2 Louse","floor":7,"turns":2},{"damage":22,"enemies":"3 Sentries","floor":10,"turns":8},{"damage":5,"enemies":"Red Slaver","floor":12,"turns":4},{"damage":7,"enemies":"Exordium Thugs","floor":13,"turns":3},{"damage":31,"enemies":"The Guardian","floor":16,"turns":8},{"damage":10,"enemies":"2 Thieves","floor":18,"turns":3},{"damage":6,"enemies":"Gremlin Leader","floor":24,"turns":5},{"damage":13,"enemies":"Shell Parasite","floor":25,"turns":3},{"damage":28,"enemies":"Slavers","floor":27,"turns":6},{"damage":2,"enemies":"Sentry and Sphere","floor":29,"turns":6},{"damage":32,"enemies":"Snake Plant","floor":30,"turns":3},{"damage":34,"enemies":"Collector","floor":33,"turns":11},{"damage":31,"enemies":"3 Shapes","floor":35,"turns":4},{"damage":17,"enemies":"3 Darklings","floor":36,"turns":9},{"damage":43,"enemies":"Transient","floor":37,"turns":2}],"seed_played":"4132863048922994112","potions_obtained":[{"floor":1,"key":"DistilledChaos"},{"floor":5,"key":"LiquidBronze"},{"floor":12,"key":"ColorlessPotion"}],"is_trial":false,"path_per_floor":["M","$","$","?","M","E","M","R","T","E","?","M","M","T","R","B",null,"M","?","?","$","?","R","E","M","T","E","R","M","M","$","R","B",null,"M","M","M"],"character_chosen":"DEFECT","items_purchased":["Scrape","Recycle","PreservedInsect"],"campfire_rested":0,"item_purchase_floors":[2,31,31],"current_hp_per_floor":[64,64,64,64,64,64,52,52,52,40,40,42,42,42,42,20,58,50,50,50,50,50,50,60,63,63,47,47,64,51,51,51,33,62,40,39,0,0],"gold":212,"neow_bonus":"THREE_ENEMY_KILL","is_daily":false,"chose_seed":false,"campfire_upgraded":4,"win_rate":0.0,"timestamp":1608235600,"path_taken":["M","?","$","?","M","E","?","R","T","E","?","M","?","?","R","BOSS","M","?","?","$","?","R","E","M","T","E","R","M","?","?","R","BOSS","M","M","M"],"items_purchased_type":["Card","Card","Relic"],"build_version":"2020-12-13","purchased_purges":2,"victory":false,"max_hp_per_floor":[71,71,71,71,71,71,71,71,71,71,71,71,71,71,71,71,71,71,71,71,71,71,71,71,71,71,71,71,71,71,71,71,71,71,71,71,71,71],"card_choices":[{"not_picked":["Melter","Compile Driver"],"picked":"Glacier","floor":1},{"not_picked":["Lockon","Turbo"],"picked":"Scrape","floor":5},{"not_picked":["Redo","Tempest"],"picked":"Scrape","floor":6},{"not_picked":["Ball Lightning","Turbo"],"picked":"Self Repair","floor":7},{"not_picked":["Sweeping Beam","Blizzard"],"picked":"Beam Cell","floor":10},{"not_picked":["Conserve Battery","Beam Cell","Blizzard"],"picked":"SKIP","floor":12},{"not_picked":["Reinforced Body","Melter"],"picked":"Steam Power","floor":13},{"not_picked":["Amplify","Seek"],"picked":"Electrodynamics","floor":16},{"not_picked":["Cold Snap+1","Reprogram"],"picked":"Self Repair","floor":18},{"not_picked":["Ball Lightning","Cold Snap"],"picked":"Lockon","floor":24},{"not_picked":["Cold Snap+1","Hologram","Rip and Tear"],"picked":"SKIP","floor":25},{"not_picked":["Streamline","Barrage+1"],"picked":"Buffer","floor":27},{"not_picked":["Fusion","Force Field+1"],"picked":"Scrape","floor":29},{"not_picked":["Stack","Rebound"],"picked":"Gash","floor":30},{"not_picked":["Hyperbeam","Meteor Strike"],"picked":"Machine Learning","floor":33},{"not_picked":["Sweeping Beam","Beam Cell+1"],"picked":"Coolheaded","floor":35},{"not_picked":["Compile Driver+1","Redo"],"picked":"Skim","floor":36}],"player_experience":992501,"relics_obtained":[{"floor":6,"key":"Boot"},{"floor":9,"key":"CeramicFish"},{"floor":14,"key":"Blood Vial"},{"floor":24,"key":"Gremlin Horn"},{"floor":27,"key":"Akabeko"}],"event_choices":[{"damage_healed":0,"gold_gain":0,"player_choice":"Rummage","damage_taken":0,"relics_obtained":["WarpedTongs"],"max_hp_gain":0,"max_hp_loss":0,"event_name":"Accursed Blacksmith","floor":4,"gold_loss":0,"cards_obtained":["Pain"]},{"damage_healed":0,"gold_gain":0,"player_choice":"Upgraded","damage_taken":0,"max_hp_gain":0,"max_hp_loss":0,"event_name":"Upgrade Shrine","floor":11,"gold_loss":0,"cards_upgraded":["Dualcast"]},{"cards_removed":["Pain"],"damage_healed":0,"gold_gain":0,"player_choice":"Gave Gold","damage_taken":0,"max_hp_gain":0,"max_hp_loss":0,"event_name":"Beggar","floor":19,"gold_loss":75},{"damage_healed":0,"gold_gain":0,"cards_transformed":["Strike_B","Strike_B"],"player_choice":"Became Test Subject","damage_taken":0,"max_hp_gain":0,"max_hp_loss":0,"event_name":"Drug Dealer","floor":20,"gold_loss":0,"cards_obtained":["Doom and Gloom","Cold Snap"]},{"damage_healed":0,"gold_gain":0,"player_choice":"Ignored","damage_taken":0,"max_hp_gain":0,"max_hp_loss":0,"event_name":"The Mausoleum","floor":22,"gold_loss":0}],"is_beta":false,"boss_relics":[{"not_picked":["FrozenCore","Fusion Hammer"],"picked":"Sozu"},{"not_picked":["SacredBark","Coffee Dripper"],"picked":"Snecko Eye"}],"items_purged_floors":[21,31],"is_endless":false,"potions_floor_spawned":[1,5,7,12,25,27,33,36],"killed_by":"Transient","ascension_level":19}}