{"host":"n264v15x7h51zqzc","time":1608168454,"event":{"mods":["AchievementEnabler","BaseMod","Colored Powertips","Downfall","Googly Eyes","Hermit","Infinite Spire","Minty Spire (QoL Compilation)","StSLib","The Bug Knight"],"gold_per_floor":[113,113,133,308,164,164,189,199,275,304,316,316,13,38,38,38,38],"floor_reached":16,"playtime":652,"items_purged":["Doubt"],"score":108,"play_id":"05fc2e9d-a9bc-4a97-8552-00af77c78b29","local_time":"20201216192734","is_ascension_mode":false,"campfire_choices":[{"data":"HollowMod:MothsMistake","floor":6,"key":"SMITH"},{"floor":12,"key":"REST"},{"floor":15,"key":"REST"}],"circlet_count":0,"master_deck":["HollowMod:NailStrikeStart","HollowMod:NailStrikeStart+1","HollowMod:NailStrikeStart","HollowMod:NailStrikeStart+1","HollowMod:QuickDashStart","HollowMod:QuickDashStart","HollowMod:QuickDashStart","HollowMod:QuickDashStart","HollowMod:FocusHealStart","HollowMod:PogoStrike","HollowMod:ChannelNail","HollowMod:MothsMistake+1","HollowMod:QuirrelsAssistance","HollowMod:HowlingWraiths","HollowMod:SoulSplash","HollowMod:MawleksShell"],"relics":["HollowMod:VesselMask","InkBottle","Singing Bowl","Peace Pipe","Shuriken","Whetstone","HandDrill"],"acts_visited":["Exordium"],"potions_floor_usage":[10,16],"damage_taken":[{"damage":1,"enemies":"Cultist","floor":1,"turns":4},{"damage":1,"enemies":"Jaw Worm","floor":3,"turns":3},{"damage":39,"enemies":"HollowMod:MossKnight","floor":7,"turns":9},{"damage":1,"enemies":"2 Louse","floor":8,"turns":3},{"damage":32,"enemies":"3 Sentries","floor":10,"turns":7},{"damage":13,"enemies":"Lots of Slimes","floor":11,"turns":4},{"damage":36,"enemies":"Hexaghost","floor":16,"turns":8}],"seed_played":"-10901705567954715","potions_obtained":[{"floor":8,"key":"SkillPotion"},{"floor":11,"key":"Fire Potion"}],"is_trial":false,"path_per_floor":["M","T","M","?","?","R","E","M","T","E","M","R","$","T","R","B"],"character_chosen":"THE_BUGKNIGHT","items_purchased":["HollowMod:MawleksShell","HandDrill"],"campfire_rested":2,"item_purchase_floors":[13,13],"current_hp_per_floor":[82,82,82,82,82,82,56,55,55,23,10,35,35,35,60,24,24],"gold":38,"neow_bonus":"TEN_PERCENT_HP_BONUS","is_daily":false,"chose_seed":false,"campfire_upgraded":1,"win_rate":0.0,"timestamp":1608168454,"path_taken":["M","?","M","?","?","R","E","?","T","E","?","R","?","?","R","BOSS"],"items_purchased_type":["Card","Relic"],"build_version":"2020-12-13","purchased_purges":1,"victory":false,"max_hp_per_floor":[82,82,82,82,82,82,84,84,84,84,84,84,84,84,84,84,84],"card_choices":[{"not_picked":["HollowMod:WraithStrike","HollowMod:DescendingDark"],"picked":"HollowMod:ChannelNail","floor":1},{"not_picked":["HollowMod:InfectedAttack","HollowMod:SoulSplash"],"picked":"HollowMod:MothsMistake","floor":3},{"not_picked":["HollowMod:DescendingDark","HollowMod:AbyssShriek","HollowMod:CoiledNail"],"picked":"Singing Bowl","floor":7},{"not_picked":["HollowMod:MothsMistake","HollowMod:ShadowDash"],"picked":"HollowMod:QuirrelsAssistance","floor":8},{"not_picked":["HollowMod:ChannelNail","HollowMod:AwokenDreamNail"],"picked":"HollowMod:HowlingWraiths","floor":10},{"not_picked":["HollowMod:SiblingsSouls","HollowMod:NewJinnsSoul"],"picked":"HollowMod:SoulSplash","floor":11}],"player_experience":187149,"relics_obtained":[{"floor":2,"key":"InkBottle"},{"floor":7,"key":"Peace Pipe"},{"floor":9,"key":"Shuriken"},{"floor":10,"key":"Whetstone"}],"event_choices":[{"damage_healed":0,"gold_gain":175,"player_choice":"AGREE","damage_taken":0,"max_hp_gain":0,"max_hp_loss":0,"event_name":"Liars Game","floor":4,"gold_loss":0,"cards_obtained":["Doubt"]},{"damage_healed":0,"gold_gain":0,"player_choice":"Paid Gold","damage_taken":0,"relics_obtained":["Singing Bowl"],"max_hp_gain":0,"max_hp_loss":0,"event_name":"WeMeetAgain","floor":5,"gold_loss":144}],"is_beta":false,"boss_relics":[],"items_purged_floors":[13],"is_endless":false,"potions_floor_spawned":[8,11],"killed_by":"Hexaghost","ascension_level":0}}