{"host":"z60ck2mpr6goyib8","time":1608202452,"event":{"mods":["BaseMod","Best Route Mod","Bestiary","Better Third Choice","Block Reminder","Colored Map","Colored Powertips","Googly Eyes","Minty Spire (QoL Compilation)","Quick Restart","Relic Stats","Slay-I","StSLib","everything is the same but u backflip on backflip"],"gold_per_floor":[116,116,132,132,31,62,62,85,132,171,27,46,46,69,69,69,69],"floor_reached":16,"playtime":384,"items_purged":["Regret","Strike_R"],"score":203,"play_id":"c17c0f56-60fc-4db6-b18c-24d7fc7c4a43","local_time":"20201217105412","is_ascension_mode":true,"campfire_choices":[{"data":"Berserk","floor":7,"key":"SMITH"},{"data":"Flex","floor":13,"key":"SMITH"},{"data":"Fiend Fire","floor":15,"key":"SMITH"}],"circlet_count":0,"master_deck":["AscendersBane","Strike_R","Strike_R","Strike_R","Strike_R","Defend_R","Defend_R","Defend_R","Defend_R","Bash","Warcry","Ghostly Armor","Sword Boomerang","Berserk+1","Flex+1","Fiend Fire+1","Dark Shackles","Body Slam"],"relics":["Burning Blood","NeowsBlessing","Golden Idol","Vajra","Eternal Feather","Centennial Puzzle","Smiling Mask"],"acts_visited":["Exordium"],"potions_floor_usage":[10,16],"damage_taken":[{"damage":0,"enemies":"Small Slimes","floor":1,"turns":2},{"damage":0,"enemies":"2 Louse","floor":3,"turns":1},{"damage":0,"enemies":"Lagavulin","floor":6,"turns":1},{"damage":9,"enemies":"Jaw Worm","floor":8,"turns":4},{"damage":40,"enemies":"Gremlin Nob","floor":10,"turns":4},{"damage":13,"enemies":"Red Slaver","floor":12,"turns":4},{"damage":6,"enemies":"Looter","floor":14,"turns":2},{"damage":69,"enemies":"Slime Boss","floor":16,"turns":9}],"seed_played":"3458679604591616528","potions_obtained":[{"floor":3,"key":"Swift Potion"},{"floor":12,"key":"ColorlessPotion"}],"is_trial":false,"path_per_floor":["M","?","M","?","$","E","R","M","T","E","$","M","R","M","R","B"],"character_chosen":"IRONCLAD","items_purchased":["Sword Boomerang","Dark Shackles"],"campfire_rested":0,"item_purchase_floors":[5,11],"current_hp_per_floor":[78,58,64,64,64,70,79,76,76,42,42,35,44,44,53,0,0],"gold":69,"neow_bonus":"THREE_ENEMY_KILL","is_daily":false,"chose_seed":false,"campfire_upgraded":3,"win_rate":0.0,"timestamp":1608202452,"path_taken":["M","?","M","?","$","E","R","M","T","E","?","M","R","M","R","BOSS"],"items_purchased_type":["Card","Card"],"build_version":"2020-12-13","purchased_purges":2,"victory":false,"max_hp_per_floor":[80,80,80,80,80,80,80,80,80,80,80,80,80,80,80,80,80],"relic_stats":{"Centennial Puzzle":[12],"counters":[8,27],"Golden Idol":31,"Eternal Feather":27,"Smiling Mask":50,"obtain_stats":[{"Centennial Puzzle":9,"NeowsBlessing":0,"Golden Idol":2,"Vajra":4,"Eternal Feather":6,"Smiling Mask":10,"Burning Blood":0},{"Centennial Puzzle":4,"NeowsBlessing":0,"Golden Idol":1,"Vajra":2,"Eternal Feather":3,"Smiling Mask":5,"Burning Blood":0},{"Centennial Puzzle":8,"NeowsBlessing":0,"Golden Idol":2,"Vajra":3,"Eternal Feather":4,"Smiling Mask":12,"Burning Blood":0}],"Burning Blood":42},"card_choices":[{"not_picked":["Havoc","Anger"],"picked":"Warcry","floor":1},{"not_picked":["Pummel","Body Slam"],"picked":"Ghostly Armor","floor":3},{"not_picked":["Anger","Wild Strike"],"picked":"Berserk","floor":6},{"not_picked":["Perfected Strike","Havoc"],"picked":"Flex","floor":8},{"not_picked":["Wild Strike","Iron Wave"],"picked":"Fiend Fire","floor":10},{"not_picked":["Sword Boomerang","Twin Strike"],"picked":"Body Slam","floor":12},{"not_picked":["Clothesline","Twin Strike","Clash"],"picked":"SKIP","floor":14}],"player_experience":492633,"relics_obtained":[{"floor":6,"key":"Eternal Feather"},{"floor":9,"key":"Centennial Puzzle"},{"floor":10,"key":"Smiling Mask"}],"event_choices":[{"damage_healed":0,"gold_gain":0,"player_choice":"Take Damage","damage_taken":20,"relics_obtained":["Golden Idol"],"max_hp_gain":0,"max_hp_loss":0,"event_name":"Golden Idol","floor":2,"gold_loss":0},{"damage_healed":0,"gold_gain":0,"player_choice":"Box","damage_taken":0,"relics_obtained":["Vajra"],"max_hp_gain":0,"max_hp_loss":0,"event_name":"Big Fish","floor":4,"gold_loss":0,"cards_obtained":["Regret"]}],"is_beta":false,"boss_relics":[],"items_purged_floors":[5,11],"is_endless":false,"potions_floor_spawned":[3,12],"killed_by":"Slime Boss","ascension_level":10}}