{"host":"utqe55yv0jihe4d6","time":1608170726,"event":{"mods":["2.2 Compatiblity","AchievementEnabler","BaseMod","Block Reminder","Colored Map","Colored Powertips","Minty Spire (QoL Compilation)","Quick Restart","Rare Cards Sparkle","Relic Stats","SuperFastMode"],"gold_per_floor":[112,130,130,32,46,46,72,72,72,101,101,101,101],"floor_reached":12,"playtime":295,"items_purged":[],"score":172,"play_id":"96b9950e-1ce3-4949-b0dc-cd12dbc86246","local_time":"20201216210526","is_ascension_mode":true,"campfire_choices":[{"data":"Dagger Spray","floor":6,"key":"SMITH"},{"floor":8,"key":"REST"},{"floor":11,"key":"REST"}],"circlet_count":0,"master_deck":["AscendersBane","Strike_G","Strike_G","Strike_G","Strike_G","Defend_G","Defend_G","Defend_G","Defend_G","Defend_G","Survivor","Neutralize","Deadly Poison","Acrobatics","Flash of Steel","Dagger Spray+1","Bouncing Flask","Blade Dance"],"relics":["Ring of the Snake","Sundial","Anchor","Shovel"],"acts_visited":["Exordium"],"potions_floor_usage":[],"damage_taken":[{"damage":7,"enemies":"2 Louse","floor":1,"turns":4},{"damage":0,"enemies":"Cultist","floor":2,"turns":4},{"damage":2,"enemies":"Jaw Worm","floor":5,"turns":4},{"damage":54,"enemies":"Gremlin Nob","floor":7,"turns":6},{"damage":20,"enemies":"Lagavulin","floor":10,"turns":6},{"damage":37,"enemies":"Gremlin Nob","floor":12,"turns":3}],"seed_played":"7116323342438435191","potions_obtained":[{"floor":5,"key":"LiquidBronze"}],"is_trial":false,"path_per_floor":["M","M","?","$","M","R","E","R","T","E","R","E"],"character_chosen":"THE_SILENT","items_purchased":["Flash of Steel"],"campfire_rested":2,"item_purchase_floors":[4],"current_hp_per_floor":[58,58,58,58,56,56,2,23,23,3,24,0,0],"gold":101,"neow_bonus":"TEN_PERCENT_HP_BONUS","is_daily":false,"chose_seed":false,"campfire_upgraded":1,"win_rate":0.0,"timestamp":1608170726,"path_taken":["M","M","?","?","M","R","E","R","T","E","R","E"],"items_purchased_type":["Card"],"build_version":"2020-12-13","purchased_purges":0,"victory":false,"max_hp_per_floor":[72,72,72,72,72,72,72,72,72,72,72,72,72],"relic_stats":{"Shovel":0,"counters":[6,27],"Sundial":[0],"obtain_stats":[{"Anchor":9,"Shovel":10,"Sundial":7,"Ring of the Snake":0},{"Anchor":4,"Shovel":5,"Sundial":4,"Ring of the Snake":0},{"Anchor":18,"Shovel":24,"Sundial":18,"Ring of the Snake":0}],"Ring of the Snake":[12]},"card_choices":[{"not_picked":["Dodge and Roll","Flying Knee"],"picked":"Deadly Poison","floor":1},{"not_picked":["Prepared","Underhanded Strike"],"picked":"Acrobatics","floor":2},{"not_picked":["Backflip","Flechettes"],"picked":"Dagger Spray","floor":5},{"not_picked":["Terror","Choke"],"picked":"Bouncing Flask","floor":7},{"not_picked":["Tactician","Choke"],"picked":"Blade Dance","floor":10}],"player_experience":2772275,"relics_obtained":[{"floor":7,"key":"Sundial"},{"floor":9,"key":"Anchor"},{"floor":10,"key":"Shovel"}],"event_choices":[{"cards_removed":["Strike_G"],"damage_healed":0,"gold_gain":0,"player_choice":"Offered Basic","damage_taken":0,"max_hp_gain":0,"max_hp_loss":0,"event_name":"Bonfire Elementals","floor":3,"gold_loss":0}],"is_beta":false,"boss_relics":[],"items_purged_floors":[],"is_endless":false,"potions_floor_spawned":[5],"killed_by":"Gremlin Nob","ascension_level":20}}