{"host":"6e4d2nejd5141r00","time":1608232581,"event":{"mods":["Act Like it!","BaseMod","Better Synergies","Better Third Choice","BetterRewards","CapriCore","Colored Map","Colored Powertips","Downfall","GifTheSpireLib","Minty Spire (QoL Compilation)","Replay The Spire","StSLib"],"gold_per_floor":[99,99,110,145,70,102,125,135,135,135,135,60,117,102,113,130,143,248,248,173,227,240,255,255,255,255,355,385,385,395,407,173,183,200,300,300,300,314,334,366,366,366,392,406,426,426,426],"floor_reached":46,"playtime":2374,"items_purged":[],"score":530,"play_id":"c3f0dd5a-fc53-4dca-9937-303ad0dac17b","local_time":"20201217201621","is_ascension_mode":false,"campfire_choices":[{"floor":1.0,"key":"RECALL"},{"floor":5.0,"key":"REST"},{"data":"champ:Taunt","floor":12.0,"key":"SMITH"},{"data":"champ:DefensiveStyle","floor":20,"key":"SMITH"},{"data":"champ:EnGarde","floor":25,"key":"SMITH"},{"data":"champ:BerserkerStyle","floor":29,"key":"SMITH"},{"data":"champ:EndlessRage","floor":37,"key":"SMITH"}],"circlet_count":0,"master_deck":["champ:Strike","champ:Strike+2","champ:Strike","champ:Defend","champ:Defend","champ:Defend+2","champ:Defend","champ:Execute","champ:Taunt+1","champ:ArenaPreparation","champ:GladiatorsShout","champ:DefensiveStyle+1","champ:FanOfKnives","champ:DefensiveStyle","champ:TornadoPunch","champ:BerserkerStyle+1","champ:LastStand","champ:EnGarde+1","champ:FocusedBerserking","champ:IronFortress+1","champ:RecklessLeap","champ:EndlessRage+1","champ:CrookedStrike+1","champ:PerfectForm","CurseOfTheBell","champ:GladiatorStyle+1","champ:BerserkerStyle"],"relics":["champ:ChampionCrown","Bronze Scales","downfall:HeartBlessingRed","Nunchaku","downfall:HeartBlessingGreen","PreservedInsect","ChewingGum","downfall:HeartBlessingBlue","Bottled Tornado","Mercury Hourglass","Peace Pipe","Lee\u0027s Waffle","Calling Bell","Simple Rune","WingedGreaves","Replay:Bottled Flurry","Boot","Lantern"],"acts_visited":["Exordium","TheCity","TheBeyond"],"potions_floor_usage":[18,32,32,35,35,40,45],"damage_taken":[{"damage":10.0,"enemies":"Small Slimes","floor":3.0,"turns":6.0},{"damage":76.0,"enemies":"3 Sentries","floor":4.0,"turns":9.0},{"damage":36.0,"enemies":"Gremlin Nob","floor":6.0,"turns":5.0},{"damage":0.0,"enemies":"2 Louse","floor":8.0,"turns":2.0},{"damage":24.0,"enemies":"Gremlin Nob","floor":13.0,"turns":3.0},{"damage":12.0,"enemies":"downfall:FleeingMerchant","floor":14.0,"turns":4.0},{"damage":9,"enemies":"Cultist","floor":15,"turns":3},{"damage":10,"enemies":"Exordium Wildlife","floor":16,"turns":3},{"damage":5,"enemies":"Red Slaver","floor":17,"turns":3},{"damage":32,"enemies":"downfall:Watcher","floor":18,"turns":11},{"damage":23,"enemies":"Shell Parasite","floor":22,"turns":5},{"damage":17,"enemies":"3 Byrds","floor":23,"turns":3},{"damage":24,"enemies":"Replay:Snechameleon","floor":28,"turns":4},{"damage":32,"enemies":"3 Cultists","floor":30,"turns":5},{"damage":13,"enemies":"Snecko","floor":31,"turns":4},{"damage":42,"enemies":"downfall:FleeingMerchant","floor":32,"turns":4},{"damage":43,"enemies":"Snake Plant","floor":33,"turns":3},{"damage":27,"enemies":"3 Cultists","floor":34,"turns":3},{"damage":114,"enemies":"downfall:Defect","floor":35,"turns":8},{"damage":64,"enemies":"3 Darklings","floor":38,"turns":4},{"damage":65,"enemies":"3 Shapes","floor":39,"turns":5},{"damage":92,"enemies":"Nemesis","floor":40,"turns":7},{"damage":63,"enemies":"Writhing Mass","floor":44,"turns":4},{"damage":85,"enemies":"Sphere and 2 Shapes","floor":45,"turns":6},{"damage":37,"enemies":"Reptomancer","floor":46,"turns":2}],"seed_played":"-6557401981675506887","potions_obtained":[{"floor":3.0,"key":"champ:TechniquePotion"},{"floor":6.0,"key":"Slimebound:ThreeZeroPotion"},{"floor":16,"key":"FairyPotion"},{"floor":17,"key":"sneckomod:MuddlingPotion"},{"floor":21,"key":"CultistPotion"},{"floor":22,"key":"Weak Potion"},{"floor":28,"key":"SkillPotion"},{"floor":33,"key":"Elixir"},{"floor":34,"key":"AttackPotion"},{"floor":35,"key":"Adrenaline Potion"},{"floor":38,"key":"Weak Potion"},{"floor":45,"key":"Fruit Juice"}],"is_trial":false,"path_per_floor":["R","?","M","E","R","E","T","M","PTL","PTL","?","R","?","$","M","M","M","B",null,"R","?","M","M","?","R","T","?","E","R","M","M","$","M","M","B",null,"R","M","M","E","?","?","T","M","M","E"],"character_chosen":"THE_CHAMP","items_purchased":["Lee\u0027s Waffle","champ:EndlessRage"],"campfire_rested":1,"item_purchase_floors":[32,32],"current_hp_per_floor":[99,104,99,67,98,72,72,72,72,72,72,72,58,54,50,45,45,33,104,114,69,64,67,67,67,67,67,63,63,43,43,121,118,115,83,121,121,92,97,63,63,55,55,66,29,0,0],"gold":426,"neow_bonus":"TEN_PERCENT_HP_BONUS","is_daily":false,"chose_seed":false,"campfire_upgraded":5,"win_rate":0.0,"timestamp":1608232581,"path_taken":["R","?","M","E","R","E","T","M","PTL","PTL","?","R","?","$","M","M","M","BOSS","R","?","?","M","?","R","T","?","E","R","M","M","$","M","M","BOSS","R","M","M","E","?","?","T","M","?","E"],"items_purchased_type":["Relic","Card"],"build_version":"2020-12-13","purchased_purges":0,"victory":false,"max_hp_per_floor":[99,104,104,104,104,104,104,104,104,104,104,104,104,104,104,104,104,104,104,114,114,114,114,114,114,114,114,114,114,114,114,121,121,121,121,121,121,121,121,121,121,121,121,121,126,126,126],"card_choices":[{"not_picked":["champ:BringItOn","champ:CalledShot"],"picked":"champ:ArenaPreparation","floor":3.0},{"not_picked":["champ:Encircle","champ:Circumvent"],"picked":"champ:GladiatorsShout","floor":4.0},{"not_picked":["champ:SkillfulDodge","champ:GladiatorStyle"],"picked":"champ:DefensiveStyle","floor":6.0},{"not_picked":["champ:AdrenalArmor","champ:GladiatorsShout"],"picked":"champ:FanOfKnives","floor":8.0},{"not_picked":["champ:BladeFlurry","champ:SwordThrow"],"picked":"champ:DefensiveStyle","floor":14},{"not_picked":["champ:ArenaPreparation","champ:RapidStrikes"],"picked":"champ:TornadoPunch","floor":15},{"not_picked":["champ:FightOn","champ:GladiatorsShout"],"picked":"champ:Circumvent","floor":16},{"not_picked":["champ:FocusedBerserking","champ:FlashCut"],"picked":"champ:BerserkerStyle","floor":17},{"not_picked":["champ:CrownThrow","champ:Devastate"],"picked":"champ:LastStand","floor":18},{"not_picked":["champ:Backstep+1","champ:AdrenalArmor"],"picked":"champ:EnGarde","floor":21},{"not_picked":["champ:FocusedGladiator","champ:FaceSlap"],"picked":"champ:FocusedBerserking","floor":22},{"not_picked":["champ:FocusedGladiator+1","champ:PreciseThrust"],"picked":"champ:IronFortress+1","floor":23},{"not_picked":["champ:Haymaker","champ:FlashCut","champ:Duel+1"],"picked":"SKIP","floor":28},{"not_picked":["champ:Haymaker","champ:RisingSlash","champ:DefensiveShout"],"picked":"SKIP","floor":30},{"not_picked":["champ:FightOn","champ:BringItOn"],"picked":"champ:RecklessLeap","floor":31},{"not_picked":["champ:RecklessLeap","champ:FalseCounter","champ:FanOfKnives"],"picked":"SKIP","floor":32},{"not_picked":["champ:BerserkersShout+1","champ:Backstep","champ:ShieldThrow"],"picked":"SKIP","floor":33},{"not_picked":["champ:TornadoPunch+1","champ:DefensiveShout"],"picked":"champ:CrookedStrike+1","floor":34},{"not_picked":["champ:CrownThrow","champ:LastStand"],"picked":"champ:PerfectForm","floor":35},{"not_picked":["champ:CrookedStrike+1","champ:DefensiveShout+1","champ:Encircle+1"],"picked":"SKIP","floor":38},{"not_picked":["champ:BerserkersShout+1","champ:FanOfKnives","champ:Haymaker+1"],"picked":"SKIP","floor":39},{"not_picked":["champ:Lariat+1","champ:BerserkerStyle+1"],"picked":"champ:GladiatorStyle+1","floor":40},{"not_picked":["champ:TornadoPunch","champ:DefensiveShout+1","champ:CalledShot"],"picked":"SKIP","floor":44},{"not_picked":["champ:Lariat","champ:FanOfKnives+1"],"picked":"champ:BerserkerStyle","floor":45}],"player_experience":110053,"relics_obtained":[{"floor":4.0,"key":"Bronze Scales"},{"floor":6.0,"key":"Nunchaku"},{"floor":21,"key":"Bottled Tornado"},{"floor":26,"key":"Mercury Hourglass"},{"floor":28,"key":"Peace Pipe"},{"floor":36,"key":"Simple Rune"},{"floor":36,"key":"WingedGreaves"},{"floor":36,"key":"Replay:Bottled Flurry"},{"floor":40,"key":"Boot"},{"floor":43,"key":"Lantern"}],"event_choices":[{"damage_healed":0.0,"max_hp_gain":5.0,"max_hp_loss":0.0,"gold_gain":0.0,"event_name":"Big Fish","player_choice":"Donut","floor":2.0,"gold_loss":0.0,"damage_taken":0.0},{"damage_healed":0,"gold_gain":0,"player_choice":"Simplicity","damage_taken":0,"max_hp_gain":0,"max_hp_loss":7,"event_name":"betterThird:BetterWriting","floor":24,"gold_loss":0},{"cards_removed":["champ:Circumvent"],"damage_healed":0,"gold_gain":0,"player_choice":"Removed Skill","damage_taken":0,"max_hp_gain":0,"max_hp_loss":0,"event_name":"Falling","floor":41,"gold_loss":0}],"is_beta":false,"boss_relics":[{"not_picked":["Astrolabe","Snecko Eye"],"picked":"ChewingGum"},{"not_picked":["SacredBark","Runic Pyramid"],"picked":"Calling Bell"}],"items_purged_floors":[],"is_endless":false,"potions_floor_spawned":[3,6,16,17,22,28,33,34,35,38,39,45],"killed_by":"Reptomancer","ascension_level":0}}