{"host":"bg8va46pgqgvtzim","time":1608172581,"event":{"mods":["BaseMod","Minty Spire (QoL Compilation)","Quick Restart","StSLib","SuperFastMode"],"gold_per_floor":[110,126,126,54,65,65,93,93,93,121,132,132,159,172,172,274,274,292,303,303,45,45,76,76,94,94,94,106,139,164,176,176,281,281,298,312,325,250,270,295,295,295,295,321,321,371,400,400,400,400,400,400,14,49,49],"floor_reached":56,"playtime":1412,"items_purged":["Strike_P","Strike_P+1"],"score":1603,"play_id":"c4c9dcb7-c295-47b4-81fe-4ff17e14c03a","local_time":"20201217103621","is_ascension_mode":true,"campfire_choices":[{"data":"CrushJoints","floor":6.0,"key":"SMITH"},{"data":"Consecrate","floor":8.0,"key":"SMITH"},{"data":"MasterReality","floor":12.0,"key":"SMITH"},{"data":"Tantrum","floor":15.0,"key":"SMITH"},{"floor":24.0,"key":"REST"},{"floor":27.0,"key":"RECALL"},{"floor":32.0,"key":"REST"},{"floor":41.0,"key":"REST"},{"floor":45.0,"key":"REST"},{"data":"Scrawl","floor":49.0,"key":"SMITH"},{"floor":52.0,"key":"REST"}],"circlet_count":0,"master_deck":["Defend_P+1","Defend_P+1","Eruption+1","Vigilance+1","CrushJoints+1","Consecrate+1","Tantrum+1","BattleHymn+1","MasterReality+1","DeusExMachina+1","DeceiveReality+1","LessonLearned+1","Collect+1","Fasting2+1","MentalFortress+1","InnerPeace+1","FlurryOfBlows+1","Devotion+1","Study+1","ClearTheMind+1","Adaptation+1","Wallop+1","Scrawl+1","Purity","FlurryOfBlows"],"relics":["PureWater","Matryoshka","Ancient Tea Set","Yang","Tiny Chest","CloakClasp","Empty Cage","Mummified Hand","Sundial","Frozen Egg 2","TeardropLocket","Oddly Smooth Stone","Black Star","Question Card","Eternal Feather","The Courier","Calipers","Bottled Tornado","Lizard Tail","Smiling Mask","TungstenRod","Gambling Chip","Ornamental Fan","Bag of Preparation","Damaru"],"acts_visited":["Exordium","TheCity","TheBeyond","TheEnding"],"potions_floor_usage":[55,55,55],"damage_taken":[{"damage":0.0,"enemies":"Cultist","floor":1.0,"turns":2.0},{"damage":0.0,"enemies":"Jaw Worm","floor":2.0,"turns":1.0},{"damage":0.0,"enemies":"Small Slimes","floor":5.0,"turns":1.0},{"damage":0.0,"enemies":"Lagavulin","floor":7.0,"turns":4.0},{"damage":0.0,"enemies":"Gremlin Nob","floor":10.0,"turns":2.0},{"damage":5.0,"enemies":"2 Fungi Beasts","floor":11.0,"turns":3.0},{"damage":2.0,"enemies":"3 Sentries","floor":13.0,"turns":3.0},{"damage":0.0,"enemies":"Red Slaver","floor":14.0,"turns":3.0},{"damage":20.0,"enemies":"Hexaghost","floor":16.0,"turns":6.0},{"damage":3.0,"enemies":"Shell Parasite","floor":18.0,"turns":3.0},{"damage":0.0,"enemies":"Chosen","floor":19.0,"turns":4.0},{"damage":23.0,"enemies":"Slavers","floor":23.0,"turns":5.0},{"damage":0.0,"enemies":"Sentry and Sphere","floor":25.0,"turns":3.0},{"damage":9.0,"enemies":"Centurion and Healer","floor":28.0,"turns":5.0},{"damage":20.0,"enemies":"Gremlin Leader","floor":29.0,"turns":7.0},{"damage":1.0,"enemies":"Shelled Parasite and Fungi","floor":31.0,"turns":2.0},{"damage":5.0,"enemies":"Collector","floor":33.0,"turns":4.0},{"damage":6.0,"enemies":"3 Darklings","floor":35.0,"turns":5.0},{"damage":0.0,"enemies":"3 Shapes","floor":36.0,"turns":4.0},{"damage":0.0,"enemies":"3 Darklings","floor":37.0,"turns":5.0},{"damage":0.0,"enemies":"Maw","floor":39.0,"turns":7.0},{"damage":61.0,"enemies":"Reptomancer","floor":40.0,"turns":5.0},{"damage":0.0,"enemies":"Giant Head","floor":44.0,"turns":5.0},{"damage":0.0,"enemies":"Mind Bloom Boss Battle","floor":46.0,"turns":5.0},{"damage":0.0,"enemies":"Reptomancer","floor":47.0,"turns":4.0},{"damage":0.0,"enemies":"Awakened One","floor":50.0,"turns":5.0},{"damage":7.0,"enemies":"Shield and Spear","floor":54.0,"turns":4.0},{"damage":0,"enemies":"The Heart","floor":55,"turns":4}],"seed_played":"67520494987713936","potions_obtained":[{"floor":1.0,"key":"DistilledChaos"},{"floor":2.0,"key":"Regen Potion"},{"floor":10.0,"key":"PowerPotion"},{"floor":18.0,"key":"Energy Potion"},{"floor":29.0,"key":"SkillPotion"},{"floor":31.0,"key":"Explosive Potion"},{"floor":33.0,"key":"SneckoOil"},{"floor":35.0,"key":"BottledMiracle"},{"floor":40.0,"key":"Swift Potion"},{"floor":47.0,"key":"FearPotion"}],"is_trial":false,"path_per_floor":["M","M","?","$","M","R","E","R","T","E","M","R","E","M","R","B",null,"M","M","?","$","?","E","R","M","T","R","M","E","T","M","R","B",null,"M","M","M","$","M","E","R","?","T","E","R","?","E","T","R","B",null,"R","$","E","B",null],"character_chosen":"WATCHER","items_purchased":["Tantrum","Mummified Hand","Purity","Ornamental Fan","LiquidMemories"],"campfire_rested":5,"item_purchase_floors":[4,21,53,53,53],"current_hp_per_floor":[72,72,72,72,72,72,72,72,72,72,67,67,65,65,65,45,72,69,69,69,69,69,46,67,67,67,67,58,38,38,37,58,53,72,66,66,66,66,66,5,38,38,38,38,71,71,71,71,72,72,72,72,72,65,65],"gold":49,"neow_bonus":"UPGRADE_CARD","is_daily":false,"chose_seed":false,"campfire_upgraded":5,"win_rate":0.0,"timestamp":1608172581,"path_taken":["M","?","?","$","?","R","E","R","T","E","M","R","E","M","R","BOSS","M","M","?","$","?","E","R","?","T","R","M","E","?","M","R","BOSS","M","?","M","$","M","E","R","?","T","E","R","?","E","?","R","BOSS","R","$","E","BOSS"],"items_purchased_type":["Card","Relic","Card","Relic","Potion"],"build_version":"2020-12-13","purchased_purges":2,"victory":true,"max_hp_per_floor":[72,72,72,72,72,72,72,72,72,72,72,72,72,72,72,72,72,72,72,72,72,72,72,72,72,72,72,72,72,72,72,72,72,72,72,72,72,72,72,72,72,72,72,72,72,72,72,72,72,72,72,72,72,72,72],"card_choices":[{"not_picked":["Adaptation","Consecrate"],"picked":"CrushJoints","floor":1.0},{"not_picked":["FlyingSleeves","EmptyBody"],"picked":"Consecrate","floor":2.0},{"not_picked":["JustLucky","Evaluate"],"picked":"BattleHymn","floor":5.0},{"not_picked":["SashWhip","Wish"],"picked":"MasterReality","floor":7.0},{"not_picked":["ThirdEye","FlyingSleeves","Crescendo"],"picked":"SKIP","floor":10.0},{"not_picked":["FlyingSleeves","CrushJoints","Weave"],"picked":"SKIP","floor":11.0},{"not_picked":["ClearTheMind","Study"],"picked":"DeusExMachina","floor":13.0},{"not_picked":["Vengeance","Tantrum"],"picked":"DeceiveReality","floor":14.0},{"not_picked":["MasterReality","Omniscience"],"picked":"LessonLearned","floor":16.0},{"not_picked":["EmptyBody+1","LikeWater","FlyingSleeves"],"picked":"SKIP","floor":18.0},{"not_picked":["CutThroughFate","ThirdEye"],"picked":"Collect+1","floor":19.0},{"not_picked":["SashWhip","Evaluate"],"picked":"Fasting2+1","floor":23.0},{"not_picked":["Devotion","ThirdEye","PathToVictory"],"picked":"SKIP","floor":25.0},{"not_picked":["BowlingBash","WaveOfTheHand+1"],"picked":"MentalFortress+1","floor":28.0},{"not_picked":["Swivel","ForeignInfluence+1"],"picked":"InnerPeace","floor":29.0},{"not_picked":["FollowUp","ThirdEye"],"picked":"FlurryOfBlows","floor":31.0},{"not_picked":["Ragnarok","DeusExMachina"],"picked":"Devotion+1","floor":33.0},{"not_picked":["SashWhip","Evaluate"],"picked":"Study+1","floor":35.0},{"not_picked":["Prostrate","FollowUp","SandsOfTime+1"],"picked":"SKIP","floor":36.0},{"not_picked":["SandsOfTime","PathToVictory+1","ClearTheMind"],"picked":"SKIP","floor":37.0},{"not_picked":["SandsOfTime","PathToVictory+1"],"picked":"ClearTheMind","floor":37.0},{"not_picked":["Vengeance+1","SpiritShield"],"picked":"Adaptation+1","floor":39.0},{"not_picked":["ForeignInfluence+1","JustLucky+1","ThirdEye+1"],"picked":"SKIP","floor":40.0},{"not_picked":["Consecrate+1","Protect+1","CutThroughFate+1","FollowUp"],"picked":"SKIP","floor":44.0},{"not_picked":["Consecrate","Crescendo+1","FlyingSleeves"],"picked":"Wallop+1","floor":46.0},{"not_picked":["ThirdEye+1","BattleHymn+1","CutThroughFate"],"picked":"Scrawl","floor":47.0},{"not_picked":["Halt+1","ForeignInfluence","CrushJoints+1"],"picked":"FlurryOfBlows","floor":54.0}],"player_experience":2117528,"relics_obtained":[{"floor":7.0,"key":"Matryoshka"},{"floor":9.0,"key":"Ancient Tea Set"},{"floor":9.0,"key":"Yang"},{"floor":10.0,"key":"Tiny Chest"},{"floor":13.0,"key":"CloakClasp"},{"floor":23.0,"key":"Sundial"},{"floor":26.0,"key":"Frozen Egg 2"},{"floor":29.0,"key":"TeardropLocket"},{"floor":30.0,"key":"Oddly Smooth Stone"},{"floor":40.0,"key":"Question Card"},{"floor":40.0,"key":"Eternal Feather"},{"floor":43.0,"key":"The Courier"},{"floor":44.0,"key":"Calipers"},{"floor":44.0,"key":"Bottled Tornado"},{"floor":46.0,"key":"Lizard Tail"},{"floor":47.0,"key":"Smiling Mask"},{"floor":47.0,"key":"TungstenRod"},{"floor":48.0,"key":"Gambling Chip"},{"floor":54.0,"key":"Bag of Preparation"},{"floor":54.0,"key":"Damaru"}],"event_choices":[{"cards_removed":["Strike_P"],"damage_healed":0.0,"max_hp_gain":0.0,"max_hp_loss":0.0,"gold_gain":0.0,"event_name":"Purifier","player_choice":"Purged","floor":3.0,"gold_loss":0.0,"damage_taken":0.0},{"damage_healed":0.0,"max_hp_gain":0.0,"max_hp_loss":0.0,"gold_gain":0.0,"event_name":"Ghosts","player_choice":"Ignored","floor":20.0,"gold_loss":0.0,"damage_taken":0.0},{"damage_healed":0.0,"max_hp_gain":0.0,"max_hp_loss":0.0,"gold_gain":0.0,"event_name":"NoteForYourself","player_choice":"Ignored","floor":22.0,"gold_loss":0.0,"damage_taken":0.0},{"cards_removed":["Defend_P"],"damage_healed":0.0,"max_hp_gain":0.0,"max_hp_loss":0.0,"gold_gain":0.0,"event_name":"Falling","player_choice":"Removed Skill","floor":42.0,"gold_loss":0.0,"damage_taken":0.0},{"damage_healed":0.0,"max_hp_gain":0.0,"max_hp_loss":0.0,"gold_gain":0.0,"event_name":"MindBloom","player_choice":"Fight","floor":46.0,"gold_loss":0.0,"damage_taken":0.0}],"is_beta":false,"boss_relics":[{"not_picked":["HolyWater","Ectoplasm"],"picked":"Empty Cage"},{"not_picked":["Snecko Eye","Coffee Dripper"],"picked":"Black Star"}],"items_purged_floors":[38,53],"is_endless":false,"potions_floor_spawned":[1,2,10,18,29,31,33,35,36,40,47,54],"ascension_level":1}}