{"host":"u2dm6glrpyjr66v9","time":1608188978,"event":{"mods":["AchievementEnabler","BaseMod","CapriCore","Colored Map","Colored Powertips","DeckTracker","Friendly Minions","KomeijiMod","Minty Spire (QoL Compilation)","Quick Restart","StSLib","SuperFastMode"],"gold_per_floor":[115,115,115,13,13,54,67,86,86,99,114,114,130,130,130,251,251,276,296,296,296],"floor_reached":20,"playtime":652,"items_purged":["Regret"],"score":201,"play_id":"4e46e2d6-bf19-4fa7-8105-31ede020e94a","local_time":"20201217160938","is_ascension_mode":false,"campfire_choices":[{"data":"WindmillStrike","floor":15,"key":"SMITH"}],"circlet_count":0,"master_deck":["Strike_P","Strike_P","Strike_P","Strike_P","Defend_P","Defend_P","Defend_P","Defend_P","Eruption","Vigilance","Halt","PathToVictory+1","WindmillStrike+1","WindmillStrike","Vengeance","Weave","BattleHymn","Devotion","ThirdEye","FollowUp+1"],"relics":["PureWater","NeowsBlessing","Ornamental Fan","Golden Idol","FossilizedHelix","Empty Cage"],"acts_visited":["Exordium","TheCity"],"potions_floor_usage":[13,16,16,19],"damage_taken":[{"damage":0,"enemies":"Small Slimes","floor":1,"turns":1},{"damage":0,"enemies":"Lagavulin","floor":6,"turns":1},{"damage":0,"enemies":"Jaw Worm","floor":7,"turns":1},{"damage":0,"enemies":"Cultist","floor":8,"turns":3},{"damage":4,"enemies":"Blue Slaver","floor":10,"turns":5},{"damage":8,"enemies":"Gremlin Gang","floor":11,"turns":4},{"damage":0,"enemies":"2 Fungi Beasts","floor":13,"turns":2},{"damage":33,"enemies":"Hexaghost","floor":16,"turns":7},{"damage":10,"enemies":"Spheric Guardian","floor":18,"turns":4},{"damage":12,"enemies":"3 Byrds","floor":19,"turns":5},{"damage":65,"enemies":"3 Cultists","floor":20,"turns":4}],"seed_played":"3948409068050421515","potions_obtained":[{"floor":6,"key":"BottledMiracle"},{"floor":8,"key":"SteroidPotion"},{"floor":10,"key":"LiquidMemories"},{"floor":13,"key":"Explosive Potion"},{"floor":16,"key":"BottledMiracle"},{"floor":19,"key":"Dexterity Potion"}],"is_trial":false,"path_per_floor":["M","?","?","$","?","E","M","M","T","M","M","?","M","?","R","B",null,"M","M","M"],"character_chosen":"WATCHER","items_purchased":["PathToVictory"],"campfire_rested":0,"item_purchase_floors":[4],"current_hp_per_floor":[72,72,72,72,72,72,72,72,72,68,60,60,60,60,60,27,72,62,50,0,0],"gold":296,"neow_bonus":"THREE_ENEMY_KILL","is_daily":false,"chose_seed":false,"campfire_upgraded":1,"win_rate":0.0,"timestamp":1608188978,"path_taken":["M","?","?","?","?","E","?","M","T","M","M","?","?","?","R","BOSS","M","?","M"],"items_purchased_type":["Card"],"build_version":"2020-12-13","purchased_purges":1,"victory":false,"max_hp_per_floor":[72,72,72,72,72,72,72,72,72,72,72,72,72,72,72,72,72,72,72,72,72],"card_choices":[{"not_picked":["Evaluate","FlyingSleeves"],"picked":"Halt","floor":1},{"not_picked":["Halt","BowlingBash"],"picked":"SignatureMove","floor":6},{"not_picked":["JustLucky","Nirvana"],"picked":"WindmillStrike","floor":7},{"not_picked":["ReachHeaven","Indignation"],"picked":"WindmillStrike","floor":8},{"not_picked":["ClearTheMind","Tantrum"],"picked":"Vengeance","floor":10},{"not_picked":["Protect","ClearTheMind"],"picked":"Weave","floor":11},{"not_picked":["TalkToTheHand","EmptyBody"],"picked":"BattleHymn","floor":13},{"not_picked":["Omniscience","Ragnarok"],"picked":"Devotion","floor":16},{"not_picked":["WindmillStrike","Conclude"],"picked":"ThirdEye","floor":18},{"not_picked":["WaveOfTheHand","PathToVictory"],"picked":"FollowUp+1","floor":19}],"player_experience":101361,"relics_obtained":[{"floor":6,"key":"FossilizedHelix"}],"event_choices":[{"damage_healed":0,"gold_gain":0,"player_choice":"Box","damage_taken":0,"relics_obtained":["Ornamental Fan"],"max_hp_gain":0,"max_hp_loss":0,"event_name":"Big Fish","floor":2,"gold_loss":0,"cards_obtained":["Regret"]},{"damage_healed":0,"gold_gain":0,"player_choice":"Take Wound","damage_taken":0,"relics_obtained":["Golden Idol"],"max_hp_gain":0,"max_hp_loss":0,"event_name":"Golden Idol","floor":3,"gold_loss":0,"cards_obtained":["Injury"]},{"damage_healed":0,"gold_gain":0,"player_choice":"Upgraded","damage_taken":0,"max_hp_gain":0,"max_hp_loss":0,"event_name":"Upgrade Shrine","floor":5,"gold_loss":0,"cards_upgraded":["PathToVictory"]},{"damage_healed":0,"gold_gain":0,"player_choice":"Ignored","damage_taken":0,"max_hp_gain":0,"max_hp_loss":0,"event_name":"NoteForYourself","floor":12,"gold_loss":0},{"damage_healed":0,"gold_gain":0,"player_choice":"Got Potions","damage_taken":0,"max_hp_gain":0,"max_hp_loss":0,"event_name":"Lab","floor":14,"gold_loss":0}],"is_beta":false,"boss_relics":[{"not_picked":["Philosopher\u0027s Stone","Runic Pyramid"],"picked":"Empty Cage"}],"items_purged_floors":[4],"is_endless":false,"potions_floor_spawned":[6,8,10,13,16,19],"killed_by":"3 Cultists","ascension_level":0}}