{"host":"zekcc3vicrep0och","time":1608233237,"event":{"mods":["AchievementEnabler","BaseMod","Colored Map","Colored Powertips","Displayed Cursed Tome","Minty Spire (QoL Compilation)","Relic Stats","StSLib"],"gold_per_floor":[112,112,122,122,61,95,95,127,127,127,127,127],"floor_reached":11,"playtime":270,"items_purged":[],"score":187,"play_id":"7c38520c-e55d-4b2e-820f-056ad33112ac","local_time":"20201217222717","is_ascension_mode":true,"campfire_choices":[{"data":"BowlingBash","floor":7,"key":"SMITH"},{"data":"FollowUp","floor":10,"key":"SMITH"}],"circlet_count":0,"master_deck":["AscendersBane","Strike_P","Strike_P","Strike_P","Strike_P","Defend_P","Defend_P","Defend_P","Defend_P","Eruption+1","Vigilance","BowlingBash+1","Prostrate","EmptyBody","FollowUp+1"],"relics":["PureWater","NeowsBlessing","Mummified Hand","Tiny Chest","Oddly Smooth Stone","Gremlin Horn"],"acts_visited":["Exordium"],"potions_floor_usage":[8],"damage_taken":[{"damage":0,"enemies":"2 Louse","floor":1,"turns":1},{"damage":0,"enemies":"Jaw Worm","floor":3,"turns":1},{"damage":0,"enemies":"Gremlin Nob","floor":6,"turns":1},{"damage":16,"enemies":"3 Sentries","floor":8,"turns":12},{"damage":20,"enemies":"Gremlin Nob","floor":11,"turns":3}],"seed_played":"-3460931304680019045","potions_obtained":[{"floor":1,"key":"LiquidMemories"}],"is_trial":false,"path_per_floor":["M","?","M","?","?","E","R","E","T","R","E"],"character_chosen":"WATCHER","items_purchased":[],"campfire_rested":0,"item_purchase_floors":[],"current_hp_per_floor":[61,35,35,35,35,35,35,19,19,19,0,0],"gold":127,"neow_bonus":"THREE_ENEMY_KILL","is_daily":false,"chose_seed":false,"campfire_upgraded":2,"win_rate":0.0,"timestamp":1608233237,"path_taken":["M","?","M","?","?","E","R","E","T","R","E"],"items_purchased_type":[],"build_version":"2020-12-13","purchased_purges":0,"victory":false,"max_hp_per_floor":[68,68,68,68,68,68,68,68,68,68,68,68],"relic_stats":{"Gremlin Horn":[0,0],"counters":[5,18],"Mummified Hand":[0],"Tiny Chest":0,"obtain_stats":[{"NeowsBlessing":0,"Gremlin Horn":9,"Mummified Hand":2,"Oddly Smooth Stone":8,"Tiny Chest":6,"PureWater":0},{"NeowsBlessing":0,"Gremlin Horn":4,"Mummified Hand":1,"Oddly Smooth Stone":4,"Tiny Chest":3,"PureWater":0},{"NeowsBlessing":0,"Gremlin Horn":15,"Mummified Hand":1,"Oddly Smooth Stone":15,"Tiny Chest":3,"PureWater":0}]},"card_choices":[{"not_picked":["MentalFortress","SashWhip"],"picked":"BowlingBash","floor":1},{"not_picked":["MentalFortress","JustLucky"],"picked":"Prostrate","floor":3},{"not_picked":["FlyingSleeves","Collect"],"picked":"EmptyBody","floor":6},{"not_picked":["ThirdEye","Prostrate"],"picked":"FollowUp","floor":8}],"player_experience":435228,"relics_obtained":[{"floor":6,"key":"Tiny Chest"},{"floor":8,"key":"Oddly Smooth Stone"},{"floor":9,"key":"Gremlin Horn"}],"event_choices":[{"damage_healed":0,"gold_gain":0,"player_choice":"Success","damage_taken":26,"relics_obtained":["Mummified Hand"],"max_hp_gain":0,"max_hp_loss":0,"event_name":"Scrap Ooze","floor":2,"gold_loss":0},{"damage_healed":0,"gold_gain":0,"player_choice":"Grow","damage_taken":0,"max_hp_gain":0,"max_hp_loss":0,"event_name":"Living Wall","floor":4,"gold_loss":0,"cards_upgraded":["Eruption"]},{"damage_healed":0,"gold_gain":0,"player_choice":"Left Gold","damage_taken":0,"max_hp_gain":0,"max_hp_loss":0,"event_name":"World of Goop","floor":5,"gold_loss":61}],"is_beta":false,"boss_relics":[],"items_purged_floors":[],"is_endless":false,"potions_floor_spawned":[1],"killed_by":"Gremlin Nob","ascension_level":16}}