{"host":"qgwlv9366poilr0p","time":1608239739,"event":{"mods":["BaseMod","Colored Powertips","Conspire","Dota2Spire","Friendly Minions","Halation","Hubris","Infinite Spire","Minty Spire (QoL Compilation)","Relic Stats","Replay The Spire","Shop Mod","StSLib","The Blue Laboratory","Wandering Minibosses","vexMod"],"gold_per_floor":[113,41,41,41,53,84,84,117,117,117,181,181,201,251,251,251,251],"floor_reached":16,"playtime":506,"items_purged":[],"score":233,"play_id":"e55a485d-e447-41ee-a707-e5530f656eab","local_time":"20201217221539","is_ascension_mode":true,"campfire_choices":[{"data":"Capacitor","floor":10,"key":"SMITH"},{"data":"Barrage","floor":12,"key":"SMITH"},{"data":"Zap","floor":15,"key":"SMITH"}],"circlet_count":0,"master_deck":["AscendersBane","Strike_B","Strike_B","Strike_B","Strike_B","Defend_B","Defend_B","Defend_B","Zap+1","Dualcast","Coolheaded","Capacitor+1","Voices","Doom and Gloom","Tempest","Static Discharge","Barrage+1","Cold Snap"],"relics":["Cracked Core","NeowsBlessing","Ring of Fury","Ring of Hypnosis","hubris:Zylophone","SsserpentHead","Dota2Spire:ShadowBlade","WingedGreaves"],"acts_visited":["Exordium"],"potions_floor_usage":[13,13,16,16],"damage_taken":[{"damage":0,"enemies":"2 Louse","floor":1,"turns":1},{"damage":0,"enemies":"Small Slimes","floor":5,"turns":1},{"damage":0,"enemies":"Gremlin Nob","floor":6,"turns":1},{"damage":38,"enemies":"3 Sentries","floor":8,"turns":5},{"damage":0,"enemies":"Cultist","floor":11,"turns":3},{"damage":11,"enemies":"Blue Slaver","floor":13,"turns":4},{"damage":16,"enemies":"The Guardian","floor":16,"turns":9}],"seed_played":"-3881582132957358147","potions_obtained":[{"floor":5,"key":"Languid Potion"},{"floor":8,"key":"EntropicBrew"},{"floor":14,"key":"SkillPotion"}],"is_trial":false,"path_per_floor":["M","$","?","?","M","E","?","E","T","R","M","R","M","?","R","B"],"character_chosen":"DEFECT","items_purchased":["Capacitor"],"campfire_rested":0,"item_purchase_floors":[2],"current_hp_per_floor":[64,64,64,64,64,64,64,26,26,26,26,26,15,15,15,0,0],"gold":251,"neow_bonus":"THREE_ENEMY_KILL","is_daily":false,"chose_seed":false,"campfire_upgraded":3,"win_rate":0.0,"timestamp":1608239739,"path_taken":["M","$","?","?","M","E","?","E","T","R","?","R","M","?","R","BOSS"],"items_purchased_type":["Card"],"build_version":"2020-12-13","purchased_purges":0,"victory":false,"max_hp_per_floor":[71,71,71,71,71,71,71,71,71,71,71,71,71,71,71,71,71],"relic_stats":{"SsserpentHead":100,"counters":[7,24],"obtain_stats":[{"hubris:Zylophone":6,"SsserpentHead":7,"NeowsBlessing":0,"Ring of Hypnosis":4,"Ring of Fury":4,"Dota2Spire:ShadowBlade":8,"WingedGreaves":9,"Cracked Core":0},{"hubris:Zylophone":3,"SsserpentHead":3,"NeowsBlessing":0,"Ring of Hypnosis":1,"Ring of Fury":1,"Dota2Spire:ShadowBlade":4,"WingedGreaves":4,"Cracked Core":0},{"hubris:Zylophone":3,"SsserpentHead":3,"NeowsBlessing":0,"Ring of Hypnosis":1,"Ring of Fury":1,"Dota2Spire:ShadowBlade":8,"WingedGreaves":8,"Cracked Core":0}]},"card_choices":[{"not_picked":["Turbo","Go for the Eyes"],"picked":"Coolheaded","floor":1},{"not_picked":["Heatsinks","Meteor Strike"],"picked":"Doom and Gloom","floor":5},{"not_picked":["Steam","Go for the Eyes"],"picked":"Tempest","floor":6},{"not_picked":["Sweeping Beam","ReplayRNGCard"],"picked":"Static Discharge","floor":8},{"not_picked":["Reinforced Body","Leap"],"picked":"Barrage","floor":11},{"not_picked":["Steam","Reprogram"],"picked":"Cold Snap","floor":13}],"player_experience":1064886,"relics_obtained":[{"floor":4,"key":"Ring of Fury"},{"floor":4,"key":"Ring of Hypnosis"},{"floor":6,"key":"hubris:Zylophone"},{"floor":8,"key":"Dota2Spire:ShadowBlade"},{"floor":9,"key":"WingedGreaves"}],"event_choices":[{"damage_healed":0,"gold_gain":0,"player_choice":"Trade","damage_taken":0,"relics_obtained":["SsserpentHead"],"max_hp_gain":0,"max_hp_loss":0,"event_name":"FaceTrader","floor":7,"gold_loss":0},{"damage_healed":0,"gold_gain":0,"player_choice":"Got Potions","damage_taken":0,"max_hp_gain":0,"max_hp_loss":0,"event_name":"Lab","floor":14,"gold_loss":0}],"is_beta":false,"boss_relics":[],"items_purged_floors":[],"is_endless":false,"potions_floor_spawned":[5,8],"killed_by":"The Guardian","ascension_level":15}}