{"host":"r53pw7z744tg3fxg","time":1608238152,"event":{"mods":["AchievementEnabler","BaseMod","Colored Map","Colored Powertips","Highlight Path","Minty Spire (QoL Compilation)","Quick Restart","Transform Curses"],"gold_per_floor":[115,130,149,149,149,185,185,225,295,295,320,343,383,86,86,206,206,231,245,93,106,106,106,122,151,151,185,197,226,263,13,13,112,112,122,202,212,69,69,83,83,83,136,147,194,204,223,3,3,3],"floor_reached":51,"playtime":4470,"items_purged":["Injury"],"score":988,"play_id":"44b40ff8-6d8a-426f-a19a-01730465602b","local_time":"20201217134912","is_ascension_mode":true,"campfire_choices":[{"floor":7.0,"key":"REST"},{"data":"Eruption","floor":10.0,"key":"SMITH"},{"data":"BattleHymn","floor":15.0,"key":"SMITH"},{"floor":23.0,"key":"REST"},{"data":"Blasphemy","floor":32.0,"key":"SMITH"},{"floor":41.0,"key":"REST"},{"data":"TalkToTheHand","floor":42.0,"key":"SMITH"},{"floor":49,"key":"REST"}],"circlet_count":0,"master_deck":["Strike_P","Strike_P","Strike_P","Strike_P","Defend_P","Defend_P","Defend_P","Defend_P","Eruption+1","Vigilance","Consecrate","BattleHymn+1","EmptyBody","Evaluate","BowlingBash","SashWhip","CarveReality","CurseOfTheBell","Sanctity","DeceiveReality+1","FearNoEvil","Blasphemy+1","FlyingSleeves+1","ClearTheMind+1","Wallop","PathToVictory","TalkToTheHand+1","MasterReality+1","Establishment+1","InnerPeace","Crescendo+1","FlurryOfBlows+1","ThirdEye+1","PathToVictory"],"relics":["PureWater","Centennial Puzzle","Bloody Idol","Singing Bowl","WingedGreaves","Happy Flower","Frozen Egg 2","TungstenRod","Lee\u0027s Waffle","Calling Bell","PreservedInsect","Mummified Hand","CloakClasp","Orrery","Lantern","Bottled Flame","MawBank","Anchor","Ornamental Fan","SlaversCollar","Sundial","Membership Card","Potion Belt","Thread and Needle","Letter Opener","DollysMirror"],"acts_visited":["Exordium","TheCity","TheBeyond"],"potions_floor_usage":[45,45,45,45,47,50,50],"damage_taken":[{"damage":0.0,"enemies":"2 Louse","floor":1.0,"turns":2.0},{"damage":2.0,"enemies":"Jaw Worm","floor":2.0,"turns":4.0},{"damage":0.0,"enemies":"Cultist","floor":3.0,"turns":4.0},{"damage":19.0,"enemies":"3 Sentries","floor":6.0,"turns":6.0},{"damage":0.0,"enemies":"Lagavulin","floor":8.0,"turns":4.0},{"damage":7.0,"enemies":"Blue Slaver","floor":11.0,"turns":3.0},{"damage":11.0,"enemies":"Exordium Wildlife","floor":12.0,"turns":3.0},{"damage":11.0,"enemies":"3 Sentries","floor":13.0,"turns":4.0},{"damage":32.0,"enemies":"The Guardian","floor":16.0,"turns":12.0},{"damage":19.0,"enemies":"2 Thieves","floor":18.0,"turns":2.0},{"damage":4.0,"enemies":"Chosen","floor":19.0,"turns":3.0},{"damage":4.0,"enemies":"Snake Plant","floor":21.0,"turns":3.0},{"damage":11.0,"enemies":"Snecko","floor":24.0,"turns":4.0},{"damage":5.0,"enemies":"Gremlin Leader","floor":25.0,"turns":2.0},{"damage":30.0,"enemies":"Slavers","floor":27.0,"turns":3.0},{"damage":20.0,"enemies":"Shelled Parasite and Fungi","floor":29.0,"turns":7.0},{"damage":4.0,"enemies":"Book of Stabbing","floor":30.0,"turns":3.0},{"damage":65.0,"enemies":"Collector","floor":33.0,"turns":8.0},{"damage":0.0,"enemies":"Orb Walker","floor":35.0,"turns":3.0},{"damage":0.0,"enemies":"3 Shapes","floor":37.0,"turns":3.0},{"damage":29.0,"enemies":"Maw","floor":40.0,"turns":6.0},{"damage":4.0,"enemies":"Spire Growth","floor":44.0,"turns":4.0},{"damage":27,"enemies":"2 Orb Walkers","floor":45,"turns":6},{"damage":15,"enemies":"Transient","floor":46,"turns":5},{"damage":7,"enemies":"4 Shapes","floor":47,"turns":6},{"damage":35,"enemies":"Donu and Deca","floor":50,"turns":9}],"seed_played":"8983554455824222726","potions_obtained":[{"floor":1.0,"key":"Explosive Potion"},{"floor":6.0,"key":"StancePotion"},{"floor":8.0,"key":"Strength Potion"},{"floor":12.0,"key":"GamblersBrew"},{"floor":18.0,"key":"EssenceOfSteel"},{"floor":19.0,"key":"SpeedPotion"},{"floor":33.0,"key":"EntropicBrew"},{"floor":35.0,"key":"EntropicBrew"},{"floor":44.0,"key":"Dexterity Potion"},{"floor":47,"key":"SmokeBomb"}],"is_trial":false,"path_per_floor":["M","M","M","?","T","E","R","E","T","R","M","M","E","$","R","B",null,"M","M","$","M","?","R","M","E","T","E","?","M","E","$","R","B",null,"M","T","M","$","?","M","R","R","T","M","?","M","M","$","R","B",null],"character_chosen":"WATCHER","items_purchased":["Lee\u0027s Waffle","CarveReality","Orrery","Ornamental Fan","Membership Card","Letter Opener","DollysMirror","SkillPotion"],"campfire_rested":4,"item_purchase_floors":[14,14,20,31,38,48,48,48],"current_hp_per_floor":[65,63,63,63,63,44,65,65,65,65,58,47,36,79,79,49,73,56,52,56,52,52,78,74,74,74,49,83,73,79,84,84,24,73,78,83,90,90,90,68,93,93,93,93,83,73,71,71,93,58],"gold":3,"neow_bonus":"RANDOM_COMMON_RELIC","is_daily":false,"chose_seed":false,"campfire_upgraded":4,"win_rate":0.0,"timestamp":1608238152,"path_taken":["M","M","M","?","?","E","R","E","T","R","M","?","E","$","R","BOSS","M","M","$","M","?","R","M","E","T","E","?","M","E","?","R","BOSS","M","?","?","$","?","?","R","R","T","M","?","M","M","$","R","BOSS"],"items_purchased_type":["Relic","Card","Relic","Relic","Relic","Relic","Relic","Potion"],"build_version":"2020-12-13","purchased_purges":1,"victory":true,"max_hp_per_floor":[72,72,72,72,72,72,72,72,72,72,72,72,72,79,79,81,81,83,83,87,87,87,87,89,89,89,89,89,89,89,89,89,89,89,89,89,91,91,91,93,93,93,93,93,93,93,93,93,93,93],"card_choices":[{"not_picked":["Vengeance","Worship","CrushJoints"],"picked":"SKIP","floor":1.0},{"not_picked":["Tantrum","Worship"],"picked":"Consecrate","floor":2.0},{"not_picked":["PathToVictory","EmptyFist"],"picked":"BattleHymn","floor":3.0},{"not_picked":["Evaluate","Crescendo"],"picked":"EmptyBody","floor":6.0},{"not_picked":["Indignation","CrushJoints"],"picked":"Evaluate","floor":8.0},{"not_picked":["SashWhip","ReachHeaven"],"picked":"BowlingBash","floor":11.0},{"not_picked":["EmptyFist","FlurryOfBlows"],"picked":"SashWhip","floor":12.0},{"not_picked":["JustLucky","Meditate"],"picked":"Ragnarok","floor":13.0},{"not_picked":["Alpha","DevaForm+1","Omniscience"],"picked":"Singing Bowl","floor":16.0},{"not_picked":["Swivel","Consecrate","EmptyBody+1"],"picked":"Singing Bowl","floor":18.0},{"not_picked":["LikeWater+1","Indignation+1"],"picked":"Sanctity","floor":19.0},{"not_picked":["SignatureMove","Prostrate"],"picked":"DeceiveReality+1","floor":20.0},{"not_picked":["Wallop","JustLucky"],"picked":"FearNoEvil","floor":20.0},{"not_picked":["InnerPeace","Conclude"],"picked":"Blasphemy","floor":20.0},{"not_picked":["Consecrate","FlyingSleeves","EmptyFist"],"picked":"Singing Bowl","floor":20.0},{"not_picked":["EmptyFist","Weave","MentalFortress+1"],"picked":"Singing Bowl","floor":20.0},{"not_picked":["Halt","CrushJoints"],"picked":"FlyingSleeves+1","floor":21.0},{"not_picked":["CrushJoints","EmptyFist","Consecrate+1"],"picked":"Singing Bowl","floor":24.0},{"not_picked":["Alpha","CutThroughFate"],"picked":"ClearTheMind+1","floor":25.0},{"not_picked":["Worship+1","FearNoEvil"],"picked":"Wallop","floor":27.0},{"not_picked":["ClearTheMind","JustLucky"],"picked":"PathToVictory","floor":29.0},{"not_picked":["SashWhip","FlyingSleeves"],"picked":"TalkToTheHand","floor":30.0},{"not_picked":["Wish","Brilliance"],"picked":"MasterReality+1","floor":33.0},{"not_picked":["WheelKick","Adaptation+1","Evaluate+1"],"picked":"SKIP","floor":35.0},{"not_picked":["SandsOfTime","BowlingBash","Evaluate+1"],"picked":"Singing Bowl","floor":37.0},{"not_picked":["BowlingBash","PathToVictory","WindmillStrike+1"],"picked":"Singing Bowl","floor":40.0},{"not_picked":["Collect+1","Conclude+1"],"picked":"InnerPeace","floor":44.0},{"not_picked":["FlyingSleeves+1","Protect"],"picked":"Crescendo+1","floor":45},{"not_picked":["Study+1","WaveOfTheHand+1"],"picked":"FlurryOfBlows+1","floor":46},{"not_picked":["Judgement","FlyingSleeves+1"],"picked":"ThirdEye+1","floor":47}],"player_experience":1118688,"relics_obtained":[{"floor":5.0,"key":"Singing Bowl"},{"floor":6.0,"key":"WingedGreaves"},{"floor":8.0,"key":"Happy Flower"},{"floor":9.0,"key":"Frozen Egg 2"},{"floor":13.0,"key":"TungstenRod"},{"floor":17.0,"key":"PreservedInsect"},{"floor":17.0,"key":"Mummified Hand"},{"floor":17.0,"key":"CloakClasp"},{"floor":25.0,"key":"Lantern"},{"floor":26.0,"key":"Bottled Flame"},{"floor":27.0,"key":"MawBank"},{"floor":30.0,"key":"Anchor"},{"floor":36.0,"key":"Sundial"},{"floor":43.0,"key":"Potion Belt"},{"floor":45,"key":"Thread and Needle"}],"event_choices":[{"damage_healed":0.0,"max_hp_gain":0.0,"max_hp_loss":0.0,"gold_gain":0.0,"event_name":"Golden Idol","player_choice":"Take Wound","floor":4.0,"gold_loss":0.0,"damage_taken":0.0,"relics_obtained":["Golden Idol"],"cards_obtained":["Injury"]},{"damage_healed":0.0,"max_hp_gain":0.0,"max_hp_loss":0.0,"gold_gain":0.0,"event_name":"Forgotten Altar","player_choice":"Gave Idol","floor":22.0,"relics_lost":["Golden Idol"],"gold_loss":0.0,"damage_taken":0.0,"relics_obtained":["Bloody Idol"]},{"damage_healed":29.0,"max_hp_gain":0.0,"max_hp_loss":0.0,"gold_gain":0.0,"event_name":"The Library","player_choice":"Heal","floor":28.0,"gold_loss":0.0,"damage_taken":0.0},{"damage_healed":0.0,"max_hp_gain":0.0,"max_hp_loss":0.0,"gold_gain":0.0,"cards_transformed":["Ragnarok"],"event_name":"Transmorgrifier","player_choice":"Transformed","floor":39.0,"gold_loss":0.0,"damage_taken":0.0,"cards_obtained":["Establishment"]},{"damage_healed":0,"gold_gain":0,"player_choice":"Fight","damage_taken":0,"max_hp_gain":0,"max_hp_loss":0,"event_name":"Mysterious Sphere","floor":45,"gold_loss":0}],"is_beta":false,"boss_relics":[{"not_picked":["Runic Pyramid","Runic Dome"],"picked":"Calling Bell"},{"not_picked":["Coffee Dripper","Astrolabe"],"picked":"SlaversCollar"}],"items_purged_floors":[14],"is_endless":false,"potions_floor_spawned":[1,6,8,12,18,19,33,35,44,47],"ascension_level":6}}