{"host":"vd5put2n5b3t1prw","time":1608192152,"event":{"mods":["2.2 Compatiblity","AchievementEnabler","BaseMod","Better Altar","Better Match","Better Note","Better Sensory Stone","Better Silent Start","Better Skull","Better Third Choice","Better Vampires","Better-Laid Plans","BetterRewards","Block Reminder","Card Forge","Colored Map","Custom Start","Downfall","Emptier Cage","Marked Mod","Minty Spire (QoL Compilation)","Quick Restart","Random Character Button","Relic Stats","Reorder Act Four","Spicy Shops","StSLib","Transform Curses","Waifu the Spire"],"gold_per_floor":[111,111,64,80,36,36,71,90,90,115,127,138,171,121,121,219,219,231,231,431,431,359,32,44,44,44,44,76,87,87,103,103,207,207,217,217,231,231,251,286,286,298,298,648,648,122,151,167,167,167,167,39,39,67,67],"floor_reached":56,"playtime":7711,"items_purged":["Strike_P+1","hexamod:SixthSeal"],"score":1641,"play_id":"beb66d6a-c3eb-4b24-b837-51f8cb6f6776","local_time":"20201217020232","is_ascension_mode":true,"campfire_choices":[{"data":"PathToVictory","floor":6,"key":"SMITH"},{"floor":15,"key":"REST"},{"floor":27,"key":"REST"},{"floor":30,"key":"RECALL"},{"floor":32,"key":"REST"},{"floor":41,"key":"DIG"},{"floor":49,"key":"REST"},{"floor":53,"key":"REST"}],"circlet_count":0,"master_deck":["Strike_P+1","Defend_P+1","Defend_P+1","Defend_P+1","Defend_P+1","Indignation+1","InnerPeace+1","SandsOfTime+1","PathToVictory+1","Prostrate+1","Brilliance+1","CutThroughFate+1","MarkedMod:Acupuncture+1","DeusExMachina+1","CutThroughFate+1","MarkedMod:GracefulMovements+1","MarkedMod:FirstStrike+1","PathToVictory+1","Perseverance+1","Scrawl+1","MasterReality+1","Evaluate+1","expansioncontent:QuickStudy+1","expansioncontent:DashGenerateEvil+1","Wireheading+1","ThirdEye+1","TalkToTheHand+1","Evaluate+1","Pray+1","TalkToTheHand+1","Prostrate+1"],"relics":["PureWater","Hammer of Thor","Seething Fire","Anvil of the Gods","NeowsBlessing","Mango","Ginger","Letter Opener","White Beast Statue","SlaversCollar","Toxic Egg 2","Mummified Hand","Shovel","Black Star","Pear","Question Card","Happy Flower","Molten Egg 2","Old Coin","TungstenRod","Vajra","StrikeDummy","Damaru","Toy Ornithopter","Yang"],"acts_visited":["Exordium","TheCity","TheBeyond","TheEnding"],"potions_floor_usage":[10,12,16,16,18,18,18,28,28,31,33,37,39,39,40,42,47,48,55,55,55],"damage_taken":[{"damage":0,"enemies":"2 Louse","floor":1,"turns":2},{"damage":0,"enemies":"Cultist","floor":4,"turns":1},{"damage":0,"enemies":"Lagavulin","floor":7,"turns":1},{"damage":7,"enemies":"Jaw Worm","floor":8,"turns":3},{"damage":4,"enemies":"Gremlin Nob","floor":10,"turns":3},{"damage":12,"enemies":"3 Louse","floor":11,"turns":3},{"damage":9,"enemies":"Large Slime","floor":12,"turns":4},{"damage":12,"enemies":"Lagavulin","floor":13,"turns":4},{"damage":24,"enemies":"Hexaghost","floor":16,"turns":8},{"damage":23,"enemies":"Shell Parasite","floor":18,"turns":4},{"damage":24,"enemies":"Spheric Guardian","floor":24,"turns":4},{"damage":25,"enemies":"Book of Stabbing","floor":28,"turns":4},{"damage":0,"enemies":"Centurion and Healer","floor":29,"turns":4},{"damage":20,"enemies":"Sentry and Sphere","floor":31,"turns":5},{"damage":25,"enemies":"Collector","floor":33,"turns":5},{"damage":3,"enemies":"Orb Walker","floor":35,"turns":3},{"damage":3,"enemies":"3 Shapes","floor":37,"turns":3},{"damage":4,"enemies":"Spire Growth","floor":39,"turns":3},{"damage":0,"enemies":"Reptomancer","floor":40,"turns":3},{"damage":32,"enemies":"Jaw Worm Horde","floor":42,"turns":2},{"damage":6,"enemies":"Mind Bloom Boss Battle","floor":44,"turns":5},{"damage":6,"enemies":"Nemesis","floor":47,"turns":5},{"damage":0,"enemies":"3 Darklings","floor":48,"turns":4},{"damage":49,"enemies":"Awakened One","floor":50,"turns":8},{"damage":58,"enemies":"Shield and Spear","floor":54,"turns":5},{"damage":76,"enemies":"The Heart","floor":55,"turns":7}],"seed_played":"5538789199691493470","potions_obtained":[{"floor":2,"key":"sneckomod:MuddlingPotion"},{"floor":2,"key":"AttackPotion"},{"floor":2,"key":"StancePotion"},{"floor":7,"key":"GamblersBrew"},{"floor":11,"key":"ColorlessPotion"},{"floor":12,"key":"CultistPotion"},{"floor":13,"key":"Regen Potion"},{"floor":16,"key":"EntropicBrew"},{"floor":18,"key":"FearPotion"},{"floor":24,"key":"SteroidPotion"},{"floor":28,"key":"Fruit Juice"},{"floor":29,"key":"Swift Potion"},{"floor":31,"key":"AttackPotion"},{"floor":33,"key":"DuplicationPotion"},{"floor":37,"key":"DistilledChaos"},{"floor":39,"key":"AttackPotion"},{"floor":40,"key":"ColorlessPotion"},{"floor":42,"key":"Weak Potion"},{"floor":44,"key":"Weak Potion"},{"floor":47,"key":"Ancient Potion"},{"floor":48,"key":"SpeedPotion"},{"floor":54,"key":"GamblersBrew"}],"is_trial":false,"path_per_floor":["M","?","$","M","$","R","E","M","T","E","M","M","E","?","R","B",null,"M","?","?","?","$","$","M","$","T","R","E","M","R","M","R","B",null,"M","?","M","?","M","E","R","M","T","?","?","$","E","M","R","B",null,"$","R","E","B",null],"character_chosen":"WATCHER","items_purchased":["PathToVictory","Prostrate","MarkedMod:GracefulMovements","Toxic Egg 2","TungstenRod","Vajra","ThirdEye+1","Pray+1","TalkToTheHand+1"],"campfire_rested":5,"item_purchase_floors":[3,5,22,23,46,46,46,52,52],"current_hp_per_floor":[65,65,65,65,65,65,79,72,72,68,56,47,35,35,60,51,77,54,54,54,54,54,54,30,30,30,55,35,35,35,15,42,17,73,70,80,77,77,73,73,73,41,41,45,45,45,49,49,79,40,86,86,101,43,70],"gold":67,"neow_bonus":"THREE_ENEMY_KILL","is_daily":false,"chose_seed":false,"campfire_upgraded":1,"win_rate":0.0,"timestamp":1608192152,"path_taken":["M","?","?","M","$","R","E","M","T","E","?","M","E","?","R","BOSS","M","?","?","?","?","$","M","?","T","R","E","M","R","M","R","BOSS","M","?","?","?","M","E","R","M","T","?","?","$","E","M","R","BOSS","$","R","E","BOSS"],"items_purchased_type":["Card","Card","Card","Relic","Relic","Relic","Card","Card","Card"],"build_version":"2020-12-13","purchased_purges":2,"victory":true,"max_hp_per_floor":[72,72,72,72,72,72,86,86,86,86,86,86,86,86,86,86,86,86,86,86,86,86,86,86,86,86,86,91,91,91,91,91,91,91,91,101,101,101,101,101,101,101,101,101,101,101,101,101,101,101,101,101,101,101,101],"relic_stats":{"Shovel":1,"Happy Flower":[12],"counters":[26,103],"Mummified Hand":[59],"Yang":[13],"Black Star":3,"Ginger":[7],"Letter Opener":[578],"Question Card":5,"obtain_stats":[{"Vajra":46,"Mango":7,"Yang":54,"Hammer of Thor":0,"Ginger":9,"Old Coin":44,"Shovel":28,"Mummified Hand":26,"Toxic Egg 2":23,"Pear":36,"NeowsBlessing":0,"Happy Flower":40,"Damaru":47,"Seething Fire":0,"Letter Opener":10,"Question Card":40,"White Beast Statue":13,"SlaversCollar":17,"Anvil of the Gods":0,"Molten Egg 2":41,"Black Star":34,"PureWater":0,"StrikeDummy":47,"TungstenRod":46,"Toy Ornithopter":54},{"Vajra":21,"Mango":3,"Yang":25,"Hammer of Thor":0,"Ginger":4,"Old Coin":21,"Shovel":12,"Mummified Hand":11,"Toxic Egg 2":10,"Pear":16,"NeowsBlessing":0,"Happy Flower":19,"Damaru":22,"Seething Fire":0,"Letter Opener":5,"Question Card":19,"White Beast Statue":8,"SlaversCollar":9,"Anvil of the Gods":0,"Molten Egg 2":19,"Black Star":15,"PureWater":0,"StrikeDummy":22,"TungstenRod":21,"Toy Ornithopter":25},{"Vajra":74,"Mango":4,"Yang":96,"Hammer of Thor":0,"Ginger":7,"Old Coin":74,"Shovel":41,"Mummified Hand":37,"Toxic Egg 2":33,"Pear":58,"NeowsBlessing":0,"Happy Flower":67,"Damaru":79,"Seething Fire":0,"Letter Opener":10,"Question Card":67,"White Beast Statue":21,"SlaversCollar":29,"Anvil of the Gods":0,"Molten Egg 2":67,"Black Star":55,"PureWater":0,"StrikeDummy":79,"TungstenRod":74,"Toy Ornithopter":96}],"TungstenRod":60,"Toy Ornithopter":15},"card_choices":[{"not_picked":["ThirdEye","Evaluate"],"picked":"SandsOfTime","floor":1},{"not_picked":["EmptyBody","Prostrate","FearNoEvil"],"picked":"SKIP","floor":4},{"not_picked":["JustLucky","Sanctity"],"picked":"Brilliance","floor":7},{"not_picked":["FlyingSleeves","EmptyBody","Consecrate"],"picked":"SKIP","floor":8},{"not_picked":["Judgement","Swivel"],"picked":"CutThroughFate","floor":10},{"not_picked":["BowlingBash","Sanctity","FlyingSleeves"],"picked":"SKIP","floor":11},{"not_picked":["Consecrate","Prostrate"],"picked":"MarkedMod:Acupuncture","floor":12},{"not_picked":["WaveOfTheHand","SashWhip","Crescendo"],"picked":"SKIP","floor":13},{"not_picked":["Omniscience","Judgement"],"picked":"DeusExMachina","floor":16},{"not_picked":["MarkedMod:Acupuncture","Worship"],"picked":"CutThroughFate","floor":18},{"not_picked":["Tantrum+1","FlyingSleeves"],"picked":"MarkedMod:FirstStrike+1","floor":24},{"not_picked":["BowlingBash","Indignation+1"],"picked":"PathToVictory+1","floor":28},{"not_picked":["EmptyBody+1","Weave"],"picked":"Perseverance+1","floor":29},{"not_picked":["EmptyFist","MarkedMod:Acupuncture"],"picked":"Scrawl+1","floor":31},{"not_picked":["Vault+1","Judgement+1"],"picked":"MasterReality","floor":33},{"not_picked":["Meditate+1","CrushJoints"],"picked":"Evaluate+1","floor":35},{"not_picked":["MarkedMod:FirstStrike+1","FollowUp","Vengeance+1"],"picked":"SKIP","floor":37},{"not_picked":["Impatience+1","expansioncontent:Torchfire"],"picked":"expansioncontent:QuickStudy+1","floor":38},{"not_picked":["Enlightenment+1","Dramatic Entrance"],"picked":"expansioncontent:DashGenerateEvil","floor":38},{"not_picked":["Halt+1","Vengeance+1","Prostrate+1"],"picked":"SKIP","floor":39},{"not_picked":["SashWhip","Crescendo+1","Consecrate"],"picked":"SKIP","floor":40},{"not_picked":["MarkedMod:FirstStrike+1","FlyingSleeves+1","ClearTheMind+1","JustLucky+1"],"picked":"SKIP","floor":42},{"not_picked":["FollowUp+1","Halt+1","Meditate+1"],"picked":"Wireheading+1","floor":44},{"not_picked":["Omniscience+1","MentalFortress+1","Conclude+1"],"picked":"TalkToTheHand+1","floor":47},{"not_picked":["EmptyBody+1","MarkedMod:FirstStrike+1","MentalFortress"],"picked":"Evaluate+1","floor":48},{"not_picked":["ClearTheMind+1","CutThroughFate+1","Study+1"],"picked":"Prostrate+1","floor":54}],"player_experience":236922,"relics_obtained":[{"floor":7,"key":"Mango"},{"floor":9,"key":"Ginger"},{"floor":10,"key":"Letter Opener"},{"floor":13,"key":"White Beast Statue"},{"floor":26,"key":"Mummified Hand"},{"floor":28,"key":"Shovel"},{"floor":40,"key":"Question Card"},{"floor":40,"key":"Happy Flower"},{"floor":41,"key":"Molten Egg 2"},{"floor":44,"key":"Old Coin"},{"floor":47,"key":"StrikeDummy"},{"floor":47,"key":"Damaru"},{"floor":54,"key":"Toy Ornithopter"},{"floor":54,"key":"Yang"}],"event_choices":[{"damage_healed":0,"gold_gain":0,"player_choice":"Got Potions","damage_taken":0,"max_hp_gain":0,"max_hp_loss":0,"event_name":"Lab","floor":2,"gold_loss":0},{"cards_removed":["Strike_P"],"damage_healed":0,"gold_gain":0,"player_choice":"Card Removal","damage_taken":0,"max_hp_gain":0,"max_hp_loss":0,"event_name":"The Cleric","floor":14,"gold_loss":50},{"damage_healed":0,"gold_gain":0,"player_choice":"Upgraded","damage_taken":0,"max_hp_gain":0,"max_hp_loss":0,"event_name":"Upgrade Shrine","floor":19,"gold_loss":0,"cards_upgraded":["Prostrate"]},{"damage_healed":0,"gold_gain":200,"player_choice":"Gold","damage_taken":0,"max_hp_gain":0,"max_hp_loss":0,"event_name":"Wheel of Change","floor":20,"gold_loss":0},{"cards_removed":["Strike_P"],"damage_healed":0,"gold_gain":0,"player_choice":"Offered Basic","damage_taken":0,"max_hp_gain":0,"max_hp_loss":0,"event_name":"Bonfire Elementals","floor":21,"gold_loss":0},{"damage_healed":0,"gold_gain":0,"player_choice":"Gave Potion","damage_taken":0,"relics_obtained":["Pear"],"max_hp_gain":0,"max_hp_loss":0,"event_name":"WeMeetAgain","floor":36,"gold_loss":0},{"damage_healed":0,"gold_gain":3,"player_choice":"1","damage_taken":0,"max_hp_gain":0,"max_hp_loss":0,"event_name":"betterStone:BetterStone","floor":38,"gold_loss":0},{"damage_healed":0,"gold_gain":0,"player_choice":"Fight","damage_taken":0,"max_hp_gain":0,"max_hp_loss":0,"event_name":"MindBloom","floor":44,"gold_loss":0},{"damage_healed":0,"gold_gain":0,"player_choice":"Ignored","damage_taken":0,"max_hp_gain":0,"max_hp_loss":0,"event_name":"Tomb of Lord Red Mask","floor":45,"gold_loss":0}],"is_beta":false,"boss_relics":[{"not_picked":["Velvet Choker","Runic Dome"],"picked":"SlaversCollar"},{"not_picked":["Astrolabe","Sozu"],"picked":"Black Star"}],"items_purged_floors":[23,46],"is_endless":false,"potions_floor_spawned":[7,11,12,13,16,18,24,28,29,31,33,35,37,39,40,42,44,47,48,54],"ascension_level":6}}