{"host":"icrrc9b69c1a6188","time":1608165239,"event":{"mods":["BaseMod","Better Altar","Better Match","Better Note","Better Sensory Stone","Better Skull","Better Third Choice","Colored Map","Colored Powertips","Displayed Cursed Tome","Faster Ascension Climbing","HexUI Lib","Minty Spire (QoL Compilation)","Random Character Mod","Spicy Shops","StSLib","Unceasing Turn Reminder"],"gold_per_floor":[116,129,139,152,170,170,197,24,24,34,34,49,49,60,60,60,60],"floor_reached":16,"playtime":676,"items_purged":[],"score":212,"play_id":"690bb893-9b83-411f-a193-e0a616b41a94","local_time":"20201216183359","is_ascension_mode":true,"campfire_choices":[{"data":"Loop","floor":6,"key":"SMITH"},{"data":"Chill","floor":13,"key":"SMITH"},{"data":"Loop","floor":15,"key":"SMITH"}],"circlet_count":0,"master_deck":["AscendersBane","Strike_B","Strike_B","Strike_B","Strike_B","Defend_B","Defend_B","Defend_B","Defend_B","Zap","Dualcast","CurseOfTheBell","Cold Snap","Ball Lightning","BootSequence","Loop+1","Loop+1","Chill+1","Fission"],"relics":["Calling Bell","Boot","Singing Bowl","Emotion Chip","Blue Candle","Lantern","Meat on the Bone"],"acts_visited":["Exordium"],"potions_floor_usage":[7,7,16],"damage_taken":[{"damage":2,"enemies":"Cultist","floor":1,"turns":4},{"damage":7,"enemies":"2 Louse","floor":2,"turns":4},{"damage":0,"enemies":"Jaw Worm","floor":3,"turns":4},{"damage":5,"enemies":"3 Louse","floor":4,"turns":4},{"damage":5,"enemies":"Exordium Wildlife","floor":5,"turns":4},{"damage":31,"enemies":"3 Sentries","floor":7,"turns":7},{"damage":15,"enemies":"2 Fungi Beasts","floor":10,"turns":4},{"damage":8,"enemies":"Blue Slaver","floor":12,"turns":5},{"damage":0,"enemies":"3 Louse","floor":14,"turns":4},{"damage":39,"enemies":"Slime Boss","floor":16,"turns":3}],"seed_played":"-8830133631025703708","potions_obtained":[{"floor":2,"key":"Block Potion"},{"floor":5,"key":"LiquidBronze"},{"floor":10,"key":"DuplicationPotion"},{"floor":14,"key":"LiquidBronze"}],"is_trial":false,"path_per_floor":["M","M","M","M","M","R","E","$","T","M","$","M","R","M","R","B"],"character_chosen":"DEFECT","items_purchased":["Lantern"],"campfire_rested":0,"item_purchase_floors":[8],"current_hp_per_floor":[62,55,55,50,45,45,16,16,16,13,13,19,19,31,31,0,0],"gold":60,"neow_bonus":"BOSS_RELIC","is_daily":false,"chose_seed":false,"campfire_upgraded":3,"win_rate":0.0,"timestamp":1608165239,"path_taken":["M","?","M","M","M","R","E","$","T","M","$","M","R","M","R","BOSS"],"items_purchased_type":["Relic"],"build_version":"2020-12-13","purchased_purges":0,"victory":false,"max_hp_per_floor":[71,71,71,71,71,71,73,73,73,73,73,75,75,75,75,75,75],"card_choices":[{"not_picked":["Stack","Leap"],"picked":"Cold Snap","floor":1},{"not_picked":["Amplify","Undo"],"picked":"Ball Lightning","floor":2},{"not_picked":["Sweeping Beam","Streamline"],"picked":"BootSequence","floor":3},{"not_picked":["Redo","Go for the Eyes"],"picked":"Loop","floor":4},{"not_picked":["Beam Cell","Recycle"],"picked":"Loop","floor":5},{"not_picked":["Ball Lightning","Streamline","Beam Cell"],"picked":"Singing Bowl","floor":7},{"not_picked":["Go for the Eyes","Sweeping Beam"],"picked":"Chill","floor":10},{"not_picked":["Stack","Tempest","Gash"],"picked":"Singing Bowl","floor":12},{"not_picked":["Hologram","Beam Cell"],"picked":"Fission","floor":14}],"player_experience":663101,"relics_obtained":[{"floor":0,"key":"Boot"},{"floor":0,"key":"Singing Bowl"},{"floor":0,"key":"Emotion Chip"},{"floor":7,"key":"Blue Candle"},{"floor":9,"key":"Meat on the Bone"}],"event_choices":[],"is_beta":false,"boss_relics":[],"items_purged_floors":[],"is_endless":false,"potions_floor_spawned":[2,5,10,14],"killed_by":"Slime Boss","ascension_level":20}}