{"host":"f0gpob8hq9vgebej","time":1608187831,"event":{"mods":["AchievementEnabler","BaseMod","Googly Eyes","Minty Spire (QoL Compilation)","Quick Restart","SuperFastMode"],"gold_per_floor":[112,127,141,157,175,175,175,195,195,214,44,71,71,90,90,90,90],"floor_reached":16,"playtime":300,"items_purged":["Defend_G"],"score":164,"play_id":"1a0a7e57-d0d4-4d48-9ff0-5d271210b9e1","local_time":"20201217155031","is_ascension_mode":true,"campfire_choices":[{"data":"Tactician","floor":6,"key":"SMITH"},{"floor":15,"key":"REST"}],"circlet_count":0,"master_deck":["AscendersBane","Strike_G","Strike_G","Strike_G","Strike_G","Defend_G","Defend_G","Defend_G","Defend_G","Survivor","Neutralize","Dagger Spray","Reflex","Accuracy","Glass Knife","Tactician+1","Masterful Stab","Poisoned Stab","Finesse"],"relics":["Ring of the Snake","Dream Catcher","Frozen Egg 2","Bag of Preparation","Matryoshka"],"acts_visited":["Exordium"],"potions_floor_usage":[8],"damage_taken":[{"damage":3,"enemies":"Small Slimes","floor":1,"turns":4},{"damage":0,"enemies":"Cultist","floor":2,"turns":4},{"damage":1,"enemies":"2 Louse","floor":3,"turns":3},{"damage":1,"enemies":"2 Fungi Beasts","floor":4,"turns":4},{"damage":7,"enemies":"3 Louse","floor":5,"turns":3},{"damage":6,"enemies":"Lots of Slimes","floor":8,"turns":4},{"damage":0,"enemies":"2 Fungi Beasts","floor":10,"turns":4},{"damage":30,"enemies":"3 Sentries","floor":12,"turns":9},{"damage":1,"enemies":"3 Louse","floor":14,"turns":3},{"damage":0,"enemies":"The Guardian","floor":16,"turns":1}],"seed_played":"-2307498692341672118","potions_obtained":[{"floor":3,"key":"Ancient Potion"},{"floor":4,"key":"Energy Potion"},{"floor":12,"key":"Strength Potion"}],"is_trial":false,"path_per_floor":["M","M","M","M","M","R","?","M","T","M","$","E","?","M","R","B"],"character_chosen":"THE_SILENT","items_purchased":["Finesse"],"campfire_rested":1,"item_purchase_floors":[11],"current_hp_per_floor":[60,60,59,58,51,51,44,38,38,38,38,8,8,7,28,28,28],"gold":90,"neow_bonus":"RANDOM_COMMON_RELIC","is_daily":false,"chose_seed":false,"campfire_upgraded":1,"win_rate":0.0,"timestamp":1608187831,"path_taken":["M","M","M","M","M","R","?","M","T","M","$","E","?","M","R","BOSS"],"items_purchased_type":["Card"],"build_version":"2020-12-13","purchased_purges":1,"victory":false,"max_hp_per_floor":[70,70,70,70,70,70,70,70,70,70,70,70,70,70,70,70,70],"card_choices":[{"not_picked":["PiercingWail","Bane"],"picked":"Dagger Spray","floor":1},{"not_picked":["Choke","Sucker Punch"],"picked":"Reflex","floor":2},{"not_picked":["Deflect","Slice"],"picked":"Accuracy","floor":3},{"not_picked":["Bane","All Out Attack"],"picked":"Glass Knife","floor":4},{"not_picked":["Deadly Poison","Poisoned Stab"],"picked":"Tactician","floor":5},{"not_picked":["Flying Knee","Underhanded Strike"],"picked":"Masterful Stab","floor":8},{"not_picked":["Finisher","Underhanded Strike"],"picked":"Poisoned Stab","floor":10},{"not_picked":["Quick Slash","Tools of the Trade+1","Riddle With Holes"],"picked":"SKIP","floor":12},{"not_picked":["Bane","Caltrops+1","Outmaneuver"],"picked":"SKIP","floor":14}],"player_experience":170577,"relics_obtained":[{"floor":9,"key":"Frozen Egg 2"},{"floor":12,"key":"Bag of Preparation"}],"event_choices":[{"cards_removed":["Strike_G"],"damage_healed":0,"gold_gain":0,"player_choice":"Card Removal","damage_taken":7,"max_hp_gain":0,"max_hp_loss":0,"event_name":"Golden Wing","floor":7,"gold_loss":0},{"damage_healed":0,"gold_gain":0,"player_choice":"Gave Potion","damage_taken":0,"relics_obtained":["Matryoshka"],"max_hp_gain":0,"max_hp_loss":0,"event_name":"WeMeetAgain","floor":13,"gold_loss":0}],"is_beta":false,"boss_relics":[],"items_purged_floors":[11],"is_endless":false,"potions_floor_spawned":[3,4,12],"killed_by":"The Guardian","ascension_level":11}}