{"host":"6vv0uythevi5qk1w","time":1608168503,"event":{"mods":["Act Like it!","BaseMod","Downfall","Gensokyo","Minty Spire (QoL Compilation)","Remilia£®¿Ÿ√◊¿Ú—«£©","Replay The Spire","StSLib"],"gold_per_floor":[99,274,199,233,233,233,233,233,267,117,117,117,117,117,130,233,233,233,261,64,98,124,173,242,302,325,407,433,466,500,500,521,631,631,631,657,657,702,702,702,702,727,727,772,1148,1448,1414,1470,1501,1511,1511,1558,1046,1046,1054],"floor_reached":56,"playtime":5978,"items_purged":["Doubt","Defend_RM+1","Defend_RM+1"],"score":1671,"play_id":"8d906aa7-e8d3-4261-942b-de1465e22cbb","local_time":"20201217092823","is_ascension_mode":true,"campfire_choices":[{"floor":1.0,"key":"RECALL"},{"data":"RedMoon","floor":3.0,"key":"SMITH"},{"data":"EquivalentExchange","floor":6.0,"key":"SMITH"},{"data":"NightDance","floor":10.0,"key":"SMITH"},{"data":"ScarletCoffin","floor":18.0,"key":"SMITH"},{"floor":35.0,"key":"DIG"},{"data":"Strike_RM","floor":37.0,"key":"PURGE"},{"data":"Strike_RM","floor":39.0,"key":"PURGE"},{"data":"ScarletShoot","floor":43.0,"key":"PURGE"},{"data":"HeartBreak","floor":54,"key":"SMITH"}],"circlet_count":0,"master_deck":["Strike_RM+1","Strike_RM+1","Defend_RM+1","Defend_RM+1","RedMoon+1","EquivalentExchange+1","NightDance+1","UnstableMagic+1","ScarletCoffin+1","ScarletDevil+1","CeilingFear+1","Stigmanizer+1","BloodAndWine+1","BloodRain+1","ScarletCoffin+1","QueenOfMidnight+1","MillenniumVampire+1","FitfulNightmare+1","BatForm+1","UnderTheZenith+1","MastersStateliness+1","BlasphemousPunishment+1","Chrysalis+1","ForbiddenFruit+1","HeartBreak+1","Thinking Ahead+1"],"relics":["ScarletHat","downfall:HeartsMalice","downfall:HeartBlessingRed","White Beast Statue","Ornamental Fan","downfall:HeartBlessingGreen","downfall:HeartBlessingBlue","Toxic Egg 2","SlaversCollar","Strawberry","Membership Card","Replay:Bandana","Toy Ornithopter","ReplayTheSpireMod:Lightbulb","Replay:WaspNest","Peace Pipe","Replay:Wax Seal","Omamori","PreservedInsect","War Paint","Chameleon Ring","Juzu Bracelet","Calling Bell","Boot","Lizard Tail","Replay:Bottled Eggs","Potion Belt","Gremlin Food","Pear","ReplayTheSpireMod:Shallot","Replay:Mystery Machine","Replay:Kaleidoscope","ReplayTheSpireMod:Ninjato","Old Coin","Whetstone","Nunchaku","Gungnir","Centennial Puzzle","Ice Cream","Replay:Bottled Flurry","AntiCross","Art of War","Replay:Accelerometer"],"acts_visited":["Exordium","TheCity","TheBeyond","TheEnding"],"potions_floor_usage":[45,45,47,52,55,55,55,55,55,55,55],"damage_taken":[{"damage":0.0,"enemies":"3 Sentries","floor":4.0,"turns":1.0},{"damage":0.0,"enemies":"Small Slimes","floor":5.0,"turns":1.0},{"damage":0.0,"enemies":"2 Louse","floor":8.0,"turns":1.0},{"damage":39.0,"enemies":"Gremlin Nob","floor":9.0,"turns":8.0},{"damage":0.0,"enemies":"Cultist","floor":14.0,"turns":1.0},{"damage":3.0,"enemies":"Blue Slaver","floor":15.0,"turns":3.0},{"damage":44.0,"enemies":"downfall:Defect","floor":16.0,"turns":10.0},{"damage":19.0,"enemies":"Book of Stabbing","floor":19.0,"turns":10.0},{"damage":0.0,"enemies":"downfall:FleeingMerchant","floor":20.0,"turns":4.0},{"damage":37.0,"enemies":"Gremlin Leader","floor":21.0,"turns":11.0},{"damage":0.0,"enemies":"3 Byrds","floor":22.0,"turns":5.0},{"damage":26.0,"enemies":"Slavers","floor":23.0,"turns":7.0},{"damage":0.0,"enemies":"Book of Stabbing","floor":25.0,"turns":2.0},{"damage":12.0,"enemies":"Chosen","floor":26.0,"turns":6.0},{"damage":2.0,"enemies":"Gremlin Leader","floor":27.0,"turns":3.0},{"damage":9.0,"enemies":"Shelled Parasite and Fungi","floor":28.0,"turns":8.0},{"damage":3.0,"enemies":"Centurion and Healer","floor":29.0,"turns":4.0},{"damage":12.0,"enemies":"Sentry and Sphere","floor":30.0,"turns":8.0},{"damage":0.0,"enemies":"Snecko","floor":32.0,"turns":8.0},{"damage":12.0,"enemies":"downfall:Silent","floor":33.0,"turns":6.0},{"damage":25.0,"enemies":"3 Darklings","floor":36.0,"turns":3.0},{"damage":1.0,"enemies":"R_Hoarder","floor":38.0,"turns":5.0},{"damage":4.0,"enemies":"Orb Walker","floor":42.0,"turns":4.0},{"damage":0.0,"enemies":"Giant Head","floor":44.0,"turns":6.0},{"damage":25,"enemies":"2 Orb Walkers","floor":45,"turns":8},{"damage":10,"enemies":"downfall:FleeingMerchant","floor":47,"turns":4},{"damage":0,"enemies":"Mind Bloom Boss Battle","floor":48,"turns":3},{"damage":10,"enemies":"3 Darklings","floor":49,"turns":3},{"damage":15,"enemies":"downfall:Ironclad","floor":50,"turns":6},{"damage":40,"enemies":"downfall:CharBossMerchant","floor":52,"turns":6},{"damage":144,"enemies":"downfall:NeowBoss","floor":55,"turns":13}],"seed_played":"5987289173831108695","potions_obtained":[{"floor":4.0,"key":"Energy Potion"},{"floor":5.0,"key":"Energy Potion"},{"floor":8.0,"key":"DestinyDice"},{"floor":9.0,"key":"Adrenaline Potion"},{"floor":19.0,"key":"Dexterity Potion"},{"floor":19.0,"key":"EssenceOfSteel"},{"floor":20.0,"key":"EntropicBrew"},{"floor":21.0,"key":"Energy Potion"},{"floor":23.0,"key":"Block Potion"},{"floor":23.0,"key":"DistilledChaos"},{"floor":25.0,"key":"PowerPotion"},{"floor":27.0,"key":"Fire Potion"},{"floor":30.0,"key":"BlessingOfTheForge"},{"floor":33.0,"key":"SkillPotion"},{"floor":36.0,"key":"champ:CounterPotion"},{"floor":38.0,"key":"Fire Potion"},{"floor":42.0,"key":"Elixir"},{"floor":44.0,"key":"Fruit Juice"},{"floor":45,"key":"Explosive Potion"},{"floor":47,"key":"Ancient Potion"},{"floor":47,"key":"EssenceOfSteel"},{"floor":48,"key":"Fire Potion"},{"floor":52,"key":"SteroidPotion"}],"is_trial":false,"path_per_floor":["R","?","R","E","M","R","T","M","E","R","?","?","T","M","M","B",null,"R","E","$","E","M","E","T","E","M","E","M","M","M","?","M","B",null,"R","M","R","E","R","?","T","M","R","E","?","?","$","?","M","B",null,"E","$","R","B",null],"character_chosen":"REMILIA","items_purchased":["Membership Card","Gungnir","Centennial Puzzle","Chrysalis+1","Art of War","HeartBreak","Replay:Accelerometer","Thinking Ahead+1","DuplicationPotion","DuplicationPotion"],"campfire_rested":0,"item_purchase_floors":[20,47,47,47,53,53,53,53,53,53],"current_hp_per_floor":[75,75,75,75,75,75,75,75,36,46,51,51,51,51,49,19,90,90,84,84,58,61,43,43,55,46,52,46,46,43,43,46,47,97,97,97,97,107,107,107,107,104,104,107,104,104,114,114,114,114,114,114,114,114,114],"gold":1054,"neow_bonus":"THREE_ENEMY_KILL","is_daily":false,"chose_seed":false,"campfire_upgraded":5,"win_rate":0.0,"timestamp":1608168503,"path_taken":["R","?","R","E","M","R","T","M","E","R","?","?","?","M","M","BOSS","R","E","$","E","?","E","T","E","M","E","M","M","M","?","M","BOSS","R","M","R","E","R","?","T","M","R","E","?","?","$","?","M","BOSS","E","$","R","BOSS"],"items_purchased_type":["Relic","Relic","Relic","Card","Relic","Card","Relic","Card","Potion","Potion"],"build_version":"2020-12-13","purchased_purges":3,"victory":true,"max_hp_per_floor":[75,75,75,75,75,75,75,75,75,85,90,90,90,90,90,90,90,90,97,97,97,97,97,97,97,97,97,97,97,97,97,97,97,97,97,97,97,107,107,107,107,107,107,107,114,114,114,114,114,114,114,114,114,114,114],"card_choices":[{"not_picked":["StarOfDavid","VampireClaw"],"picked":"EquivalentExchange","floor":4.0},{"not_picked":["ChainGang","MiserableFate","VampireSweep"],"picked":"SKIP","floor":5.0},{"not_picked":["BloodyMagicSquare","ScarletImprint","ScarletDevilSign"],"picked":"SKIP","floor":8.0},{"not_picked":["BlasphemousPunishment","CharismaGuard"],"picked":"NightDance","floor":9.0},{"not_picked":["DiffusionOfMisfortune","MastersStateliness"],"picked":"UnstableMagic+1","floor":14.0},{"not_picked":["BlasphemousPunishment+1","BloodyMagicSquare+1","RedNightlessCastle"],"picked":"SKIP","floor":15.0},{"not_picked":["BloodyCatastrophe+1","ScarletMeister"],"picked":"ScarletCoffin","floor":16.0},{"not_picked":["UnderTheZenith+1","ScarletImprint"],"picked":"ScarletDevil+1","floor":19.0},{"not_picked":["MastersStateliness+1","AfternoonTea+1"],"picked":"CeilingFear+1","floor":20.0},{"not_picked":["VampireKiss","VampireFantasy+1"],"picked":"Stigmanizer+1","floor":21.0},{"not_picked":["CharismaGuard","Ultimatum"],"picked":"BloodAndWine+1","floor":22.0},{"not_picked":["DevilSight+1","DemonKingCradle"],"picked":"BloodRain+1","floor":23.0},{"not_picked":["BloodHunter+1","RedRainbow+1"],"picked":"ScarletCoffin","floor":25.0},{"not_picked":["DiffusionOfMisfortune","ScarletDream+1","BombardNight"],"picked":"SKIP","floor":26.0},{"not_picked":["BadLadyScramble+1","VampirishNight+1"],"picked":"QueenOfMidnight","floor":27.0},{"not_picked":["VampirishNight+1","StarOfDavid+1","NightLord+1"],"picked":"SKIP","floor":28.0},{"not_picked":["Septette+1","DevilSight+1"],"picked":"MillenniumVampire+1","floor":29.0},{"not_picked":["Septette+1","BloodHunter+1"],"picked":"FitfulNightmare","floor":30.0},{"not_picked":["ScarletNetherworld","VampireKiss","ScarletImprint"],"picked":"SKIP","floor":32.0},{"not_picked":["BloodyHallows+1","KillingBlow"],"picked":"BatForm","floor":33.0},{"not_picked":["HunterOfTheNight","VampireClaw+1","ScarletDream+1"],"picked":"SKIP","floor":36.0},{"not_picked":["TwelveNightmare+1","StarOfDavid"],"picked":"UnderTheZenith+1","floor":38.0},{"not_picked":["NightDance+1","DevilSight+1","FavorOfDestiny+1"],"picked":"SKIP","floor":42.0},{"not_picked":["VampireKiss+1","BloodAndWine+1"],"picked":"MastersStateliness+1","floor":44.0},{"not_picked":["ScarletGensokyo+1","Septette+1"],"picked":"BlasphemousPunishment+1","floor":47},{"not_picked":["BlasphemousPunishment+1","CharismaGuard+1","MiserableFate+1"],"picked":"SKIP","floor":49},{"not_picked":["BombardNight+1","RedRainbow+1"],"picked":"ForbiddenFruit+1","floor":52}],"player_experience":371910,"relics_obtained":[{"floor":4.0,"key":"White Beast Statue"},{"floor":9.0,"key":"Ornamental Fan"},{"floor":13.0,"key":"Toxic Egg 2"},{"floor":19.0,"key":"Strawberry"},{"floor":21.0,"key":"Replay:Bandana"},{"floor":22.0,"key":"Toy Ornithopter"},{"floor":23.0,"key":"ReplayTheSpireMod:Lightbulb"},{"floor":24.0,"key":"Replay:WaspNest"},{"floor":25.0,"key":"Peace Pipe"},{"floor":27.0,"key":"Replay:Wax Seal"},{"floor":27.0,"key":"Omamori"},{"floor":29.0,"key":"PreservedInsect"},{"floor":30.0,"key":"War Paint"},{"floor":32.0,"key":"Juzu Bracelet"},{"floor":34.0,"key":"Boot"},{"floor":34.0,"key":"Lizard Tail"},{"floor":34.0,"key":"Replay:Bottled Eggs"},{"floor":35.0,"key":"Potion Belt"},{"floor":36.0,"key":"Gremlin Food"},{"floor":38.0,"key":"Pear"},{"floor":41.0,"key":"ReplayTheSpireMod:Shallot"},{"floor":42.0,"key":"Replay:Mystery Machine"},{"floor":44.0,"key":"Replay:Kaleidoscope"},{"floor":44.0,"key":"ReplayTheSpireMod:Ninjato"},{"floor":45,"key":"Old Coin"},{"floor":45,"key":"Whetstone"},{"floor":47,"key":"Nunchaku"},{"floor":48,"key":"Ice Cream"},{"floor":52,"key":"Replay:Bottled Flurry"},{"floor":52,"key":"AntiCross"}],"event_choices":[{"damage_healed":0.0,"max_hp_gain":5.0,"max_hp_loss":0.0,"gold_gain":0.0,"event_name":"Big Fish","player_choice":"Donut","floor":11.0,"gold_loss":0.0,"damage_taken":0.0},{"damage_healed":0,"gold_gain":0,"player_choice":"Fight","damage_taken":0,"max_hp_gain":0,"max_hp_loss":0,"event_name":"Mysterious Sphere","floor":45,"gold_loss":0},{"damage_healed":0,"gold_gain":300,"player_choice":"Gold","damage_taken":0,"max_hp_gain":0,"max_hp_loss":0,"event_name":"Wheel of Change","floor":46,"gold_loss":0}],"is_beta":false,"boss_relics":[{"not_picked":["Runic Pyramid","Astrolabe"],"picked":"SlaversCollar"},{"not_picked":["expansioncontent:StudyCardRelic","Velvet Choker"],"picked":"Calling Bell"}],"items_purged_floors":[20,47,53],"is_endless":false,"potions_floor_spawned":[4,5,8,9,14,15,16,19,20,21,22,23,25,26,28,29,30,32,33,36,38,42,44,45,47,48,49,52],"ascension_level":2}}