{"host":"dlyy4wv9zatha4f7","time":1608226789,"event":{"mods":["BaseMod","Better Third Choice","Colored Map","GifTheSpireLib","Minty Spire (QoL Compilation)","Spicy Shops","StSLib","SuperFastMode","Unceasing Turn Reminder"],"gold_per_floor":[112,122,72,89,164,175,26,46,46,46,75,75,104,104,104,104,104],"floor_reached":16,"playtime":623,"items_purged":["Strike_G"],"score":160,"play_id":"434ed264-4937-4896-9ced-97c0786d89b1","local_time":"20201217193949","is_ascension_mode":true,"campfire_choices":[{"data":"Dagger Spray","floor":10,"key":"SMITH"},{"data":"Crippling Poison","floor":12,"key":"SMITH"},{"data":"Wraith Form v2","floor":15,"key":"SMITH"}],"circlet_count":0,"master_deck":["Strike_G","Strike_G","Strike_G","Defend_G","Defend_G","Defend_G","Defend_G","Defend_G","Survivor","Neutralize","Dagger Spray+1","Crippling Poison+1","Flying Knee","Deadly Poison","Predator","Backstab","Backstab","Backflip","Wraith Form v2+1"],"relics":["Ring of the Snake","Bag of Preparation","Akabeko","White Beast Statue","Golden Idol"],"acts_visited":["Exordium"],"potions_floor_usage":[11,13,16],"damage_taken":[{"damage":3,"enemies":"Jaw Worm","floor":1,"turns":4},{"damage":3,"enemies":"2 Louse","floor":2,"turns":3},{"damage":0,"enemies":"Small Slimes","floor":4,"turns":3},{"damage":0,"enemies":"2 Fungi Beasts","floor":6,"turns":4},{"damage":4,"enemies":"3 Louse","floor":8,"turns":3},{"damage":9,"enemies":"3 Sentries","floor":11,"turns":8},{"damage":15,"enemies":"Lagavulin","floor":13,"turns":5},{"damage":21,"enemies":"Slime Boss","floor":16,"turns":6}],"seed_played":"-8896427867739200992","potions_obtained":[{"floor":1,"key":"Fire Potion"},{"floor":6,"key":"ColorlessPotion"},{"floor":8,"key":"Swift Potion"}],"is_trial":false,"path_per_floor":["M","M","?","M","?","M","$","M","T","R","E","R","E","?","R","B"],"character_chosen":"THE_SILENT","items_purchased":["Backstab"],"campfire_rested":0,"item_purchase_floors":[7],"current_hp_per_floor":[60,57,57,57,46,46,46,42,42,42,33,33,18,18,18,0,0],"gold":104,"neow_bonus":"THREE_CARDS","is_daily":false,"chose_seed":false,"campfire_upgraded":3,"win_rate":0.0,"timestamp":1608226789,"path_taken":["M","M","?","M","?","M","$","?","T","R","E","R","E","?","R","BOSS"],"items_purchased_type":["Card"],"build_version":"2020-12-13","purchased_purges":1,"victory":false,"max_hp_per_floor":[70,70,70,70,70,70,70,70,70,70,70,70,70,65,65,65,65],"card_choices":[{"not_picked":["Outmaneuver","Riddle With Holes"],"picked":"Dagger Spray","floor":0},{"not_picked":["Leg Sweep","Sucker Punch"],"picked":"Crippling Poison","floor":1},{"not_picked":["Riddle With Holes","Backflip"],"picked":"Flying Knee","floor":2},{"not_picked":["Deflect","Setup"],"picked":"Deadly Poison","floor":4},{"not_picked":["Flying Knee","Deadly Poison"],"picked":"Predator","floor":6},{"not_picked":["Prepared","Crippling Poison"],"picked":"Backstab","floor":8},{"not_picked":["Expertise","Choke"],"picked":"Backflip","floor":11},{"not_picked":["All Out Attack","Choke"],"picked":"Wraith Form v2","floor":13}],"player_experience":2210139,"relics_obtained":[{"floor":9,"key":"Bag of Preparation"},{"floor":11,"key":"Akabeko"},{"floor":13,"key":"White Beast Statue"}],"event_choices":[{"cards_removed":["Strike_G"],"damage_healed":0,"gold_gain":0,"player_choice":"Card Removal","damage_taken":0,"max_hp_gain":0,"max_hp_loss":0,"event_name":"The Cleric","floor":3,"gold_loss":50},{"damage_healed":0,"gold_gain":75,"player_choice":"Gold","damage_taken":11,"max_hp_gain":0,"max_hp_loss":0,"event_name":"betterThird:BetterGoop","floor":5,"gold_loss":0},{"damage_healed":0,"gold_gain":0,"player_choice":"Lose Max HP","damage_taken":0,"relics_obtained":["Golden Idol"],"max_hp_gain":0,"max_hp_loss":5,"event_name":"Golden Idol","floor":14,"gold_loss":0}],"is_beta":false,"boss_relics":[],"items_purged_floors":[7],"is_endless":false,"potions_floor_spawned":[1,6,8],"killed_by":"Slime Boss","ascension_level":9}}