{"host":"18uyx1ev7cnsl5lv","time":1608168641,"event":{"mods":["AchievementEnabler","BaseMod","Colored Map","Minty Spire (QoL Compilation)","Rare Cards Sparkle","StSLib","slay the spire mod where everything is the same but ironclad has a cowboy hat"],"gold_per_floor":[115,134,187,32,32,75,75,115,115,153,153,174,192,215,215,343,343,362,385,124,137,137,137,153,167,193,116,135,135,150,150,150],"floor_reached":31,"playtime":3240,"items_purged":[],"score":327,"play_id":"a558cc78-7e90-4a1e-999e-0ed1181c8962","local_time":"20201216203041","is_ascension_mode":true,"campfire_choices":[{"data":"All Out Attack","floor":7,"key":"SMITH"},{"data":"Backstab","floor":11,"key":"SMITH"},{"data":"Glass Knife","floor":15,"key":"SMITH"},{"data":"Dagger Spray","floor":23,"key":"SMITH"}],"circlet_count":0,"master_deck":["Strike_G","Strike_G","Strike_G","Strike_G","Strike_G","Defend_G","Defend_G","Defend_G","Defend_G","Defend_G","Survivor+1","Neutralize","Backstab+1","All Out Attack+1","Injury","Flying Knee","Sucker Punch","Backflip","Glass Knife+1","Dagger Throw","Footwork+1","Glass Knife","Deflect+1","Noxious Fumes+1","Dagger Spray+1","Footwork+1","Infinite Blades+1","RitualDagger","Sucker Punch+1","Dagger Spray+1","Deflect+1","Terror"],"relics":["Ring of the Snake","PreservedInsect","Golden Idol","Frozen Egg 2","Tingsha","Question Card","SlaversCollar","Pen Nib","Juzu Bracelet","Vajra","Nloth\u0027s Gift"],"acts_visited":["Exordium","TheCity"],"potions_floor_usage":[10,24,25,25,25,30],"damage_taken":[{"damage":0,"enemies":"2 Louse","floor":1,"turns":4},{"damage":0,"enemies":"Jaw Worm","floor":2,"turns":2},{"damage":20,"enemies":"3 Sentries","floor":6,"turns":5},{"damage":0,"enemies":"Gremlin Nob","floor":8,"turns":3},{"damage":5,"enemies":"3 Sentries","floor":10,"turns":5},{"damage":0,"enemies":"Small Slimes","floor":12,"turns":2},{"damage":0,"enemies":"Looter","floor":13,"turns":1},{"damage":0,"enemies":"Lots of Slimes","floor":14,"turns":1},{"damage":4,"enemies":"Slime Boss","floor":16,"turns":6},{"damage":6,"enemies":"Shell Parasite","floor":18,"turns":6},{"damage":0,"enemies":"Chosen","floor":19,"turns":4},{"damage":5,"enemies":"Sentry and Sphere","floor":21,"turns":6},{"damage":28,"enemies":"Snake Plant","floor":24,"turns":4},{"damage":11,"enemies":"Centurion and Healer","floor":25,"turns":6},{"damage":0,"enemies":"3 Cultists","floor":28,"turns":2},{"damage":13,"enemies":"Snecko","floor":30,"turns":3},{"damage":6,"enemies":"Shelled Parasite and Fungi","floor":31,"turns":1}],"seed_played":"42198449139161099","potions_obtained":[{"floor":6,"key":"EssenceOfSteel"},{"floor":8,"key":"Poison Potion"},{"floor":10,"key":"ColorlessPotion"},{"floor":12,"key":"EssenceOfSteel"},{"floor":24,"key":"Weak Potion"},{"floor":25,"key":"Regen Potion"}],"is_trial":false,"path_per_floor":["M","M","?","$","?","E","R","E","T","E","R","M","M","M","R","B",null,"M","M","$","M","?","R","M","M","T","?","M","?","M","M"],"character_chosen":"THE_SILENT","items_purchased":["PreservedInsect","Pen Nib","Dagger Spray","Footwork+1"],"campfire_rested":0,"item_purchase_floors":[4,20,20,20],"current_hp_per_floor":[70,70,70,70,70,50,50,50,50,45,45,45,45,45,45,41,70,64,64,64,59,53,53,25,14,14,14,14,14,6,0,0],"gold":150,"neow_bonus":"UPGRADE_CARD","is_daily":false,"chose_seed":false,"campfire_upgraded":4,"win_rate":0.0,"timestamp":1608168641,"path_taken":["M","M","?","$","?","E","R","E","T","E","R","M","M","M","R","BOSS","M","M","$","M","?","R","M","M","T","?","M","?","M","M"],"items_purchased_type":["Relic","Relic","Card","Card"],"build_version":"2020-12-13","purchased_purges":0,"victory":false,"max_hp_per_floor":[70,70,70,70,70,70,70,70,70,70,70,70,70,70,70,70,70,70,70,70,70,70,70,70,70,70,70,70,70,70,70,70],"card_choices":[{"not_picked":["Sucker Punch","Cloak And Dagger"],"picked":"Backstab","floor":1},{"not_picked":["Acrobatics","Eviscerate"],"picked":"All Out Attack","floor":2},{"not_picked":["Terror","Outmaneuver"],"picked":"Flying Knee","floor":6},{"not_picked":["PiercingWail","Bane"],"picked":"Sucker Punch","floor":8},{"not_picked":["Cloak And Dagger","Prepared","Slice"],"picked":"Backflip","floor":10},{"not_picked":["Slice","Underhanded Strike","Poisoned Stab"],"picked":"Glass Knife","floor":12},{"not_picked":["Sucker Punch","PiercingWail","Deflect"],"picked":"Dagger Throw","floor":13},{"not_picked":["Deadly Poison","PiercingWail","Dodge and Roll"],"picked":"Footwork+1","floor":14},{"not_picked":["Die Die Die","Burst","A Thousand Cuts+1"],"picked":"Glass Knife","floor":16},{"not_picked":["Predator+1","Blade Dance","Finisher"],"picked":"Deflect+1","floor":18},{"not_picked":["Expertise","Flying Knee+1","Slice"],"picked":"Noxious Fumes+1","floor":19},{"not_picked":["Calculated Gamble+1","Backflip","Predator+1"],"picked":"Infinite Blades+1","floor":21},{"not_picked":["Blade Dance+1","Dagger Spray","PiercingWail"],"picked":"Sucker Punch+1","floor":24},{"not_picked":["Backflip","Deadly Poison+1","Choke"],"picked":"Dagger Spray+1","floor":25},{"not_picked":["Prepared","Blade Dance+1","Die Die Die"],"picked":"Deflect+1","floor":28},{"not_picked":["PiercingWail","Die Die Die","Deflect"],"picked":"Terror","floor":30}],"player_experience":405003,"relics_obtained":[{"floor":6,"key":"Frozen Egg 2"},{"floor":8,"key":"Tingsha"},{"floor":9,"key":"Question Card"},{"floor":10,"key":"Pocketwatch"},{"floor":26,"key":"Juzu Bracelet"}],"event_choices":[{"damage_healed":0,"gold_gain":53,"player_choice":"Gained Gold","damage_taken":0,"max_hp_gain":0,"max_hp_loss":0,"event_name":"Golden Wing","floor":3,"gold_loss":0},{"damage_healed":0,"gold_gain":0,"player_choice":"Take Wound","damage_taken":0,"relics_obtained":["Golden Idol"],"max_hp_gain":0,"max_hp_loss":0,"event_name":"Golden Idol","floor":5,"gold_loss":0,"cards_obtained":["Injury"]},{"damage_healed":0,"gold_gain":0,"player_choice":"Joined the Cult","damage_taken":6,"max_hp_gain":0,"max_hp_loss":0,"event_name":"Nest","floor":22,"gold_loss":0,"cards_obtained":["RitualDagger"]},{"damage_healed":0,"gold_gain":0,"player_choice":"Paid Gold","damage_taken":0,"relics_obtained":["Vajra"],"max_hp_gain":0,"max_hp_loss":0,"event_name":"WeMeetAgain","floor":27,"gold_loss":77},{"damage_healed":0,"gold_gain":0,"player_choice":"Traded Relic","damage_taken":0,"relics_obtained":["Nloth\u0027s Gift"],"max_hp_gain":0,"max_hp_loss":0,"event_name":"N\u0027loth","floor":29,"relics_lost":["Pocketwatch"],"gold_loss":0}],"is_beta":false,"boss_relics":[{"not_picked":["Calling Bell","Runic Dome"],"picked":"SlaversCollar"}],"items_purged_floors":[],"is_endless":false,"potions_floor_spawned":[6,8,10,12,18,24,25],"killed_by":"Shelled Parasite and Fungi","ascension_level":3}}