{"host":"abdxwahegzejqccj","time":1608202704,"event":{"mods":["BaseMod","Better Note","BetterRewards","Colored Powertips","Downfall","Hermit","Minty Spire (QoL Compilation)","Replay The Spire","StSLib","The Cursed","The Hierophant"],"gold_per_floor":[116,116,136,136,136,167,181,216,266,35,35,67,67,82,82,179,229,248,248,259,259,259],"floor_reached":21,"playtime":688,"items_purged":[],"score":222,"play_id":"7a7a7159-6a70-45d0-8f3a-082be718dd33","local_time":"20201217215824","is_ascension_mode":false,"campfire_choices":[{"data":"hermit:Showdown","floor":11,"key":"SMITH"},{"floor":13,"key":"REST"},{"data":"hermit:Covet","floor":15,"key":"SMITH"}],"circlet_count":0,"master_deck":["hermit:Strike_Hermit","hermit:Strike_Hermit","hermit:Strike_Hermit","hermit:Strike_Hermit","hermit:Defend_Hermit","hermit:Defend_Hermit","hermit:Defend_Hermit","hermit:Defend_Hermit","hermit:Covet+1","hermit:Horror+1","hermit:Misfire","hermit:PistolWhip","hermit:Showdown+1","hermit:Brawl","hermit:ShadowCloak","ReplayTheSpireMod:Private Reserves","hermit:Vantage","hermit:FullyLoaded","hermit:SprayPray","Decay","hermit:Reprieve+1","hermit:LoneWolf","hermit:HighCaliber","hermit:Determination","hermit:ShadowCloak","hermit:Misfire"],"relics":["hermit:Momento","Ring of Searing","ReplayTheSpireMod:Ring of Collecting","Regal Pillow","Prayer Wheel","Ring of Greed","hermit:Spyglass","MealTicket","Blue Doll","Membership Card","Strawberry","Tiny House"],"acts_visited":["Exordium","TheCity"],"potions_floor_usage":[6,8,12,20,21],"damage_taken":[{"damage":15,"enemies":"Small Slimes","floor":1,"turns":4},{"damage":1,"enemies":"Cultist","floor":3,"turns":3},{"damage":19,"enemies":"Lagavulin","floor":6,"turns":5},{"damage":1,"enemies":"Jaw Worm","floor":7,"turns":2},{"damage":14,"enemies":"Gremlin Nob","floor":8,"turns":4},{"damage":26,"enemies":"Lagavulin","floor":12,"turns":4},{"damage":9,"enemies":"Blue Slaver","floor":14,"turns":3},{"damage":36,"enemies":"The Guardian","floor":16,"turns":6},{"damage":75,"enemies":"3 Byrds","floor":18,"turns":5},{"damage":18,"enemies":"2 Thieves","floor":20,"turns":3},{"damage":22,"enemies":"Snake Plant","floor":21,"turns":2}],"seed_played":"7599829009515896193","potions_obtained":[{"floor":1,"key":"hermit:Tonic"},{"floor":3,"key":"SpeedPotion"},{"floor":8,"key":"Strength Potion"},{"floor":17,"key":"hermit:Tonic"},{"floor":18,"key":"AttackPotion"}],"is_trial":false,"path_per_floor":["M","?","M","?","?","E","M","E","T","$","R","E","R","M","R","B",null,"M","?","M","M"],"character_chosen":"HERMIT","items_purchased":["Membership Card","hermit:ShadowCloak","ReplayTheSpireMod:Private Reserves"],"campfire_rested":1,"item_purchase_floors":[10,10,10],"current_hp_per_floor":[67,67,66,66,66,47,46,32,32,47,47,28,69,60,60,24,94,31,31,17,0,0],"gold":259,"neow_bonus":"TEN_PERCENT_HP_BONUS","is_daily":false,"chose_seed":false,"campfire_upgraded":2,"win_rate":0.0,"timestamp":1608202704,"path_taken":["M","?","?","?","?","E","M","E","T","$","R","E","R","?","R","BOSS","M","?","M","M"],"items_purchased_type":["Relic","Card","Card"],"build_version":"2020-12-13","purchased_purges":0,"victory":false,"max_hp_per_floor":[82,82,82,82,82,82,82,82,82,82,82,89,89,89,89,89,94,94,94,94,94,94],"card_choices":[{"not_picked":["hermit:DeadMansHand","hermit:TakeCover"],"picked":"hermit:Horror","floor":1},{"not_picked":["hermit:Virtue","hermit:DeadMansHand"],"picked":"hermit:Misfire","floor":3},{"not_picked":["hermit:Dive","hermit:Showdown"],"picked":"hermit:PistolWhip","floor":6},{"not_picked":["hermit:Combo","hermit:Headshot"],"picked":"hermit:Showdown","floor":7},{"not_picked":["hermit:HoleUp","hermit:WideOpen"],"picked":"hermit:Brawl","floor":8},{"not_picked":["hermit:GoldenBullet","hermit:TakeCover"],"picked":"hermit:Vantage","floor":12},{"not_picked":["hermit:Quickdraw","hermit:Vantage"],"picked":"hermit:FullyLoaded","floor":14},{"not_picked":["hermit:OverwhelmingPower","hermit:ItchyTrigger"],"picked":"hermit:SprayPray","floor":14},{"not_picked":["hermit:HeroicBravado","hermit:OverwhelmingPower"],"picked":"hermit:Reprieve","floor":16},{"not_picked":["hermit:TakeCover","hermit:Deadeye"],"picked":"hermit:LoneWolf","floor":17},{"not_picked":["hermit:LuckOfTheDraw","hermit:TakeCover"],"picked":"hermit:HighCaliber","floor":18},{"not_picked":["hermit:Glare","hermit:BodyArmor"],"picked":"hermit:Determination","floor":18},{"not_picked":["hermit:DeadMansHand","hermit:LuckOfTheDraw"],"picked":"hermit:ShadowCloak","floor":20},{"not_picked":["hermit:Grudge","hermit:HighCaliber"],"picked":"hermit:Misfire","floor":20}],"player_experience":376123,"relics_obtained":[{"floor":4,"key":"Ring of Searing"},{"floor":4,"key":"ReplayTheSpireMod:Ring of Collecting"},{"floor":6,"key":"Regal Pillow"},{"floor":8,"key":"Prayer Wheel"},{"floor":9,"key":"Ring of Greed"},{"floor":9,"key":"hermit:Spyglass"},{"floor":9,"key":"MealTicket"},{"floor":9,"key":"Blue Doll"},{"floor":12,"key":"Strawberry"}],"event_choices":[{"damage_healed":0,"gold_gain":0,"player_choice":"Upgraded","damage_taken":0,"max_hp_gain":0,"max_hp_loss":0,"event_name":"Upgrade Shrine","floor":2,"gold_loss":0,"cards_upgraded":["hermit:Horror"]},{"cards_removed":["Looming Evil"],"damage_healed":0,"gold_gain":0,"player_choice":"Purged","damage_taken":0,"max_hp_gain":0,"max_hp_loss":0,"event_name":"Purifier","floor":5,"gold_loss":0},{"cards_removed":["hermit:Snapshot"],"damage_healed":0,"gold_gain":0,"player_choice":"Purged","damage_taken":0,"max_hp_gain":0,"max_hp_loss":0,"event_name":"Purifier","floor":19,"gold_loss":0}],"is_beta":false,"boss_relics":[{"not_picked":["Replay:Wanted Poster","SlaversCollar"],"picked":"Tiny House"}],"items_purged_floors":[],"is_endless":false,"potions_floor_spawned":[1,3,8,18],"killed_by":"Snake Plant","ascension_level":0}}