{"host":"fmlos4kykh1e3uqe","time":1608167287,"event":{"mods":["AchievementEnabler","Aspiration","BaseMod","Better Altar","Better Match","Better Note","Better Sensory Stone","Better Skull","Better Third Choice","BetterRewards","CCEM","Colored Map","Conspire","Downfall","GifTheSpireLib","Googly Eyes","Halation","Highlight Path","Hubris","Infinite Spire","Jorbs\u0027s Wanderer Trilogy","Mimic Mod","Minty Spire (QoL Compilation)","Permanent Neow","Replay The Spire","Shop Mod","Spicy Shops","StSLib","Stuff the Spire","The Administrix","Unceasing Turn Reminder","everything is the same but u backflip on backflip","slay the spire mod where everything is the same but ironclad has a cowboy hat"],"gold_per_floor":[99,127,156,156,306,334,359,68,68,79,79,119,138,193,213,316,316,241,441,451,451,451,479,505,523,558,420,122,122,135,153,170,274,274,274,285,299,53,53,79,79,98,98,98],"floor_reached":43,"playtime":3807,"items_purged":["ReplayTheSpireMod:Restless Dread","Slimebound:Defend_Slimebound"],"score":512,"play_id":"f1883821-7c15-4d2a-848f-262085b3cbc5","local_time":"20201216200807","is_ascension_mode":false,"campfire_choices":[{"floor":4,"key":"REST"},{"data":"Slimebound:Split","floor":9,"key":"SMITH"},{"floor":21,"key":"RECALL"},{"data":"Slimebound:OozeBath","floor":27,"key":"SMITH"},{"data":"Slimebound:FirmFortitude","floor":35,"key":"SMITH"}],"circlet_count":0,"master_deck":["Slimebound:Strike_Slimebound","Slimebound:Strike_Slimebound","Slimebound:Tackle","Slimebound:Defend_Slimebound","Slimebound:Defend_Slimebound","Slimebound:Defend_Slimebound","Slimebound:Split+1","Slimebound:CorrosiveSpit","Slimebound:ComboTackle","Slimebound:FinishingTackle","Slimebound:RollThrough+1","Slimebound:SplitAcid","Slimebound:ViciousTackle","Slimebound:SplitLeeching","Slimebound:Nibble","Slimebound:RainOfGoop","Slimebound:Chomp","Slimebound:SamplingLick","Slimebound:OozeBath+1","Slimebound:Schlurp","Slimebound:HauntingLick+1","Slimebound:RejuvenatingLick","Slimebound:LeechingTouch","Slimebound:Equalize","Slimebound:GoopTackle","Slimebound:FirmFortitude+1","Slimebound:MassRepurpose","Apotheosis"],"relics":["Slimebound:AbsorbEndCombat","WingedGreaves","Vajra","StuffTheSpire:Mouthbags","Toolbox","Ancient Tea Set","StuffTheSpire:GrapeVine","aspiration:PoetsPen_weak","downfall:HeartBlessingBlue","Replay:Baseball","aspiration:HiddenCompartment","MawBank","downfall:HeartBlessingRed","downfall:HeartBlessingGreen","Snack Pack","NlothsMask","aspiration:IroncladSkillbook","halation:LettersToHer","StuffTheSpire:HistoryBook","CCEMRelics:Barrel","CCEMRelics:Sandal"],"acts_visited":["Exordium","TheCity","TheBeyond"],"potions_floor_usage":[2,2,6,31],"damage_taken":[{"damage":13,"enemies":"Replay:BlueRogue","floor":2,"turns":5},{"damage":50,"enemies":"Lagavulin","floor":3,"turns":5},{"damage":35,"enemies":"3 Sentries","floor":6,"turns":10},{"damage":4,"enemies":"downfall:FleeingMerchant","floor":8,"turns":4},{"damage":11,"enemies":"conspire:RoseBush","floor":10,"turns":3},{"damage":12,"enemies":"infinitespire:Voidling","floor":12,"turns":4},{"damage":25,"enemies":"infinitespire:Voidling","floor":13,"turns":4},{"damage":32,"enemies":"3 Sentries","floor":14,"turns":6},{"damage":7,"enemies":"Small Slimes","floor":15,"turns":2},{"damage":38,"enemies":"downfall:Watcher","floor":16,"turns":7},{"damage":25,"enemies":"conspire:FuzzyDice","floor":20,"turns":3},{"damage":22,"enemies":"conspire:SneckoGhost","floor":23,"turns":3},{"damage":20,"enemies":"Cultist and Chosen","floor":25,"turns":3},{"damage":33,"enemies":"conspire:Head Lice","floor":26,"turns":5},{"damage":25,"enemies":"downfall:FleeingMerchant","floor":28,"turns":4},{"damage":23,"enemies":"Snake Plant","floor":30,"turns":3},{"damage":32,"enemies":"Centurion and Healer","floor":31,"turns":3},{"damage":22,"enemies":"Chosen and Byrds","floor":32,"turns":3},{"damage":29,"enemies":"downfall:Defect","floor":33,"turns":5},{"damage":3,"enemies":"Orb Walker","floor":36,"turns":1},{"damage":34,"enemies":"3 Darklings","floor":37,"turns":2},{"damage":4,"enemies":"downfall:FleeingMerchant","floor":38,"turns":2},{"damage":22,"enemies":"R_Hoarder","floor":40,"turns":6},{"damage":39,"enemies":"Transient","floor":42,"turns":5},{"damage":90,"enemies":"Reptomancer","floor":43,"turns":2}],"seed_played":"-3031802792362453042","potions_obtained":[{"floor":1,"key":"ColorlessPotion"},{"floor":1,"key":"AttackPotion"},{"floor":3,"key":"Dexterity Potion"},{"floor":10,"key":"DuplicationPotion"},{"floor":13,"key":"AttackPotion"},{"floor":15,"key":"EssenceOfSteel"},{"floor":20,"key":"LifebloodPotion"},{"floor":33,"key":"Venom Potion"},{"floor":40,"key":"AttackPotion"}],"is_trial":false,"path_per_floor":["R_BF","E","E","R","?","E","T","$","R","M","?","MIM","M","?","M","B",null,"R","?","M","R","?","E","T","M","E","R","$","?","M","M","M","B",null,"R_BF","M","M","$","?","E","T","M","E"],"character_chosen":"SLIMEBOUND","items_purchased":["Toolbox","Slimebound:ViciousTackle","Slimebound:LeechingTouch","Snack Pack","Apotheosis","halation:LettersToHer","StuffTheSpire:HistoryBook"],"campfire_rested":1,"item_purchase_floors":[8,8,28,28,38,38,38],"current_hp_per_floor":[60,51,17,35,35,20,20,32,32,33,33,45,52,52,57,52,60,70,70,66,66,66,67,67,62,59,59,70,70,51,55,70,69,70,70,70,63,70,70,70,70,62,0,0],"gold":98,"neow_bonus":"ONE_RARE_RELIC","is_daily":false,"chose_seed":false,"campfire_upgraded":3,"win_rate":0.0,"timestamp":1608167287,"path_taken":["R_BF","E","E","R","?","E","T","$","R","?","?","?","M","?","M","BOSS","R","?","M","R","?","E","T","?","E","R","?","?","M","M","M","BOSS","R_BF","M","M","$","?","E","T","M","E"],"items_purchased_type":["Relic","Card","Card","Relic","Card","Relic","Relic"],"build_version":"2020-12-13","purchased_purges":2,"victory":false,"max_hp_per_floor":[60,60,60,60,60,60,60,60,60,60,60,60,60,60,60,60,60,70,70,70,70,70,70,70,70,70,70,70,70,70,70,70,70,70,70,70,70,70,70,70,70,70,70,70],"card_choices":[{"not_picked":["Slimebound:ViciousTackle","Slimebound:PressTheAttack"],"picked":"Slimebound:ComboTackle","floor":2},{"not_picked":["Slimebound:MegaLick","Slimebound:SamplingLick"],"picked":"Slimebound:FinishingTackle","floor":3},{"not_picked":["Slimebound:PressTheAttack","Slimebound:WasteNot"],"picked":"Slimebound:RollThrough","floor":6},{"not_picked":["Slimebound:ComboTackle","Slimebound:Dissolve"],"picked":"Slimebound:SplitAcid","floor":8},{"not_picked":["Slimebound:ForwardTackle","Slimebound:ComboTackle"],"picked":"Slimebound:SplitLeeching","floor":10},{"not_picked":["Slimebound:RejuvenatingLick","Slimebound:ViciousTackle"],"picked":"Slimebound:Nibble","floor":12},{"not_picked":["Slimebound:GoopTackle","Slimebound:Grow"],"picked":"Slimebound:RainOfGoop","floor":13},{"not_picked":["Slimebound:Repurpose","Slimebound:Prepare"],"picked":"Slimebound:Chomp","floor":14},{"not_picked":["Slimebound:SplitBruiser","Slimebound:PressTheAttack"],"picked":"Slimebound:SamplingLick","floor":15},{"not_picked":["Slimebound:MassFeed","Slimebound:MinionMaster"],"picked":"Slimebound:OozeBath","floor":16},{"not_picked":["Slimebound:ViciousTackle","Slimebound:Replication","Slimebound:ComboTackle"],"picked":"SKIP","floor":20},{"not_picked":["Slimebound:SlimeTap","Slimebound:SlimeBrawl","Slimebound:Prepare"],"picked":"SKIP","floor":23},{"not_picked":["Slimebound:LeechingTouch","Slimebound:Nibble"],"picked":"Slimebound:HauntingLick+1","floor":25},{"not_picked":["Slimebound:ForwardTackle","Slimebound:Overexert","Slimebound:SplitLeeching"],"picked":"SKIP","floor":26},{"not_picked":["Slimebound:ForwardTackle","Slimebound:GoopSpray"],"picked":"Slimebound:RejuvenatingLick","floor":28},{"not_picked":["Slimebound:SlimeTap","Slimebound:HauntingLick"],"picked":"Slimebound:Equalize","floor":30},{"not_picked":["Slimebound:ForwardTackle","Slimebound:GoopSpray"],"picked":"Slimebound:GoopTackle","floor":31},{"not_picked":["Slimebound:FinishingTackle+1","Slimebound:ForwardTackle"],"picked":"Slimebound:FirmFortitude","floor":32},{"not_picked":["Slimebound:Teamwork","Slimebound:Overexert"],"picked":"Slimebound:MassRepurpose","floor":33},{"not_picked":["ReplayTheSpireMod:Strike From Hell","Slimebound:SamplingLick","Replay:Undeath\u0027s Touch","Shrug It Off+1"],"picked":"SKIP","floor":36},{"not_picked":["ReplayTheSpireMod:Strike From Hell","Slimebound:SamplingLick","Replay:Undeath\u0027s Touch","Shrug It Off+1"],"picked":"SKIP","floor":36},{"not_picked":["Headbutt","StuffTheSpire:Slingshot","ReplayTheSpireMod:Stacked+1","Twin Strike"],"picked":"SKIP","floor":37},{"not_picked":["Slimebound:RejuvenatingLick+1","Sentinel+1","Reckless Charge","Slimebound:SplitMire"],"picked":"SKIP","floor":38},{"not_picked":["Berserk","Replay:Many Hands","Slimebound:GrowthPunch+1","Twin Strike+1"],"picked":"SKIP","floor":40},{"not_picked":["Slimebound:GrowthPunch+1","Perfected Strike+1","Whirlwind+1","Slimebound:PressTheAttack"],"picked":"SKIP","floor":42}],"player_experience":177715,"relics_obtained":[{"floor":2,"key":"ReplayTheSpireMod:TigerMarble"},{"floor":3,"key":"Vajra"},{"floor":6,"key":"StuffTheSpire:Mouthbags"},{"floor":12,"key":"Ancient Tea Set"},{"floor":14,"key":"StuffTheSpire:GrapeVine"},{"floor":23,"key":"Replay:Baseball"},{"floor":24,"key":"aspiration:HiddenCompartment"},{"floor":26,"key":"MawBank"},{"floor":40,"key":"CCEMRelics:Barrel"},{"floor":41,"key":"CCEMRelics:Sandal"}],"event_choices":[{"damage_healed":0,"gold_gain":200,"player_choice":"Gold","damage_taken":0,"max_hp_gain":0,"max_hp_loss":0,"event_name":"Wheel of Change","floor":19,"gold_loss":0},{"damage_healed":0,"gold_gain":0,"cards_transformed":["Slimebound:Strike_Slimebound"],"player_choice":"Transformed","damage_taken":0,"max_hp_gain":0,"max_hp_loss":0,"event_name":"Transmorgrifier","floor":22,"gold_loss":0,"cards_obtained":["Slimebound:Schlurp"]},{"damage_healed":0,"gold_gain":0,"player_choice":"Trade","damage_taken":0,"relics_obtained":["NlothsMask"],"max_hp_gain":0,"max_hp_loss":0,"event_name":"FaceTrader","floor":29,"gold_loss":0}],"is_beta":false,"boss_relics":[{"not_picked":["aspiration:RitualDagger","Replay:Ancient Bell"],"picked":"aspiration:PoetsPen_weak"},{"not_picked":["halation:MonkeysPaw","ReplayTheSpireMod:DimensionalGlitch"],"picked":"aspiration:IroncladSkillbook"}],"items_purged_floors":[8,38],"is_endless":false,"potions_floor_spawned":[3,10,13,15,16,20,25,30,33,37,40],"killed_by":"Reptomancer","ascension_level":0}}