{"host":"p245q48pmopyklqs","time":1608180620,"event":{"mods":["AchievementEnabler","BaseMod","DeckTracker","Minty Spire (QoL Compilation)","Relic Stats","StSLib","SuperFastMode"],"gold_per_floor":[114,34,54,204,129,129,164,164,164,199,199,225,225,243,243,319,319,332,382,400,400,119,119,119,119,173,173,218,236,269,269,269],"floor_reached":31,"playtime":930,"items_purged":["Doubt"],"score":564,"play_id":"aed0922b-4731-48aa-91aa-4c2e3eb09d44","local_time":"20201217135020","is_ascension_mode":true,"campfire_choices":[{"data":"Zap","floor":6.0,"key":"SMITH"},{"data":"Streamline","floor":8.0,"key":"SMITH"},{"data":"Dualcast","floor":11.0,"key":"SMITH"},{"data":"Glacier","floor":15.0,"key":"SMITH"},{"data":"White Noise","floor":23,"key":"SMITH"},{"data":"Hologram","floor":25,"key":"SMITH"},{"data":"Ball Lightning","floor":27,"key":"SMITH"}],"circlet_count":0,"master_deck":["AscendersBane","Zap+1","Dualcast+1","Streamline+1","Conserve Battery","Leap+1","Undo","Glacier+1","Echo Form","Genetic Algorithm","Genetic Algorithm","Rainbow","White Noise+1","Steam Power","Hello World","Hologram+1","Leap+1","Ball Lightning+1","Darkness","Turbo"],"relics":["Cracked Core","NeowsBlessing","Anchor","Question Card","Bronze Scales","Art of War","Pandora\u0027s Box","Symbiotic Virus","Tiny Chest","War Paint","MealTicket"],"acts_visited":["Exordium","TheCity"],"potions_floor_usage":[29],"damage_taken":[{"damage":0.0,"enemies":"Cultist","floor":1.0,"turns":1.0},{"damage":0.0,"enemies":"Small Slimes","floor":3.0,"turns":1.0},{"damage":0.0,"enemies":"Lagavulin","floor":7.0,"turns":1.0},{"damage":64.0,"enemies":"Gremlin Nob","floor":10.0,"turns":5.0},{"damage":0.0,"enemies":"Jaw Worm","floor":14.0,"turns":2.0},{"damage":1,"enemies":"The Guardian","floor":16,"turns":13},{"damage":17,"enemies":"Chosen","floor":18,"turns":4},{"damage":7,"enemies":"3 Byrds","floor":20,"turns":3},{"damage":11,"enemies":"Shelled Parasite and Fungi","floor":29,"turns":5},{"damage":20,"enemies":"Book of Stabbing","floor":30,"turns":5},{"damage":2,"enemies":"Centurion and Healer","floor":31,"turns":3}],"seed_played":"-6710990629748783619","potions_obtained":[{"floor":3.0,"key":"Regen Potion"},{"floor":14.0,"key":"Explosive Potion"},{"floor":20,"key":"SkillPotion"},{"floor":30,"key":"AttackPotion"}],"is_trial":false,"path_per_floor":["M","$","M","?","$","R","E","R","T","E","R","T","?","M","R","B",null,"M","?","M","?","$","R","?","R","T","R","T","M","E","M"],"character_chosen":"DEFECT","items_purchased":["Undo","Symbiotic Virus"],"campfire_rested":0,"item_purchase_floors":[2,22],"current_hp_per_floor":[64,64,64,64,64,64,64,64,64,12,12,12,12,12,12,11,56,39,39,32,32,32,32,32,32,32,32,32,21,1,0,0],"gold":269,"neow_bonus":"THREE_ENEMY_KILL","is_daily":false,"chose_seed":false,"campfire_upgraded":7,"win_rate":0.0,"timestamp":1608180620,"path_taken":["M","?","M","?","$","R","E","R","T","E","R","?","?","?","R","BOSS","M","?","?","?","$","R","?","R","T","R","?","M","E","M"],"items_purchased_type":["Card","Relic"],"build_version":"2020-12-13","purchased_purges":1,"victory":false,"max_hp_per_floor":[71,71,71,71,71,71,71,71,71,71,71,71,71,71,71,71,71,71,71,71,71,71,71,71,71,71,71,71,71,71,71,71],"relic_stats":{"counters":[11,43],"Bronze Scales":[165],"Pandora\u0027s Box":["Genetic Algorithm","Genetic Algorithm","Rainbow","Scrape","White Noise","Steam Power","Rebound"],"Tiny Chest":0,"MealTicket":0,"Art of War":[12],"War Paint":["Leap","Leap"],"Question Card":7,"obtain_stats":[{"Anchor":7,"NeowsBlessing":0,"Bronze Scales":10,"Pandora\u0027s Box":17,"Tiny Chest":26,"MealTicket":30,"Art of War":12,"War Paint":28,"Cracked Core":0,"Question Card":9,"Symbiotic Virus":22},{"Anchor":3,"NeowsBlessing":0,"Bronze Scales":4,"Pandora\u0027s Box":6,"Tiny Chest":8,"MealTicket":10,"Art of War":4,"War Paint":8,"Cracked Core":0,"Question Card":3,"Symbiotic Virus":8},{"Anchor":3,"NeowsBlessing":0,"Bronze Scales":8,"Pandora\u0027s Box":23,"Tiny Chest":30,"MealTicket":40,"Art of War":8,"War Paint":30,"Cracked Core":0,"Question Card":3,"Symbiotic Virus":30}]},"card_choices":[{"not_picked":["Beam Cell","Gash"],"picked":"Streamline","floor":1.0},{"not_picked":["Gash","Steam"],"picked":"Conserve Battery","floor":3.0},{"not_picked":["Conserve Battery","Force Field","Thunder Strike"],"picked":"SKIP","floor":7.0},{"not_picked":["Steam","Amplify","Streamline"],"picked":"Leap","floor":10.0},{"not_picked":["Gash","Cold Snap","Coolheaded"],"picked":"Glacier","floor":14.0},{"not_picked":["Multi-Cast","Buffer","Machine Learning"],"picked":"Echo Form","floor":16},{"not_picked":["Steam Power","Stack","Leap"],"picked":"Hello World","floor":18},{"not_picked":["Reinforced Body+1","Skim+1","Melter"],"picked":"Hologram","floor":20},{"not_picked":["Heatsinks","Redo+1","Steam Power"],"picked":"Darkness","floor":29},{"not_picked":["Steam","Sweeping Beam","Steam Power"],"picked":"Turbo","floor":30}],"player_experience":2291065,"relics_obtained":[{"floor":7.0,"key":"Anchor"},{"floor":9.0,"key":"Question Card"},{"floor":10.0,"key":"Bronze Scales"},{"floor":12.0,"key":"Art of War"},{"floor":26,"key":"Tiny Chest"},{"floor":28,"key":"War Paint"},{"floor":30,"key":"MealTicket"}],"event_choices":[{"damage_healed":0.0,"max_hp_gain":0.0,"max_hp_loss":0.0,"gold_gain":150.0,"event_name":"Liars Game","player_choice":"AGREE","floor":4.0,"gold_loss":0.0,"damage_taken":0.0,"cards_obtained":["Doubt"]},{"damage_healed":0.0,"max_hp_gain":0.0,"max_hp_loss":0.0,"gold_gain":0.0,"cards_transformed":["Strike_B"],"event_name":"Transmorgrifier","player_choice":"Transformed","floor":13.0,"gold_loss":0.0,"damage_taken":0.0,"cards_obtained":["Undo"]},{"damage_healed":0,"gold_gain":50,"player_choice":"Pray","damage_taken":0,"max_hp_gain":0,"max_hp_loss":0,"event_name":"Golden Shrine","floor":19,"gold_loss":0},{"cards_removed":["Scrape"],"damage_healed":0,"gold_gain":0,"player_choice":"Elegance","damage_taken":0,"max_hp_gain":0,"max_hp_loss":0,"event_name":"Back to Basics","floor":21,"gold_loss":0},{"damage_healed":0,"gold_gain":0,"cards_transformed":["Undo","Rebound"],"player_choice":"Became Test Subject","damage_taken":0,"max_hp_gain":0,"max_hp_loss":0,"event_name":"Drug Dealer","floor":24,"gold_loss":0,"cards_obtained":["Leap","Ball Lightning"]}],"is_beta":false,"boss_relics":[{"not_picked":["Cursed Key","Empty Cage"],"picked":"Pandora\u0027s Box"}],"items_purged_floors":[5],"is_endless":false,"potions_floor_spawned":[3,14,20,30],"killed_by":"Centurion and Healer","ascension_level":20}}