{"host":"0kaxg9rjckhp4v2r","time":1608234128,"event":{"mods":["AchievementEnabler","BaseMod","Bestiary","Better Altar","Better Match","Better Note","Better Sensory Stone","Better Silent Start","Better Skull","Better Third Choice","Better-Laid Plans","Colored Powertips","Disable Question Mark Monsters","Emptier Cage","Minty Spire (QoL Compilation)","Quick Restart","SacredBarkPlus","StSLib","The Dragon Tamer","Unceasing Turn Reminder","yUi"],"gold_per_floor":[113,188,203,68,68,99,99,115,193,207,21,46,22,37,37,37,37],"floor_reached":16,"playtime":450,"items_purged":[],"score":163,"play_id":"e27865cd-dab7-459d-b97b-f2fc2803897c","local_time":"20201217144208","is_ascension_mode":true,"campfire_choices":[{"data":"Seeing Red","floor":7,"key":"SMITH"},{"data":"Armaments","floor":15,"key":"SMITH"}],"circlet_count":0,"master_deck":["Strike_R+1","Strike_R","Strike_R","Strike_R","Strike_R","Defend_R","Defend_R","Defend_R+1","Defend_R","Bash","Seeing Red+1","Rage","Clash","Armaments+1","Ghostly Armor","Flame Barrier","Headbutt","Cleave","Flex"],"relics":["Burning Blood","NeowsBlessing","Orichalcum","Eternal Feather","Membership Card","Odd Mushroom"],"acts_visited":["Exordium"],"potions_floor_usage":[8,8,16],"damage_taken":[{"damage":0,"enemies":"2 Louse","floor":1,"turns":1},{"damage":0,"enemies":"Small Slimes","floor":3,"turns":1},{"damage":0,"enemies":"Lagavulin","floor":6,"turns":1},{"damage":0,"enemies":"Jaw Worm","floor":8,"turns":2},{"damage":1,"enemies":"2 Fungi Beasts","floor":10,"turns":3},{"damage":5,"enemies":"The Mushroom Lair","floor":12,"turns":6},{"damage":7,"enemies":"Exordium Wildlife","floor":14,"turns":4},{"damage":36,"enemies":"Slime Boss","floor":16,"turns":11}],"seed_played":"-1259493781425632780","potions_obtained":[{"floor":1,"key":"BloodPotion"},{"floor":3,"key":"Regen Potion"},{"floor":6,"key":"Block Potion"}],"is_trial":false,"path_per_floor":["M","?","M","$","?","E","R","M","T","M","$","?","$","M","R","B"],"character_chosen":"IRONCLAD","items_purchased":["Rage","Clash","Membership Card","Flame Barrier","Cleave"],"campfire_rested":0,"item_purchase_floors":[4,4,11,11,13],"current_hp_per_floor":[78,67,73,73,57,63,63,74,74,79,79,80,80,79,80,60,60],"gold":37,"neow_bonus":"THREE_ENEMY_KILL","is_daily":false,"chose_seed":false,"campfire_upgraded":2,"win_rate":0.0,"timestamp":1608234128,"path_taken":["M","?","M","$","?","E","R","M","T","M","?","?","$","M","R","BOSS"],"items_purchased_type":["Card","Card","Relic","Card","Card"],"build_version":"2020-12-13","purchased_purges":0,"victory":false,"max_hp_per_floor":[80,80,80,80,80,80,80,80,80,80,80,80,80,80,80,80,80],"card_choices":[{"not_picked":["Pommel Strike","Dark Embrace","True Grit"],"picked":"SKIP","floor":1},{"not_picked":["Clash","Pommel Strike"],"picked":"Seeing Red","floor":3},{"not_picked":["Twin Strike","Bloodletting","Clash"],"picked":"SKIP","floor":6},{"not_picked":["Blood for Blood","Disarm"],"picked":"Armaments","floor":8},{"not_picked":["Pummel","Flex"],"picked":"Ghostly Armor","floor":10},{"not_picked":["Havoc","Perfected Strike"],"picked":"Headbutt","floor":12},{"not_picked":["Clothesline","Cleave"],"picked":"Flex","floor":14}],"player_experience":277213,"relics_obtained":[{"floor":6,"key":"Orichalcum"},{"floor":9,"key":"Eternal Feather"},{"floor":12,"key":"Odd Mushroom"}],"event_choices":[{"damage_healed":0,"gold_gain":75,"player_choice":"Gold","damage_taken":11,"max_hp_gain":0,"max_hp_loss":0,"event_name":"betterThird:BetterGoop","floor":2,"gold_loss":0},{"damage_healed":73,"gold_gain":0,"player_choice":"Upgrade","damage_taken":16,"max_hp_gain":0,"max_hp_loss":80,"event_name":"betterThird:BetterShining","floor":5,"gold_loss":0,"cards_upgraded":["Strike_R","Defend_R"]},{"damage_healed":0,"gold_gain":0,"player_choice":"Fought Mushrooms","damage_taken":0,"max_hp_gain":0,"max_hp_loss":0,"event_name":"Mushrooms","floor":12,"gold_loss":0}],"is_beta":false,"boss_relics":[],"items_purged_floors":[],"is_endless":false,"potions_floor_spawned":[1,3,6],"killed_by":"Slime Boss","ascension_level":6}}