{"host":"wonp23fsqqcu31ie","time":1608195365,"event":{"mods":["2.2 Compatiblity","AchievementEnabler","Aspiration","BaseMod","Bestiary","Better Altar","Better Match","Better Sensory Stone","Better Skull","Better Third Choice","BetterRewards","Block Reminder","Colored Map","Colored Powertips","Conspire","DeckTracker","Displayed Cursed Tome","Downfall","Hermit","Highlight Path","Hubris","Minty Spire (QoL Compilation)","Permanent Neow","Quick Restart","Rare Cards Sparkle","Relic Stats","Replay The Spire","Shade Mod","Shop Mod","StSLib","SuperFastMode","The Animator","The Cursed","The Gatherer","The Necromancer","The Runesmith","The Servant 0.9.4"],"gold_per_floor":[118,128,42,42,62,90,90,116,141,117,117,117,148,158,158,259,259,279,12,62,62,62,118,118,118,143,143,192,192,250,44,44,192,192,234,273,306,314,314,314],"floor_reached":38,"playtime":1581,"items_purged":["Normality"],"score":560,"play_id":"c4e6fbb0-22ab-4931-9128-2fc98e98073f","local_time":"20201217195605","is_ascension_mode":true,"metric_token":2385,"campfire_choices":[{"floor":7,"key":"REST"},{"floor":11,"key":"RECALL"},{"data":"Dramatic Entrance","floor":15,"key":"SMITH"},{"data":"Gatherer:FinishingStrike","floor":24,"key":"SMITH"},{"floor":27,"key":"REST"},{"floor":29,"key":"REST"},{"data":"Mind Blast","floor":32,"key":"SMITH"}],"circlet_count":0,"master_deck":["Gatherer:Strike_Gatherer","Gatherer:Strike_Gatherer","Gatherer:Strike_Gatherer","Gatherer:Strike_Gatherer","Gatherer:Strike_Gatherer","Gatherer:Defend_Gatherer","Gatherer:Defend_Gatherer","Gatherer:Defend_Gatherer","Gatherer:Defend_Gatherer+1","Gatherer:Defend_Gatherer+1","Gatherer:Centralize","Gatherer:FlowerWhip+1","Gatherer:MiningStrike+1","Gatherer:BambuSword","Dramatic Entrance+1","Gatherer:FlowerFalling+1","Gatherer:Convert","Gatherer:TreeGrowth","Gatherer:Snatch","Gatherer:Nutrients","Gatherer:FinishingStrike+1","Gatherer:Pollute+1","Gatherer:RottenStipe","Amnesia","Gatherer:FlowerBeam+1","Mind Blast+1","ReplayTheSpireMod:Private Reserves","Gatherer:WitheringStrike","Gatherer:AlchemyTrial+1","ReplayTheSpireMod:Doomed","hubris:Envy","champ:HoldFirm","animator:Shuna","TheCursedMod:FleshFromBone+1","PathToVictory","hubris:NaturalOne"],"relics":["Gatherer:AlchemyBag","hubris:Icosahedron","Gatherer:FlyingFruit","Nunchaku","PreservedInsect","aspiration:BabyByrd","Snack Pack","hubris:RunicObelisk","Membership Card","Ring of Searing","Ring of Greed","Golden Idol","Replay:Bandana","aspiration:Lifesprig","Anchor","conspire:Dentures","hubris:TenFootPole","Boot","Gatherer:MistGenerator","MerchantsRug","PrismaticShard","hubris:VirtuousBlindfold"],"acts_visited":["Exordium","TheCity","TheBeyond"],"potions_floor_usage":[6,16,18,30,37],"damage_taken":[{"damage":1,"enemies":"conspire:RoseBush","floor":1,"turns":5},{"damage":6,"enemies":"Jaw Worm","floor":2,"turns":2},{"damage":0,"enemies":"2 Louse","floor":5,"turns":1},{"damage":27,"enemies":"Gremlin Nob","floor":6,"turns":4},{"damage":0,"enemies":"3 Sentries","floor":13,"turns":6},{"damage":3,"enemies":"Exordium Wildlife","floor":14,"turns":2},{"damage":20,"enemies":"Fading Forest","floor":16,"turns":11},{"damage":0,"enemies":"Chosen","floor":18,"turns":3},{"damage":29,"enemies":"Replay:Snechameleon","floor":23,"turns":4},{"damage":21,"enemies":"Slavers","floor":28,"turns":4},{"damage":10,"enemies":"Book of Stabbing","floor":30,"turns":3},{"damage":50,"enemies":"Champ","floor":33,"turns":7},{"damage":10,"enemies":"3 Darklings","floor":35,"turns":2},{"damage":13,"enemies":"3 Shapes","floor":36,"turns":2},{"damage":61,"enemies":"Spire Growth","floor":37,"turns":4},{"damage":18,"enemies":"Maw","floor":38,"turns":2}],"seed_played":"8421543274571259695","potions_obtained":[{"floor":1,"key":"LiquidBronze"},{"floor":13,"key":"EssenceOfSteel"},{"floor":16,"key":"Block Potion"},{"floor":23,"key":"Elixir"},{"floor":28,"key":"Weak Potion"},{"floor":37,"key":"champ:CounterPotion"}],"is_trial":false,"path_per_floor":["M","M","$","?","M","E","R","T","T","$","R","?","E","M","R","B",null,"M","$","?","T","?","E","R","?","T","R","E","R","E","$","R","B",null,"M","M","M","M"],"character_chosen":"THE_GATHERER","items_purchased":["Dramatic Entrance","Gatherer:TreeGrowth","Membership Card","War Paint","Gatherer:RottenStipe","Boot","Gatherer:MistGenerator","MerchantsRug","PrismaticShard"],"campfire_rested":3,"item_purchase_floors":[3,10,19,19,19,31,31,31,31],"current_hp_per_floor":[71,65,65,65,65,38,59,59,59,59,59,59,63,68,68,80,80,80,80,80,80,80,57,57,57,57,82,63,84,74,74,74,32,84,74,63,12,0,0,0],"gold":314,"neow_bonus":"NOSTALGIA","is_daily":false,"chose_seed":false,"campfire_upgraded":3,"win_rate":0.0,"timestamp":1608195365,"path_taken":["M","M","$","?","M","E","R","?","T","$","R","?","E","?","R","BOSS","M","$","?","?","?","E","R","?","T","R","E","R","E","?","R","BOSS","M","M","M","M"],"items_purchased_type":["Card","Card","Relic","Relic","Card","Relic","Relic","Relic","Relic"],"build_version":"2020-12-13","purchased_purges":1,"victory":false,"max_hp_per_floor":[72,72,72,72,72,72,72,72,72,72,72,72,76,80,80,80,80,80,80,80,80,80,84,84,84,84,84,84,84,84,84,84,84,84,84,84,88,88,88,88],"relic_stats":{"Nunchaku":[12],"counters":[16,62],"Golden Idol":59,"PreservedInsect":156,"Boot":[4],"obtain_stats":[{"aspiration:Lifesprig":23,"hubris:VirtuousBlindfold":34,"hubris:RunicObelisk":17,"Boot":31,"PrismaticShard":31,"Ring of Searing":20,"Gatherer:FlyingFruit":6,"Nunchaku":8,"Replay:Bandana":20,"hubris:Icosahedron":4,"aspiration:BabyByrd":12,"hexamod:SpiritBrand":0,"conspire:Dentures":28,"MerchantsRug":31,"aspiration:Nostalgia":0,"Golden Idol":20,"Gatherer:MistGenerator":31,"PreservedInsect":9,"Ring of Greed":20,"War Paint":19,"Anchor":26,"Snack Pack":13,"hubris:TenFootPole":30,"Membership Card":19,"Gatherer:AlchemyBag":0},{"aspiration:Lifesprig":9,"hubris:VirtuousBlindfold":12,"hubris:RunicObelisk":7,"Boot":11,"PrismaticShard":11,"Ring of Searing":8,"Gatherer:FlyingFruit":4,"Nunchaku":4,"Replay:Bandana":8,"hubris:Icosahedron":2,"aspiration:BabyByrd":4,"hexamod:SpiritBrand":0,"conspire:Dentures":10,"MerchantsRug":11,"aspiration:Nostalgia":0,"Golden Idol":8,"Gatherer:MistGenerator":11,"PreservedInsect":4,"Ring of Greed":8,"War Paint":8,"Anchor":9,"Snack Pack":5,"hubris:TenFootPole":11,"Membership Card":8,"Gatherer:AlchemyBag":0},{"aspiration:Lifesprig":38,"hubris:VirtuousBlindfold":52,"hubris:RunicObelisk":31,"Boot":45,"PrismaticShard":45,"Ring of Searing":34,"Gatherer:FlyingFruit":12,"Nunchaku":12,"Replay:Bandana":34,"hubris:Icosahedron":7,"aspiration:BabyByrd":12,"hexamod:SpiritBrand":0,"conspire:Dentures":42,"MerchantsRug":45,"aspiration:Nostalgia":0,"Golden Idol":34,"Gatherer:MistGenerator":45,"PreservedInsect":12,"Ring of Greed":34,"War Paint":34,"Anchor":38,"Snack Pack":18,"hubris:TenFootPole":45,"Membership Card":34,"Gatherer:AlchemyBag":0}]},"card_choices":[{"not_picked":["Gatherer:CollectorsShot","Gatherer:PotentialSlash"],"picked":"Gatherer:MiningStrike","floor":1},{"not_picked":["Gatherer:TacticalStrike","Gatherer:CollectorsShot"],"picked":"Gatherer:BambuSword","floor":2},{"not_picked":["Gatherer:TreeGrowth","Gatherer:Liquidism"],"picked":"Gatherer:FlowerFalling","floor":5},{"not_picked":["Gatherer:OddSpoils","Gatherer:AromaProtection"],"picked":"Gatherer:Convert","floor":6},{"not_picked":["Gatherer:AcidicSpray","Gatherer:DrugPower"],"picked":"Gatherer:Snatch","floor":13},{"not_picked":["Gatherer:VenomBarrier","Gatherer:AcidicSpray"],"picked":"Gatherer:Nutrients","floor":14},{"not_picked":["Gatherer:HeartToFruit","Gatherer:StoneFence"],"picked":"Gatherer:FinishingStrike","floor":16},{"not_picked":["Gatherer:OddSpoils","Gatherer:FlowerShield"],"picked":"Gatherer:Pollute+1","floor":18},{"not_picked":["Gatherer:AcidicSpray","Gatherer:Enchant"],"picked":"Gatherer:FlowerBeam+1","floor":23},{"not_picked":["Replay:SS_forest_2","Replay:Bootleg Shield Generator"],"picked":"Mind Blast","floor":25},{"not_picked":["expansioncontent:GuardianWhirl","Bandage Up"],"picked":"ReplayTheSpireMod:Private Reserves","floor":25},{"not_picked":["Gatherer:FlowerBeam","Gatherer:Misfortune"],"picked":"Gatherer:WitheringStrike","floor":28},{"not_picked":["Gatherer:WoolGloves","Gatherer:GlowingPlant"],"picked":"Gatherer:AlchemyTrial+1","floor":30},{"not_picked":["animator:Shiro","animator:Eve"],"picked":"champ:HoldFirm","floor":33},{"not_picked":["hermit:Misfire","Gatherer:OddSpoils+1"],"picked":"animator:Shuna","floor":35},{"not_picked":["animator:Evileye+1","Revamp+1"],"picked":"TheCursedMod:FleshFromBone+1","floor":36},{"not_picked":["Dropkick+1","animator:ShizuruNakatsu"],"picked":"PathToVictory","floor":37}],"player_experience":626344,"relics_obtained":[{"floor":6,"key":"Gatherer:FlyingFruit"},{"floor":8,"key":"Nunchaku"},{"floor":9,"key":"PreservedInsect"},{"floor":13,"key":"Snack Pack"},{"floor":20,"key":"Ring of Searing"},{"floor":20,"key":"Ring of Greed"},{"floor":20,"key":"Golden Idol"},{"floor":20,"key":"Replay:Bandana"},{"floor":23,"key":"aspiration:Lifesprig"},{"floor":26,"key":"Anchor"},{"floor":28,"key":"conspire:Dentures"},{"floor":30,"key":"hubris:TenFootPole"}],"event_choices":[{"damage_healed":0,"gold_gain":2,"player_choice":"1","damage_taken":0,"max_hp_gain":0,"max_hp_loss":0,"event_name":"betterStone:BetterStone","floor":25,"gold_loss":0}],"is_beta":false,"boss_relics":[{"not_picked":["Pandora\u0027s Box","hubris:BlackHole"],"picked":"hubris:RunicObelisk"},{"not_picked":["Kintsugi","Runic Dome"],"picked":"hubris:VirtuousBlindfold"}],"items_purged_floors":[31],"is_endless":false,"potions_floor_spawned":[1,13,16,23,28,37],"killed_by":"Maw","ascension_level":1}}