{"host":"k5dhp0bkccqfauyu","time":1608180006,"event":{"mods":["BaseMod","Better Note","Better Skull","Better Vampires","Colored Map","Colored Powertips","DeckTracker","Minty Spire (QoL Compilation)","Permanent Neow","StSLib","SuperFastMode"],"gold_per_floor":[367,383,383,46,46,75,75,75,102,129,129,162,162,173,173,247,247,260,278,290,300,347,347,379,379,432,432,432,432],"floor_reached":28,"playtime":748,"items_purged":["Strike_B"],"score":583,"play_id":"2f1d1853-11b1-4755-a582-314a923cf8ba","local_time":"20201217154006","is_ascension_mode":true,"campfire_choices":[{"data":"Defragment","floor":8,"key":"SMITH"},{"floor":11,"key":"REST"},{"floor":13,"key":"REST"},{"data":"Defragment","floor":15,"key":"SMITH"},{"floor":23,"key":"REST"},{"floor":25,"key":"REST"},{"data":"Amplify","floor":27,"key":"SMITH"}],"circlet_count":0,"master_deck":["AscendersBane","Strike_B","Strike_B","Strike_B","Defend_B","Defend_B","Defend_B","Defend_B","Zap","Dualcast","Cold Snap","Defragment+1","Defragment","Blizzard","Defragment","Defragment+1","Amplify+1","Redo+1","Hologram+1","Darkness+1","Skim+1","Compile Driver+1"],"relics":["Cracked Core","HornCleat","Membership Card","Anchor","Pantograph","Bottled Tornado","Boot","MealTicket","Shuriken","Philosopher\u0027s Stone","Strawberry","Happy Flower"],"acts_visited":["Exordium","TheCity"],"potions_floor_usage":[6,12,16,24,24],"damage_taken":[{"damage":0,"enemies":"2 Louse","floor":1,"turns":2},{"damage":0,"enemies":"Cultist","floor":2,"turns":3},{"damage":0,"enemies":"Gremlin Nob","floor":6,"turns":3},{"damage":16,"enemies":"Lagavulin","floor":10,"turns":8},{"damage":38,"enemies":"Gremlin Nob","floor":12,"turns":5},{"damage":0,"enemies":"Small Slimes","floor":14,"turns":3},{"damage":12,"enemies":"The Guardian","floor":16,"turns":11},{"damage":17,"enemies":"3 Byrds","floor":18,"turns":5},{"damage":10,"enemies":"Spheric Guardian","floor":19,"turns":4},{"damage":12,"enemies":"Snake Plant","floor":20,"turns":4},{"damage":0,"enemies":"Snecko","floor":21,"turns":5},{"damage":36,"enemies":"Slavers","floor":24,"turns":6},{"damage":13,"enemies":"Colosseum Slavers","floor":28,"turns":5},{"damage":38,"enemies":"Colosseum Nobs","floor":28,"turns":3}],"seed_played":"4726342931352895292","potions_obtained":[{"floor":1,"key":"ColorlessPotion"},{"floor":2,"key":"Swift Potion"},{"floor":12,"key":"ColorlessPotion"},{"floor":20,"key":"Weak Potion"},{"floor":21,"key":"Strength Potion"}],"is_trial":false,"path_per_floor":["M","M","?","$","?","E","?","R","T","E","R","E","R","M","R","B",null,"M","M","M","M","T","R","E","R","T","R","?"],"character_chosen":"DEFECT","items_purchased":["Membership Card","Defragment","Anchor"],"campfire_rested":4,"item_purchase_floors":[4,4,4],"current_hp_per_floor":[64,64,64,64,38,38,38,38,38,22,41,3,22,22,22,35,57,40,30,18,18,25,46,10,31,31,31,0,0],"gold":432,"neow_bonus":"TWO_FIFTY_GOLD","is_daily":false,"chose_seed":false,"campfire_upgraded":3,"win_rate":0.0,"timestamp":1608180006,"path_taken":["M","M","?","$","?","E","?","R","T","E","R","E","R","M","R","BOSS","M","?","M","M","?","R","E","R","T","R","?"],"items_purchased_type":["Relic","Card","Relic"],"build_version":"2020-12-13","purchased_purges":1,"victory":false,"max_hp_per_floor":[64,64,64,64,64,64,64,64,64,64,64,64,64,64,64,64,64,64,64,64,64,71,71,71,71,71,71,71,71],"card_choices":[{"not_picked":["Static Discharge","BootSequence"],"picked":"Cold Snap","floor":1},{"not_picked":["Steam","Beam Cell"],"picked":"Cold Snap","floor":2},{"not_picked":["Sweeping Beam","Streamline"],"picked":"Defragment","floor":6},{"not_picked":["Leap","Redo"],"picked":"Blizzard","floor":10},{"not_picked":["Redo","Genetic Algorithm"],"picked":"Defragment","floor":12},{"not_picked":["Cold Snap","Melter"],"picked":"Defragment","floor":14},{"not_picked":["Multi-Cast","Reboot"],"picked":"Amplify","floor":16},{"not_picked":["Conserve Battery","Blizzard"],"picked":"Redo+1","floor":18},{"not_picked":["Rebound","Self Repair"],"picked":"Hologram+1","floor":19},{"not_picked":["Barrage","Chaos"],"picked":"Darkness+1","floor":20},{"not_picked":["Stack","Blizzard"],"picked":"Skim+1","floor":21},{"not_picked":["Barrage","Rebound"],"picked":"Compile Driver+1","floor":24}],"player_experience":1761778,"relics_obtained":[{"floor":6,"key":"Bottled Tornado"},{"floor":9,"key":"Boot"},{"floor":10,"key":"MealTicket"},{"floor":12,"key":"Shuriken"},{"floor":22,"key":"Strawberry"},{"floor":24,"key":"Happy Flower"}],"event_choices":[{"cards_removed":["Cold Snap"],"damage_healed":0,"gold_gain":0,"player_choice":"Gave Card","damage_taken":0,"relics_obtained":["HornCleat"],"max_hp_gain":0,"max_hp_loss":0,"event_name":"WeMeetAgain","floor":3,"gold_loss":0},{"damage_healed":0,"gold_gain":0,"player_choice":"Success","damage_taken":26,"relics_obtained":["Pantograph"],"max_hp_gain":0,"max_hp_loss":0,"event_name":"Scrap Ooze","floor":5,"gold_loss":0},{"damage_healed":0,"gold_gain":0,"player_choice":"0 cards matched","damage_taken":0,"max_hp_gain":0,"max_hp_loss":0,"event_name":"Match and Keep!","floor":7,"gold_loss":0,"cards_obtained":[]},{"damage_healed":0,"gold_gain":0,"player_choice":"Fight","damage_taken":0,"max_hp_gain":0,"max_hp_loss":0,"event_name":"Colosseum","floor":28,"gold_loss":0},{"damage_healed":0,"gold_gain":0,"player_choice":"Fought Nobs","damage_taken":0,"max_hp_gain":0,"max_hp_loss":0,"event_name":"Colosseum","floor":28,"gold_loss":0}],"is_beta":false,"boss_relics":[{"not_picked":["Nuclear Battery","Runic Pyramid"],"picked":"Philosopher\u0027s Stone"}],"items_purged_floors":[4],"is_endless":false,"potions_floor_spawned":[1,2,12,20,21,28],"killed_by":"Colosseum Nobs","ascension_level":20}}