{"host":"nh1tx9wty0m9wedw","time":1608197636,"event":{"mods":["BaseMod","Colored Map","Colored Powertips","Minty Spire (QoL Compilation)"],"gold_per_floor":[112,43,218,218,242,271,271,286,286,321,341,341,355,375,375,476,476,486,486,504,243,99,125,125,144,189,189,199,215,215,65,65,65,65],"floor_reached":33,"playtime":2120,"items_purged":[],"score":303,"play_id":"465da48a-acf8-4163-a547-64a60133275c","local_time":"20201217103356","is_ascension_mode":true,"campfire_choices":[{"data":"Demon Form","floor":7,"key":"SMITH"},{"data":"Armaments","floor":12,"key":"SMITH"},{"data":"Limit Break","floor":15,"key":"SMITH"},{"floor":24,"key":"REST"},{"floor":27,"key":"REST"},{"data":"Metallicize","floor":32,"key":"SMITH"}],"circlet_count":0,"master_deck":["Strike_R","Strike_R","Strike_R","Strike_R","Defend_R","Defend_R","Defend_R","Defend_R","Bash","Thunderclap","Wild Strike","Inflame","Doubt","Demon Form+1","Cleave","Twin Strike","Armaments+1","Cleave","Limit Break+1","Bludgeon","Flame Barrier+1","Whirlwind+1","Iron Wave","Heavy Blade+1","Metallicize+1"],"relics":["Burning Blood","PreservedInsect","MealTicket","Blood Vial","Art of War","Black Star","Mummified Hand","Regal Pillow","Self Forming Clay","Bottled Flame","Nunchaku","HandDrill"],"acts_visited":["Exordium","TheCity"],"potions_floor_usage":[6,10,10,13,23,25,28,33],"damage_taken":[{"damage":6,"enemies":"2 Louse","floor":1,"turns":3},{"damage":16,"enemies":"3 Sentries","floor":6,"turns":7},{"damage":12,"enemies":"Jaw Worm","floor":8,"turns":2},{"damage":16,"enemies":"Lagavulin","floor":10,"turns":5},{"damage":1,"enemies":"Cultist","floor":11,"turns":3},{"damage":5,"enemies":"Looter","floor":13,"turns":2},{"damage":7,"enemies":"Exordium Wildlife","floor":14,"turns":2},{"damage":55,"enemies":"The Guardian","floor":16,"turns":12},{"damage":53,"enemies":"Spheric Guardian","floor":18,"turns":6},{"damage":35,"enemies":"Shell Parasite","floor":20,"turns":6},{"damage":52,"enemies":"Gremlin Leader","floor":23,"turns":7},{"damage":18,"enemies":"Snake Plant","floor":25,"turns":4},{"damage":17,"enemies":"Snecko","floor":28,"turns":4},{"damage":16,"enemies":"3 Cultists","floor":29,"turns":4},{"damage":105,"enemies":"Automaton","floor":33,"turns":12}],"seed_played":"-52075702228240202","potions_obtained":[{"floor":1,"key":"Energy Potion"},{"floor":6,"key":"CultistPotion"},{"floor":8,"key":"FearPotion"},{"floor":11,"key":"HeartOfIron"},{"floor":20,"key":"AttackPotion"},{"floor":23,"key":"SteroidPotion"},{"floor":25,"key":"ColorlessPotion"},{"floor":28,"key":"HeartOfIron"}],"is_trial":false,"path_per_floor":["M","$","?","?","T","E","R","M","T","E","M","R","M","M","R","B",null,"M","$","M","$","$","E","R","M","T","R","M","M","?","$","R","B"],"character_chosen":"IRONCLAD","items_purchased":["Inflame","Mummified Hand","Regal Pillow","HandDrill"],"campfire_rested":2,"item_purchase_floors":[2,21,22,31],"current_hp_per_floor":[80,80,80,73,73,63,63,57,57,49,56,56,59,60,60,13,80,33,48,21,36,51,7,46,36,36,75,66,58,58,73,73,0,0],"gold":65,"neow_bonus":"THREE_CARDS","is_daily":false,"chose_seed":false,"campfire_upgraded":4,"win_rate":0.0,"timestamp":1608197636,"path_taken":["M","$","?","?","?","E","R","M","T","E","M","R","?","M","R","BOSS","M","$","M","?","$","E","R","M","T","R","M","M","?","$","R","BOSS"],"items_purchased_type":["Card","Relic","Relic","Relic"],"build_version":"2020-12-13","purchased_purges":0,"victory":false,"max_hp_per_floor":[80,80,80,80,80,80,80,80,80,80,80,80,80,80,80,80,80,80,80,80,80,80,80,80,80,80,80,80,80,80,80,80,80,80],"card_choices":[{"not_picked":["Heavy Blade","Havoc"],"picked":"Thunderclap","floor":0},{"not_picked":["Combust","Entrench"],"picked":"Wild Strike","floor":1},{"not_picked":["Armaments","Twin Strike"],"picked":"Demon Form","floor":6},{"not_picked":["Perfected Strike","Heavy Blade"],"picked":"Cleave","floor":8},{"not_picked":["Whirlwind","Sentinel"],"picked":"Twin Strike","floor":10},{"not_picked":["Metallicize","True Grit"],"picked":"Armaments","floor":11},{"not_picked":["Clothesline","Shrug It Off"],"picked":"Cleave","floor":13},{"not_picked":["Pommel Strike","Dual Wield"],"picked":"Limit Break","floor":14},{"not_picked":["Offering","Limit Break"],"picked":"Bludgeon","floor":16},{"not_picked":["True Grit+1","Burning Pact","Blood for Blood"],"picked":"SKIP","floor":18},{"not_picked":["Cleave","Perfected Strike+1"],"picked":"Flame Barrier+1","floor":20},{"not_picked":["Sentinel","Searing Blow"],"picked":"Whirlwind+1","floor":23},{"not_picked":["Cleave","Havoc"],"picked":"Iron Wave","floor":25},{"not_picked":["Bloodletting+1","Ghostly Armor+1"],"picked":"Heavy Blade+1","floor":28},{"not_picked":["Sword Boomerang","Iron Wave","Combust"],"picked":"SKIP","floor":29}],"player_experience":559270,"relics_obtained":[{"floor":5,"key":"PreservedInsect"},{"floor":6,"key":"MealTicket"},{"floor":9,"key":"Blood Vial"},{"floor":10,"key":"Art of War"},{"floor":23,"key":"Self Forming Clay"},{"floor":23,"key":"Bottled Flame"},{"floor":26,"key":"Nunchaku"}],"event_choices":[{"damage_healed":0,"gold_gain":175,"player_choice":"AGREE","damage_taken":0,"max_hp_gain":0,"max_hp_loss":0,"event_name":"Liars Game","floor":3,"gold_loss":0,"cards_obtained":["Doubt"]},{"cards_removed":["Strike_R"],"damage_healed":0,"gold_gain":0,"player_choice":"Card Removal","damage_taken":7,"max_hp_gain":0,"max_hp_loss":0,"event_name":"Golden Wing","floor":4,"gold_loss":0},{"damage_healed":0,"gold_gain":0,"player_choice":"Read","damage_taken":0,"max_hp_gain":0,"max_hp_loss":0,"event_name":"The Library","floor":30,"gold_loss":0,"cards_obtained":["Metallicize"]}],"is_beta":false,"boss_relics":[{"not_picked":["Runic Pyramid","Busted Crown"],"picked":"Black Star"}],"items_purged_floors":[],"is_endless":false,"potions_floor_spawned":[1,6,8,11,20,23,25,28],"killed_by":"Automaton","ascension_level":2}}