{"host":"dd2mx3pm3ovi0t1n","time":1608240028,"event":{"mods":["2.2 Compatiblity","AchievementEnabler","Aspiration","BaseMod","Beaked The Cultist","Better Altar","Better Match","Better Note","Better Sensory Stone","Better Skull","Better Third Choice","BetterRewards","Colored Map","Colored Powertips","Conspire","Defuse TimeMaze Blight","Downfall","Energized Spire","Friendly Minions","GifTheSpireLib","Halation","Highlight Path","HololiveMod","Hubris","Infinite Spire","Jedi Mod","Minty Spire (QoL Compilation)","Permanent Neow","Quick Restart","Replay The Spire","Shop Mod","Spicy Shops","Spikes Relics","StSLib","Stuff the Spire","TestMod","The Construct","Wandering Minibosses","vexMod","????"],"gold_per_floor":[99,11,27,27,38,38,61,79,79,111,111],"floor_reached":10,"playtime":292,"items_purged":[],"score":69,"play_id":"7e7cccbe-67ec-4325-850c-c16f17623ce4","local_time":"20201217132028","is_ascension_mode":true,"campfire_choices":[{"data":"construct:PanicFire","floor":1,"key":"SMITH"},{"data":"construct:PanicFire+1","floor":6,"key":"SMITH"},{"data":"construct:LaserCore","floor":9,"key":"SMITH"}],"circlet_count":0,"master_deck":["construct:Strike_Gold","construct:Strike_Gold","construct:Strike_Gold","construct:Strike_Gold","construct:Strike_Gold","construct:Defend_Gold","construct:Defend_Gold","construct:Defend_Gold","construct:Defend_Gold","construct:Defend_Gold","construct:AttackMode","construct:PanicFire+2","construct:LaserCore","construct:ScopeCore","construct:LaserCore+1"],"relics":["construct:ClockworkPhoenix","testmod-TestBox","ReplayFunnel","Blue Candle"],"acts_visited":["Exordium"],"potions_floor_usage":[],"damage_taken":[{"damage":0,"enemies":"downfall:FleeingMerchant","floor":2,"turns":4},{"damage":6,"enemies":"Jaw Worm","floor":3,"turns":3},{"damage":6,"enemies":"Cultist","floor":5,"turns":3},{"damage":5,"enemies":"Small Slimes","floor":8,"turns":2},{"damage":4,"enemies":"3 Sentries","floor":10,"turns":4}],"seed_played":"-7955048231594729357","potions_obtained":[{"floor":3,"key":"SpeedPotion"},{"floor":8,"key":"SpeedPotion"},{"floor":10,"key":"BlessingOfTheForge"}],"is_trial":false,"path_per_floor":["R","$","M","?","M","R","T","M","R","E"],"character_chosen":"THE_CONSTRUCT_MOD","items_purchased":["construct:LaserCore"],"campfire_rested":0,"item_purchase_floors":[2],"current_hp_per_floor":[77,77,71,71,65,65,65,60,60,56,56],"gold":111,"neow_bonus":"THREE_RARE_CARDS","is_daily":false,"chose_seed":false,"campfire_upgraded":3,"win_rate":0.0,"timestamp":1608240028,"path_taken":["R","$","M","?","M","R","T","M","R","E"],"items_purchased_type":["Card"],"build_version":"2020-12-13","purchased_purges":0,"victory":false,"max_hp_per_floor":[77,77,77,77,77,77,77,77,77,77,77],"card_choices":[{"not_picked":["construct:Bunker","construct:LongRangeLance"],"picked":"construct:PanicFire","floor":0},{"not_picked":["construct:Versatility","construct:Accumulate","construct:Multistage"],"picked":"SKIP","floor":2},{"not_picked":["construct:Accumulate","construct:ScrapCannon"],"picked":"construct:ScopeCore","floor":3},{"not_picked":["construct:SuppressiveFire","construct:ClockworkEgg"],"picked":"construct:LaserCore","floor":5},{"not_picked":["construct:Electrocute","construct:HeavyBolt","construct:ClusterMines"],"picked":"SKIP","floor":8}],"player_experience":449350,"relics_obtained":[{"floor":7,"key":"ReplayFunnel"},{"floor":10,"key":"Blue Candle"}],"event_choices":[{"cards_removed":["construct:DefenseMode"],"damage_healed":0,"gold_gain":0,"player_choice":"Offered Basic","damage_taken":0,"max_hp_gain":0,"max_hp_loss":0,"event_name":"Bonfire Elementals","floor":4,"gold_loss":0}],"is_beta":false,"boss_relics":[],"items_purged_floors":[],"is_endless":false,"potions_floor_spawned":[3,8,10],"killed_by":"3 Sentries","ascension_level":1}}