{"host":"pdsyh71gl8fwuuoe","time":1608178488,"event":{"mods":["AchievementEnabler","Act Like it!","BaseMod","Colored Powertips","Custom Start","Downfall","Highlight Path","Minty Spire (QoL Compilation)","Quick Restart","Relic Stats","StSLib"],"gold_per_floor":[99,99,113,113,132,132,132,142,175,25,25,25,10,20,38,142,142,142,142,158,158,175,210,281,393,422,488,171,204,234,184,214,316,316,316,333,366,291,291,291,291,291,326,353,121,121,156,1,42,67,67,117,17,17,42],"floor_reached":56,"playtime":3428,"items_purged":["expansioncontent:DecasProtection+1","champ:BerserkerStyle"],"score":1420,"play_id":"036fc273-6cc5-4eb3-aa70-add65df66bf4","local_time":"20201216231448","is_ascension_mode":false,"campfire_choices":[{"data":"champ:StrikeOfGenius","floor":1.0,"key":"SMITH"},{"data":"champ:PerfectForm","floor":4.0,"key":"SMITH"},{"data":"champ:SteelEdge","floor":6.0,"key":"SMITH"},{"data":"champ:Encircle","floor":10,"key":"SMITH"},{"data":"champ:PerfectForm","floor":18,"key":"SMITH"},{"data":"champ:AdrenalArmor","floor":21,"key":"SMITH"},{"floor":35,"key":"RECALL"},{"data":"champ:CrookedStrike","floor":38,"key":"SMITH"},{"data":"HandOfGreed","floor":42,"key":"SMITH"},{"data":"champ:Improvising","floor":54,"key":"SMITH"}],"circlet_count":0,"master_deck":["champ:Execute+1","champ:Taunt","champ:SteelEdge+1","champ:StrikeOfGenius+1","champ:BerserkerStyle","champ:SwordSigil","champ:IronFortress","champ:HoldFirm+1","champ:GladiatorStyle","champ:PerfectForm+1","champ:BringItOn","champ:Encircle+1","champ:Encircle+1","champ:DefensiveStyle","champ:AdrenalArmor+1","champ:CrookedStrike+1","champ:PerfectForm+1","champ:Circumvent+1","champ:Improvising+1","champ:AdrenalArmor+1","champ:RageSigil+1","champ:ArenaPreparation+1","HandOfGreed+1","champ:FocusedBerserking+1","champ:AdrenalArmor+1","champ:MurderStrike","champ:FocusedBerserking+1","champ:Duel+1","champ:Backstep+1"],"relics":["Pandora\u0027s Box","Matryoshka","downfall:HeartBlessingGreen","downfall:HeartBlessingBlue","Meat on the Bone","Whetstone","sneckomod:SneckoTalon","Toxic Egg 2","MawBank","StrikeDummy","downfall:GremlinWheel","Toy Ornithopter","champ:BerserkersGuideToSlaughter","InkBottle","champ:ChampionCrownUpgraded","hexamod:BolsterEngine","downfall:HeartBlessingRed","Bottled Tornado","Vajra","Chemical X","ClockworkSouvenir","PreservedInsect"],"acts_visited":["Exordium","TheCity","TheBeyond","TheEnding"],"potions_floor_usage":[27],"damage_taken":[{"damage":19.0,"enemies":"Jaw Worm","floor":3.0,"turns":4.0},{"damage":14.0,"enemies":"Cultist","floor":5.0,"turns":3.0},{"damage":7,"enemies":"2 Louse","floor":8,"turns":3},{"damage":17,"enemies":"Lagavulin","floor":9,"turns":3},{"damage":39,"enemies":"downfall:FleeingMerchant","floor":13,"turns":4},{"damage":5,"enemies":"Blue Slaver","floor":14,"turns":3},{"damage":23,"enemies":"Gremlin Gang","floor":15,"turns":3},{"damage":50,"enemies":"downfall:Watcher","floor":16,"turns":3},{"damage":55,"enemies":"3 Byrds","floor":20,"turns":4},{"damage":36,"enemies":"Chosen","floor":22,"turns":3},{"damage":42,"enemies":"Book of Stabbing","floor":23,"turns":2},{"damage":50,"enemies":"Book of Stabbing","floor":25,"turns":4},{"damage":51,"enemies":"Snake Plant","floor":26,"turns":3},{"damage":87,"enemies":"Gremlin Leader","floor":27,"turns":5},{"damage":97,"enemies":"downfall:FleeingMerchant","floor":28,"turns":4},{"damage":42,"enemies":"Chosen and Byrds","floor":29,"turns":3},{"damage":42,"enemies":"Centurion and Healer","floor":30,"turns":10},{"damage":26,"enemies":"Shelled Parasite and Fungi","floor":32,"turns":2},{"damage":99,"enemies":"downfall:Silent","floor":33,"turns":3},{"damage":74,"enemies":"3 Darklings","floor":36,"turns":3},{"damage":77,"enemies":"Nemesis","floor":37,"turns":3},{"damage":69,"enemies":"3 Shapes","floor":43,"turns":4},{"damage":64,"enemies":"Reptomancer","floor":44,"turns":3},{"damage":23,"enemies":"Jaw Worm Horde","floor":47,"turns":2},{"damage":33,"enemies":"Writhing Mass","floor":49,"turns":3},{"damage":93,"enemies":"downfall:Defect","floor":50,"turns":4},{"damage":101,"enemies":"downfall:CharBossMerchant","floor":52,"turns":6},{"damage":137,"enemies":"downfall:NeowBoss","floor":55,"turns":11}],"seed_played":"4969075712359474594","potions_obtained":[{"floor":3.0,"key":"ColorlessPotion"},{"floor":9,"key":"BlessingOfTheForge"},{"floor":15,"key":"SpeedPotion"},{"floor":27,"key":"Fire Potion"},{"floor":32,"key":"Guardian:BlockOnCardUsePotion"}],"is_trial":false,"path_per_floor":["R","?","M","R","M","R","T","M","E","R","?","T","$","M","M","B",null,"R","?","M","R","M","E","T","?","M","E","$","M","M","$","M","B",null,"R","M","E","R","?","?","T","R","M","E","$","?","M","$","M","B",null,"E","$","R","B",null],"character_chosen":"THE_CHAMP","items_purchased":["champ:ArenaPreparation+1","champ:BerserkersGuideToSlaughter","InkBottle","HandOfGreed","champ:AdrenalArmor+1","Chemical X","ClockworkSouvenir"],"campfire_rested":0,"item_purchase_floors":[28,28,28,28,31,45,48],"current_hp_per_floor":[90,90,79,79,79,79,79,78,78,88,93,93,93,93,82,89,105,105,105,105,105,99,99,99,90,95,104,106,110,110,110,110,110,110,110,110,110,110,100,100,100,100,110,110,110,110,110,110,110,110,110,110,110,110,110],"gold":42,"neow_bonus":"BOSS_RELIC","is_daily":false,"chose_seed":false,"campfire_upgraded":9,"win_rate":0.0,"timestamp":1608178488,"path_taken":["R","?","M","R","?","R","T","M","E","R","?","?","?","?","M","BOSS","R","?","M","R","M","E","T","?","?","E","$","?","M","?","M","BOSS","R","M","E","R","?","?","T","R","?","E","$","?","M","?","M","BOSS","E","$","R","BOSS"],"items_purchased_type":["Card","Relic","Relic","Card","Card","Relic","Relic"],"build_version":"2020-12-13","purchased_purges":2,"victory":true,"max_hp_per_floor":[90,90,90,90,90,90,90,90,90,100,105,105,105,105,105,105,105,105,105,105,105,105,105,105,105,105,110,110,110,110,110,110,110,110,110,110,110,110,110,110,110,110,110,110,110,110,110,110,110,110,110,110,110,110,110],"relic_stats":{"counters":[28,108],"Pandora\u0027s Box":["champ:SteelEdge","champ:StrikeOfGenius","champ:BerserkerStyle","champ:SwordSigil","champ:IronFortress","champ:HoldFirm","champ:GladiatorStyle","champ:PerfectForm"],"PreservedInsect":0,"Whetstone":["champ:Encircle","champ:Execute"],"Chemical X":[8],"MawBank":48,"obtain_stats":[{"downfall:HeartBlessingRed":38,"Vajra":44,"champ:ChampionCrown":0,"downfall:HeartBlessingGreen":10,"champ:ChampionCrownUpgraded":34,"PreservedInsect":52,"Whetstone":12,"Bottled Tornado":41,"sneckomod:SneckoTalon":17,"MawBank":24,"ClockworkSouvenir":48,"Matryoshka":9,"downfall:GremlinWheel":25,"downfall:HeartBlessingBlue":10,"Pandora\u0027s Box":0,"champ:BerserkersGuideToSlaughter":28,"Chemical X":45,"Toxic Egg 2":23,"hexamod:BolsterEngine":37,"StrikeDummy":24,"Toy Ornithopter":27,"InkBottle":28,"Meat on the Bone":12},{"downfall:HeartBlessingRed":21,"Vajra":23,"champ:ChampionCrown":0,"downfall:HeartBlessingGreen":4,"champ:ChampionCrownUpgraded":19,"PreservedInsect":27,"Whetstone":4,"Bottled Tornado":21,"sneckomod:SneckoTalon":8,"MawBank":11,"ClockworkSouvenir":24,"Matryoshka":4,"downfall:GremlinWheel":12,"downfall:HeartBlessingBlue":4,"Pandora\u0027s Box":0,"champ:BerserkersGuideToSlaughter":15,"Chemical X":23,"Toxic Egg 2":11,"hexamod:BolsterEngine":21,"StrikeDummy":11,"Toy Ornithopter":14,"InkBottle":15,"Meat on the Bone":4},{"downfall:HeartBlessingRed":75,"Vajra":82,"champ:ChampionCrown":0,"downfall:HeartBlessingGreen":13,"champ:ChampionCrownUpgraded":69,"PreservedInsect":97,"Whetstone":13,"Bottled Tornado":75,"sneckomod:SneckoTalon":26,"MawBank":35,"ClockworkSouvenir":84,"Matryoshka":13,"downfall:GremlinWheel":39,"downfall:HeartBlessingBlue":13,"Pandora\u0027s Box":0,"champ:BerserkersGuideToSlaughter":51,"Chemical X":82,"Toxic Egg 2":35,"hexamod:BolsterEngine":75,"StrikeDummy":35,"Toy Ornithopter":47,"InkBottle":51,"Meat on the Bone":13}],"Toy Ornithopter":0,"InkBottle":[20],"Meat on the Bone":108},"card_choices":[{"not_picked":["champ:EnragedBash","champ:SkillfulDodge"],"picked":"champ:BringItOn","floor":3.0},{"not_picked":["champ:CalledShot","champ:GladiatorsShout","champ:Backstep"],"picked":"SKIP","floor":5.0},{"not_picked":["champ:Riposte","champ:ViciousMockery"],"picked":"champ:Encircle","floor":8},{"not_picked":["champ:DancingMaster","champ:BladeFlurry"],"picked":"champ:Encircle","floor":9},{"not_picked":["champ:StanceDance","champ:SwordSigil"],"picked":"champ:DefensiveStyle","floor":13},{"not_picked":["champ:FocusedBerserking","champ:EnragedBash"],"picked":"champ:AdrenalArmor","floor":14},{"not_picked":["champ:PreciseThrust","champ:BerserkersShout"],"picked":"champ:CrookedStrike","floor":15},{"not_picked":["champ:CheapShot","champ:SwordThrow"],"picked":"champ:PerfectForm","floor":16},{"not_picked":["champ:FlashCut","champ:PerfectedStrike+1"],"picked":"champ:FightOn","floor":20},{"not_picked":["champ:StanceDance","champ:DefensiveShout"],"picked":"champ:Circumvent+1","floor":22},{"not_picked":["champ:FlashCut+1","champ:FightOn"],"picked":"champ:Improvising","floor":23},{"not_picked":["champ:IronFortress","champ:ShieldSigil+1"],"picked":"champ:AdrenalArmor+1","floor":26},{"not_picked":["champ:CrookedStrike+1","champ:IronFortress"],"picked":"champ:RageSigil+1","floor":27},{"not_picked":["champ:Encircle","champ:FanOfKnives"],"picked":"champ:BerserkerStyle","floor":28},{"not_picked":["champ:GladiatorsShout+1","champ:PerfectedStrike","champ:RisingSlash"],"picked":"SKIP","floor":29},{"not_picked":["champ:Haymaker","champ:Backstep+1"],"picked":"champ:FocusedBerserking+1","floor":30},{"not_picked":["champ:ShieldSlam","champ:Shatter","champ:PerfectedStrike"],"picked":"SKIP","floor":32},{"not_picked":["champ:ShieldSlam","champ:IgnorePain+1"],"picked":"champ:MurderStrike","floor":33},{"not_picked":["champ:Shatter+1","champ:FlashCut","champ:TornadoPunch"],"picked":"SKIP","floor":36},{"not_picked":["champ:CalledShot","champ:ShieldSigil+1"],"picked":"champ:FocusedBerserking+1","floor":37},{"not_picked":["expansioncontent:Torchfire","expansioncontent:YouAreMine+1"],"picked":"expansioncontent:DecasProtection+1","floor":39},{"not_picked":["champ:FlashCut","champ:BerserkerStyle","champ:RecklessLeap+1"],"picked":"SKIP","floor":43},{"not_picked":["champ:DefensiveShout+1","champ:FlashCut+1","champ:TornadoPunch"],"picked":"SKIP","floor":44},{"not_picked":["champ:Backstep+1","champ:RapidStrikes","champ:BerserkersShout+1"],"picked":"SKIP","floor":47},{"not_picked":["champ:TornadoPunch+1","champ:Backstep+1"],"picked":"champ:Duel+1","floor":49},{"not_picked":["champ:EnragedBash+1","champ:Improvising"],"picked":"champ:Backstep+1","floor":52}],"player_experience":644936,"relics_obtained":[{"floor":9,"key":"Matryoshka"},{"floor":12,"key":"Meat on the Bone"},{"floor":12,"key":"Whetstone"},{"floor":23,"key":"Toxic Egg 2"},{"floor":24,"key":"MawBank"},{"floor":24,"key":"StrikeDummy"},{"floor":25,"key":"downfall:GremlinWheel"},{"floor":27,"key":"Toy Ornithopter"},{"floor":37,"key":"hexamod:BolsterEngine"},{"floor":41,"key":"Bottled Tornado"},{"floor":44,"key":"Vajra"},{"floor":52,"key":"PreservedInsect"}],"event_choices":[{"damage_healed":0.0,"max_hp_gain":0.0,"max_hp_loss":0.0,"gold_gain":0.0,"event_name":"NoteForYourself","player_choice":"Ignored","floor":2.0,"gold_loss":0.0,"damage_taken":0.0},{"damage_healed":0,"gold_gain":0,"player_choice":"Donut","damage_taken":0,"max_hp_gain":5,"max_hp_loss":0,"event_name":"Big Fish","floor":11,"gold_loss":0},{"damage_healed":0,"gold_gain":0,"player_choice":"Ignored","damage_taken":0,"max_hp_gain":0,"max_hp_loss":0,"event_name":"Ghosts","floor":19,"gold_loss":0},{"damage_healed":0,"gold_gain":0,"player_choice":"Upgraded","damage_taken":0,"max_hp_gain":0,"max_hp_loss":0,"event_name":"Upgrade Shrine","floor":40,"gold_loss":0,"cards_upgraded":["champ:HoldFirm"]}],"is_beta":false,"boss_relics":[{"not_picked":["Black Star","Cursed Key"],"picked":"sneckomod:SneckoTalon"},{"not_picked":["Snecko Eye","SacredBark"],"picked":"champ:ChampionCrownUpgraded"}],"items_purged_floors":[45,53],"is_endless":false,"potions_floor_spawned":[3,9,15,16,20,22,27,30,32,33,36,37,52],"ascension_level":0}}