{"host":"1kq2ingo3j45gyyp","time":1608193900,"event":{"mods":["BaseMod","Better Note","Better Third Choice","Minty Spire (QoL Compilation)","Shade Mod","StSLib"],"gold_per_floor":[116,47,57,57,69,69,85,120,120,120,140,108,108,188,188,293,293,312,325,415,431,431,461,9,19,42,60,60,60,60,60,60,162,162,177,13,67,67,67,67,28,28,28,28,0,0,32,44,56,68,68],"floor_reached":50,"playtime":1758,"items_purged":["Shade:Strike_Shade"],"score":507,"play_id":"67225f20-525c-40d8-a0b6-720538bc90ac","local_time":"20201217033140","is_ascension_mode":false,"campfire_choices":[{"data":"Shade:Bite_Shade","floor":6,"key":"SMITH"},{"data":"Shade:CommandSoldier","floor":10,"key":"SMITH"},{"data":"Shade:Carnophage","floor":15,"key":"SMITH"},{"data":"Shade:PressTheAttack","floor":29,"key":"SMITH"},{"data":"Shade:Bite_Shade","floor":32,"key":"SMITH"},{"data":"Shade:AuraOfUnlife","floor":40,"key":"SMITH"},{"data":"Shade:FreshBones","floor":42,"key":"SMITH"},{"data":"Shade:FreshBones","floor":49,"key":"SMITH"}],"circlet_count":0,"master_deck":["Shade:Strike_Shade","Shade:Strike_Shade","Shade:Strike_Shade","Shade:Defend_Shade","Shade:Defend_Shade","Shade:Defend_Shade","Shade:Defend_Shade","Shade:AnimateDead+1","Shade:CarefulCut","Shade:Carnophage+1","Shade:Bite_Shade+1","Shade:CommandSoldier+1","Shade:GraveStillness","Shade:FleshLikeOak","Shade:GraveStillness","Shade:Bonestorm","Shade:Bonestorm+1","Shade:Bite_Shade+1","Shade:FeralStrike+1","Shade:Coordination+1","Shade:AuraOfUnlife+1","Shade:FreshBones+1","Shade:FreshBones+1","Shade:Bonestorm","Parasite","Normality","Writhe"],"relics":["Shade:YorickSkull","NeowsBlessing","Meat on the Bone","White Beast Statue","Letter Opener","betterThird:SlimedRelic","Bottled Tornado","Runic Dome","FossilizedHelix","Juzu Bracelet","Membership Card","Du-Vu Doll","Orichalcum","Nunchaku","GremlinMask","Question Card","Cursed Key","Pear","Ice Cream","Ornamental Fan","Turnip","Molten Egg 2","Red Mask","MawBank"],"acts_visited":["Exordium","TheCity","TheBeyond"],"potions_floor_usage":[16,33,37,50,50,50],"damage_taken":[{"damage":0,"enemies":"Cultist","floor":1,"turns":1},{"damage":0,"enemies":"2 Louse","floor":3,"turns":2},{"damage":0,"enemies":"Jaw Worm","floor":5,"turns":1},{"damage":8,"enemies":"Looter","floor":7,"turns":4},{"damage":22,"enemies":"Gremlin Nob","floor":8,"turns":4},{"damage":0,"enemies":"Large Slime","floor":11,"turns":5},{"damage":15,"enemies":"The Guardian","floor":16,"turns":15},{"damage":0,"enemies":"Chosen","floor":18,"turns":6},{"damage":0,"enemies":"Spheric Guardian","floor":19,"turns":4},{"damage":9,"enemies":"Snecko","floor":21,"turns":6},{"damage":35,"enemies":"Gremlin Leader","floor":23,"turns":10},{"damage":12,"enemies":"Snake Plant","floor":25,"turns":6},{"damage":9,"enemies":"Chosen and Byrds","floor":27,"turns":6},{"damage":34,"enemies":"Collector","floor":33,"turns":9},{"damage":0,"enemies":"3 Shapes","floor":35,"turns":4},{"damage":41,"enemies":"2 Orb Walkers","floor":37,"turns":4},{"damage":21,"enemies":"Reptomancer","floor":47,"turns":5},{"damage":59,"enemies":"Awakened One","floor":50,"turns":8}],"seed_played":"1524276252354322745","potions_obtained":[{"floor":1,"key":"SteroidPotion"},{"floor":7,"key":"FearPotion"},{"floor":11,"key":"SkillPotion"},{"floor":16,"key":"Swift Potion"},{"floor":21,"key":"PowerPotion"},{"floor":25,"key":"Strength Potion"},{"floor":33,"key":"FearPotion"},{"floor":37,"key":"SteroidPotion"},{"floor":47,"key":"Strength Potion"}],"is_trial":false,"path_per_floor":["M","$","M","T","M","R","M","E","T","R","M","?","?","T","R","B",null,"M","M","?","M","T","E","$","M","T","M","?","R","?","?","R","B",null,"M","$","?","?","?","R","$","R","T","T","?","?","E","?","R","B"],"character_chosen":"SHADE","items_purchased":["Shade:Bite_Shade","Membership Card","Du-Vu Doll","Orichalcum","Shade:Bite_Shade","Shade:AuraOfUnlife","Pear","Shade:FreshBones","Shade:Bonestorm"],"campfire_rested":0,"item_purchase_floors":[2,24,24,24,24,36,36,41,41],"current_hp_per_floor":[65,65,65,65,65,65,57,41,41,41,47,36,36,36,36,39,65,65,65,53,50,50,36,36,43,43,41,41,41,41,41,41,31,65,65,75,49,49,49,49,49,49,49,49,49,68,50,50,50,0,0],"gold":68,"neow_bonus":"THREE_ENEMY_KILL","is_daily":false,"chose_seed":false,"campfire_upgraded":8,"win_rate":0.0,"timestamp":1608193900,"path_taken":["M","$","M","?","M","R","M","E","T","R","M","?","?","?","R","BOSS","M","M","?","M","?","E","?","M","T","M","?","R","?","?","R","BOSS","M","$","?","?","?","R","?","R","T","?","?","?","E","?","R","BOSS"],"items_purchased_type":["Card","Relic","Relic","Relic","Card","Card","Relic","Card","Card"],"build_version":"2020-12-13","purchased_purges":1,"victory":false,"max_hp_per_floor":[65,65,65,65,65,65,65,65,65,65,65,65,65,65,65,65,65,65,65,65,65,65,65,65,65,65,65,65,65,65,65,65,65,65,65,75,75,75,75,75,75,75,75,75,75,75,75,75,75,75,75],"card_choices":[{"not_picked":["Shade:CommandSoldier","Shade:ExtraLimbs"],"picked":"Shade:Carnophage","floor":1},{"not_picked":["Shade:FeralStrike","Shade:CallOfTheGrave","Shade:Premonition"],"picked":"SKIP","floor":3},{"not_picked":["Shade:RavenousHorde","Shade:LyeBath"],"picked":"Shade:CommandSoldier","floor":5},{"not_picked":["Shade:Brains","Shade:SanguineRitual"],"picked":"Shade:GraveStillness","floor":7},{"not_picked":["Shade:RitualOffering","Shade:Frenzy","Shade:BoneShards"],"picked":"SKIP","floor":8},{"not_picked":["Shade:AblativeArmor","Shade:CallOfTheGrave"],"picked":"Shade:FleshLikeOak","floor":11},{"not_picked":["Shade:Awaken","Shade:Premonition+1"],"picked":"Shade:GraveStillness","floor":18},{"not_picked":["Shade:ScuttlingHand","Shade:StitchTogether"],"picked":"Shade:Bonestorm","floor":19},{"not_picked":["Shade:FingerOfDeath","Shade:AncientSpear","Shade:SoulToxin"],"picked":"SKIP","floor":21},{"not_picked":["Shade:SoulPierce","Shade:SpontaneousRitual"],"picked":"Shade:Bonestorm+1","floor":23},{"not_picked":["Shade:AncientSpear","Shade:BoneShards+1"],"picked":"Shade:PressTheAttack","floor":25},{"not_picked":["Shade:SoulToxin","Shade:AncientSpear+1"],"picked":"Shade:FeralStrike+1","floor":27},{"not_picked":["Shade:MadHubris","Shade:SoulPierce","Shade:UnbarTheGrave"],"picked":"Shade:Coordination","floor":33},{"not_picked":["Shade:Excise","Shade:GraveStillness+1","Shade:SpectralStrikes+1","Shade:ScuttlingHand"],"picked":"SKIP","floor":35},{"not_picked":["Shade:CommandSoldier+1","Shade:ExtraLimbs","Shade:Haruspicy+1"],"picked":"Shade:FreshBones","floor":37},{"not_picked":["Shade:ScuttlingHand+1","Shade:Doomsay+1","Shade:CallWraith","Shade:WallOfFlesh"],"picked":"SKIP","floor":47}],"player_experience":798846,"relics_obtained":[{"floor":4,"key":"Meat on the Bone"},{"floor":8,"key":"White Beast Statue"},{"floor":9,"key":"Letter Opener"},{"floor":14,"key":"Bottled Tornado"},{"floor":22,"key":"FossilizedHelix"},{"floor":23,"key":"Juzu Bracelet"},{"floor":26,"key":"Nunchaku"},{"floor":37,"key":"Ice Cream"},{"floor":43,"key":"Turnip"},{"floor":44,"key":"Molten Egg 2"},{"floor":47,"key":"MawBank"}],"event_choices":[{"damage_healed":0,"gold_gain":0,"player_choice":"Slimed","damage_taken":11,"max_hp_gain":0,"max_hp_loss":0,"event_name":"betterThird:BetterGoop","floor":12,"gold_loss":32},{"damage_healed":0,"gold_gain":0,"player_choice":"Ignored","damage_taken":0,"max_hp_gain":0,"max_hp_loss":0,"event_name":"Golden Wing","floor":13,"gold_loss":0},{"damage_healed":0,"gold_gain":90,"player_choice":"GOLD ","damage_taken":12,"max_hp_gain":0,"max_hp_loss":0,"event_name":"Knowing Skull","floor":20,"potions_obtained":[],"gold_loss":0,"cards_obtained":[]},{"damage_healed":0,"gold_gain":0,"player_choice":"Trade","damage_taken":0,"relics_obtained":["GremlinMask"],"max_hp_gain":0,"max_hp_loss":0,"event_name":"FaceTrader","floor":28,"gold_loss":0},{"damage_healed":0,"gold_gain":0,"player_choice":"Upgraded","damage_taken":0,"max_hp_gain":0,"max_hp_loss":0,"event_name":"Upgrade Shrine","floor":30,"gold_loss":0,"cards_upgraded":["Shade:AnimateDead"]},{"damage_healed":0,"gold_gain":0,"player_choice":"Opened","damage_taken":0,"relics_obtained":["Question Card"],"max_hp_gain":0,"max_hp_loss":0,"event_name":"The Mausoleum","floor":31,"gold_loss":0},{"damage_healed":0,"gold_gain":0,"player_choice":"Fight","damage_taken":0,"max_hp_gain":0,"max_hp_loss":0,"event_name":"Mysterious Sphere","floor":37,"gold_loss":0},{"damage_healed":0,"gold_gain":0,"player_choice":"Gave Potion","damage_taken":0,"relics_obtained":["Ornamental Fan"],"max_hp_gain":0,"max_hp_loss":0,"event_name":"WeMeetAgain","floor":38,"gold_loss":0},{"damage_healed":0,"gold_gain":0,"player_choice":"Forge","damage_taken":0,"max_hp_gain":0,"max_hp_loss":0,"event_name":"Accursed Blacksmith","floor":39,"gold_loss":0,"cards_upgraded":["Shade:Coordination"]},{"damage_healed":0,"gold_gain":0,"player_choice":"Paid","damage_taken":0,"relics_obtained":["Red Mask"],"max_hp_gain":0,"max_hp_loss":0,"event_name":"Tomb of Lord Red Mask","floor":45,"gold_loss":28},{"damage_healed":19,"gold_gain":0,"player_choice":"Writhe","damage_taken":0,"max_hp_gain":0,"max_hp_loss":0,"event_name":"Winding Halls","floor":46,"gold_loss":0,"cards_obtained":["Writhe"]},{"cards_removed":["Shade:PressTheAttack"],"damage_healed":0,"gold_gain":0,"player_choice":"Removed Attack","damage_taken":0,"max_hp_gain":0,"max_hp_loss":0,"event_name":"Falling","floor":48,"gold_loss":0}],"is_beta":false,"boss_relics":[{"not_picked":["Velvet Choker","Philosopher\u0027s Stone"],"picked":"Runic Dome"},{"not_picked":["Fusion Hammer","Pandora\u0027s Box"],"picked":"Cursed Key"}],"items_purged_floors":[24],"is_endless":false,"potions_floor_spawned":[1,7,11,16,18,19,21,23,25,27,33,35,37,47],"killed_by":"Awakened One","ascension_level":0}}