{"host":"oiai0qxasotny765","time":1608192778,"event":{"mods":["2.2 Compatiblity","AchievementEnabler","BaseMod","Colored Map","Minty Spire (QoL Compilation)","Permanent Neow","Relic Stats","StSLib","SuperFastMode","everything is the same but u backflip on backflip"],"gold_per_floor":[11,21,21,21,41,41,52,52,98,110,132,155,155,168,168,168,168],"floor_reached":16,"playtime":450,"items_purged":[],"score":178,"play_id":"11f44803-b139-4409-b94f-80db3f506bba","local_time":"20201217171258","is_ascension_mode":true,"campfire_choices":[{"data":"Neutralize","floor":6,"key":"SMITH"},{"data":"Flechettes","floor":8,"key":"SMITH"},{"data":"Survivor","floor":13,"key":"SMITH"},{"floor":15,"key":"REST"}],"circlet_count":0,"master_deck":["AscendersBane","Strike_G","Strike_G","Strike_G","Strike_G","Defend_G","Defend_G","Defend_G","Defend_G","Survivor+1","Neutralize+1","Flechettes+1","Crippling Poison","Tactician"],"relics":["Ring of the Snake","Art of War","CeramicFish"],"acts_visited":["Exordium"],"potions_floor_usage":[2,16],"damage_taken":[{"damage":4,"enemies":"Cultist","floor":1,"turns":5},{"damage":0,"enemies":"2 Louse","floor":2,"turns":4},{"damage":3,"enemies":"Jaw Worm","floor":5,"turns":5},{"damage":5,"enemies":"Blue Slaver","floor":7,"turns":6},{"damage":4,"enemies":"2 Fungi Beasts","floor":10,"turns":4},{"damage":6,"enemies":"Lots of Slimes","floor":11,"turns":5},{"damage":25,"enemies":"Large Slime","floor":12,"turns":9},{"damage":6,"enemies":"3 Louse","floor":14,"turns":4},{"damage":33,"enemies":"The Guardian","floor":16,"turns":10}],"seed_played":"431097473823480903","potions_obtained":[{"floor":2,"key":"Fruit Juice"},{"floor":5,"key":"BlessingOfTheForge"},{"floor":10,"key":"LiquidMemories"}],"is_trial":false,"path_per_floor":["M","M","$","?","M","R","M","R","T","M","M","M","R","M","R","B"],"character_chosen":"THE_SILENT","items_purchased":[],"campfire_rested":1,"item_purchase_floors":[],"current_hp_per_floor":[55,60,60,60,57,57,52,52,52,48,42,17,17,11,32,0,0],"gold":168,"neow_bonus":"REMOVE_TWO","is_daily":false,"chose_seed":false,"campfire_upgraded":3,"win_rate":0.0,"timestamp":1608192778,"path_taken":["M","M","$","?","M","R","M","R","T","M","M","M","R","M","R","BOSS"],"items_purchased_type":[],"build_version":"2020-12-13","purchased_purges":0,"victory":false,"max_hp_per_floor":[66,71,71,71,71,71,71,71,71,71,71,71,71,71,71,71,71],"relic_stats":{"counters":[9,52],"CeramicFish":18,"Art of War":[0],"obtain_stats":[{"CeramicFish":9,"Art of War":4,"Ring of the Snake":0},{"CeramicFish":4,"Art of War":2,"Ring of the Snake":0},{"CeramicFish":20,"Art of War":9,"Ring of the Snake":0}],"Ring of the Snake":[18]},"card_choices":[{"not_picked":["Quick Slash","Slice","Deflect"],"picked":"SKIP","floor":1},{"not_picked":["Finisher","Concentrate"],"picked":"Backflip","floor":2},{"not_picked":["Quick Slash","Distraction"],"picked":"Flechettes","floor":5},{"not_picked":["Setup","PiercingWail","Catalyst"],"picked":"SKIP","floor":7},{"not_picked":["Flying Knee","Outmaneuver","Sucker Punch"],"picked":"SKIP","floor":10},{"not_picked":["Phantasmal Killer","Bane"],"picked":"Crippling Poison","floor":11},{"not_picked":["Calculated Gamble","Outmaneuver"],"picked":"Tactician","floor":12},{"not_picked":["Dash","All Out Attack","Expertise"],"picked":"SKIP","floor":14}],"player_experience":267470,"relics_obtained":[{"floor":9,"key":"CeramicFish"}],"event_choices":[{"cards_removed":["Backflip"],"damage_healed":0,"gold_gain":0,"player_choice":"Gave Card","damage_taken":0,"relics_obtained":["Art of War"],"max_hp_gain":0,"max_hp_loss":0,"event_name":"WeMeetAgain","floor":4,"gold_loss":0}],"is_beta":false,"boss_relics":[],"items_purged_floors":[],"is_endless":false,"potions_floor_spawned":[2,5,10,12],"killed_by":"The Guardian","ascension_level":17}}