{"host":"kstmajdnxm8lto3o","time":1608238471,"event":{"mods":["Aspiration","BaseMod","Better Third Choice","BetterRewards","CCEM","Conspire","Downfall","Gremlin Skip","Highlight Path","Hubris","Minty Spire (QoL Compilation)","Replay The Spire","Shop Mod","Spicy Shops","StSLib"],"gold_per_floor":[118,134,10,10,33,71,71,106,106,106,106,131,131,155,155,286,349,324,337,352,9,22,56,76,76,76,119,119,119],"floor_reached":28,"playtime":3222,"items_purged":["Strike_B"],"score":284,"play_id":"bb5ea511-f86c-4613-a3d4-f058ce68e5a9","local_time":"20201217155431","is_ascension_mode":true,"campfire_choices":[{"floor":7,"key":"REST"},{"data":"Zap","floor":11,"key":"SMITH"},{"data":"Fusion","floor":15,"key":"SMITH"},{"floor":25,"key":"REST"}],"circlet_count":0,"master_deck":["Dagger Throw+1","Strike_B","Strike_B","Strike_B","Defend_B","Defend_B","Defend_B","Defend_B","Zap+1","Dualcast","Defragment","Go for the Eyes+1","Conserve Battery","Leap","ReplayTheSpireMod:Calculation Training+1","Tempest","Fusion+1","Mirror Shield","Defragment","Barrage","Go for the Eyes","Leap+1","Doom and Gloom","Glacier","Cold Snap","Lockon","BasicCrystalCard"],"relics":["Cracked Core","aspiration:Nostalgia","Slimebound:AbsorbEndCombat","Golden Idol","aspiration:FaultyCoupler","TungstenRod","Tiny House","Membership Card","Oddly Smooth Stone","Runic Capacitor","CCEMRelics:Pendulum","CCEMRelics:TinyMinotavrHorn","MealTicket"],"acts_visited":["Exordium","TheCity"],"potions_floor_usage":[18,23],"damage_taken":[{"damage":0,"enemies":"Cultist","floor":1,"turns":2},{"damage":2,"enemies":"2 Louse","floor":2,"turns":2},{"damage":1,"enemies":"Jaw Worm","floor":5,"turns":4},{"damage":26,"enemies":"Gremlin Nob","floor":6,"turns":5},{"damage":15,"enemies":"Lagavulin","floor":8,"turns":6},{"damage":0,"enemies":"3 Louse","floor":12,"turns":3},{"damage":2,"enemies":"Looter","floor":14,"turns":3},{"damage":41,"enemies":"Fading Forest","floor":16,"turns":11},{"damage":6,"enemies":"2 Thieves","floor":18,"turns":5},{"damage":7,"enemies":"3 Byrds","floor":19,"turns":5},{"damage":9,"enemies":"Snake Plant","floor":20,"turns":4},{"damage":10,"enemies":"Centurion and Healer","floor":22,"turns":7},{"damage":30,"enemies":"Slavers","floor":23,"turns":6},{"damage":7,"enemies":"Shelled Parasite and Fungi","floor":24,"turns":6},{"damage":4,"enemies":"Gremlin Leader","floor":27,"turns":6},{"damage":34,"enemies":"3 Cultists","floor":28,"turns":4}],"seed_played":"-5033288819719075358","potions_obtained":[{"floor":1,"key":"Venom Potion"},{"floor":8,"key":"EssenceOfSteel"},{"floor":12,"key":"FearPotion"},{"floor":14,"key":"FocusPotion"},{"floor":19,"key":"FearPotion"},{"floor":24,"key":"SteroidPotion"}],"is_trial":false,"path_per_floor":["M","M","$","?","M","E","R","E","T","?","R","M","?","M","R","B",null,"M","M","M","$","M","E","M","R","T","E","M"],"character_chosen":"DEFECT","items_purchased":["Conserve Battery","Membership Card","Oddly Smooth Stone","Runic Capacitor","Doom and Gloom"],"campfire_rested":2,"item_purchase_floors":[3,21,21,21,21],"current_hp_per_floor":[75,73,73,55,54,28,50,35,35,35,35,35,35,33,33,2,80,74,67,58,58,48,18,11,35,35,31,0,0],"gold":119,"neow_bonus":"NOSTALGIA","is_daily":false,"chose_seed":false,"campfire_upgraded":2,"win_rate":0.0,"timestamp":1608238471,"path_taken":["M","M","?","?","M","E","R","E","T","?","R","M","?","M","R","BOSS","M","M","M","$","M","E","M","R","T","E","M"],"items_purchased_type":["Card","Relic","Relic","Relic","Card"],"build_version":"2020-12-13","purchased_purges":1,"victory":false,"max_hp_per_floor":[75,75,75,75,75,75,75,75,75,75,75,75,75,75,75,75,80,80,80,80,80,80,80,80,80,80,80,80,80],"card_choices":[{"not_picked":["Consume","BasicCrystalCard"],"picked":"Defragment","floor":1},{"not_picked":["Self Repair","Compile Driver"],"picked":"Go for the Eyes","floor":2},{"not_picked":["ReplayTheSpireMod:System Scan","Gash"],"picked":"Leap","floor":5},{"not_picked":["Double Energy","Time Bomb","Turbo"],"picked":"SKIP","floor":6},{"not_picked":["ReplayTheSpireMod:GoodbyeWorld","Compile Driver"],"picked":"ReplayTheSpireMod:Calculation Training","floor":8},{"not_picked":["Turbo","Glacier"],"picked":"Tempest","floor":12},{"not_picked":["Steam","Melter"],"picked":"Fusion","floor":14},{"not_picked":["Amplify","ReplayRNGCard"],"picked":"Mirror Shield","floor":16},{"not_picked":["Compile Driver","aspiration:Polymerization"],"picked":"Defragment","floor":17},{"not_picked":["Rip and Tear","Beam Cell"],"picked":"Barrage","floor":18},{"not_picked":["Leap","Tempest"],"picked":"Go for the Eyes","floor":19},{"not_picked":["Rebound","Gash"],"picked":"Leap+1","floor":20},{"not_picked":["Stack+1","Sunder+1"],"picked":"Glacier","floor":22},{"not_picked":["Conserve Battery","Hologram"],"picked":"Cold Snap","floor":23},{"not_picked":["Crystallizer","BootSequence+1"],"picked":"Lockon","floor":24},{"not_picked":["Rebound","Barrage"],"picked":"BasicCrystalCard","floor":27}],"player_experience":455236,"relics_obtained":[{"floor":6,"key":"aspiration:FaultyCoupler"},{"floor":8,"key":"TungstenRod"},{"floor":23,"key":"CCEMRelics:Pendulum"},{"floor":26,"key":"CCEMRelics:TinyMinotavrHorn"},{"floor":27,"key":"MealTicket"}],"event_choices":[{"damage_healed":0,"gold_gain":0,"player_choice":"Take Damage","damage_taken":18,"relics_obtained":["Golden Idol"],"max_hp_gain":0,"max_hp_loss":0,"event_name":"Golden Idol","floor":4,"gold_loss":0},{"damage_healed":0,"gold_gain":0,"player_choice":"Disagree","damage_taken":0,"max_hp_gain":0,"max_hp_loss":0,"event_name":"conspire:LoneGhost","floor":13,"gold_loss":0}],"is_beta":false,"boss_relics":[{"not_picked":["Runic Pyramid","hubris:HollowSoul"],"picked":"Tiny House"}],"items_purged_floors":[3],"is_endless":false,"potions_floor_spawned":[1,8,12,14,19,22,24],"killed_by":"3 Cultists","ascension_level":1}}