{"host":"4qkvkh7pd9qr2mca","time":1608219264,"event":{"mods":["AchievementEnabler","BaseMod","Colored Map","Colored Powertips","Highlight Path","Minty Spire (QoL Compilation)","Permanent Neow","Quick Restart","StSLib","SuperFastMode"],"gold_per_floor":[111,111,2,77,87,87,120,120,193,208,242,207,222,236,236,236,236],"floor_reached":16,"playtime":472,"items_purged":[],"score":220,"play_id":"77d3d32e-81a1-4143-a3c4-580ab799e295","local_time":"20201217163424","is_ascension_mode":true,"campfire_choices":[{"data":"Footwork","floor":6,"key":"SMITH"},{"floor":8,"key":"REST"},{"data":"Phantasmal Killer","floor":15,"key":"SMITH"}],"circlet_count":0,"master_deck":["AscendersBane","Strike_G","Strike_G","Strike_G","Strike_G","Defend_G","Defend_G","Defend_G","Defend_G","Survivor","Neutralize","Parasite","Predator","Skewer+1","Flying Knee","Footwork+1","Backflip","Dash","Dodge and Roll","Phantasmal Killer+1","PiercingWail","Backflip"],"relics":["Ring of the Snake","Meat on the Bone","Pantograph","Orichalcum"],"acts_visited":["Exordium"],"potions_floor_usage":[11,16],"damage_taken":[{"damage":8,"enemies":"Small Slimes","floor":1,"turns":3},{"damage":5,"enemies":"Jaw Worm","floor":5,"turns":4},{"damage":33,"enemies":"3 Sentries","floor":7,"turns":8},{"damage":5,"enemies":"2 Louse","floor":10,"turns":2},{"damage":23,"enemies":"Gremlin Nob","floor":11,"turns":4},{"damage":1,"enemies":"Looter","floor":13,"turns":2},{"damage":5,"enemies":"Blue Slaver","floor":14,"turns":3},{"damage":54,"enemies":"Hexaghost","floor":16,"turns":14}],"seed_played":"4491259966795182371","potions_obtained":[{"floor":7,"key":"CultistPotion"},{"floor":13,"key":"PowerPotion"},{"floor":14,"key":"FearPotion"}],"is_trial":false,"path_per_floor":["M","?","$","?","M","R","E","R","T","M","E","?","M","M","R","B"],"character_chosen":"THE_SILENT","items_purchased":["Footwork","Backflip"],"campfire_rested":1,"item_purchase_floors":[3,3],"current_hp_per_floor":[51,51,51,40,35,35,2,21,21,28,17,33,44,39,39,10,10],"gold":236,"neow_bonus":"TRANSFORM_TWO_CARDS","is_daily":false,"chose_seed":false,"campfire_upgraded":2,"win_rate":0.0,"timestamp":1608219264,"path_taken":["M","?","$","?","M","R","E","R","T","M","E","?","M","M","R","BOSS"],"items_purchased_type":["Card","Card"],"build_version":"2020-12-13","purchased_purges":0,"victory":false,"max_hp_per_floor":[66,66,66,66,66,66,66,66,66,66,66,66,66,66,66,66,66],"card_choices":[{"not_picked":["Distraction","Quick Slash"],"picked":"Flying Knee","floor":1},{"not_picked":["Leg Sweep","Blade Dance"],"picked":"Dash","floor":5},{"not_picked":["Setup","Quick Slash"],"picked":"Dodge and Roll","floor":7},{"not_picked":["Noxious Fumes","Blade Dance"],"picked":"Phantasmal Killer","floor":10},{"not_picked":["Acrobatics","Slice"],"picked":"PiercingWail","floor":11},{"not_picked":["Endless Agony","Acrobatics"],"picked":"Backflip","floor":13},{"not_picked":["Dagger Throw","Deflect","Cloak And Dagger"],"picked":"SKIP","floor":14}],"player_experience":438149,"relics_obtained":[{"floor":7,"key":"Meat on the Bone"},{"floor":9,"key":"Pantograph"},{"floor":11,"key":"Orichalcum"}],"event_choices":[{"damage_healed":0,"gold_gain":0,"player_choice":"Grow","damage_taken":0,"max_hp_gain":0,"max_hp_loss":0,"event_name":"Living Wall","floor":2,"gold_loss":0,"cards_upgraded":["Skewer"]},{"damage_healed":0,"gold_gain":75,"player_choice":"Gather Gold","damage_taken":11,"max_hp_gain":0,"max_hp_loss":0,"event_name":"World of Goop","floor":4,"gold_loss":0},{"damage_healed":16,"gold_gain":0,"player_choice":"Healed","damage_taken":0,"max_hp_gain":0,"max_hp_loss":0,"event_name":"The Cleric","floor":12,"gold_loss":35}],"is_beta":false,"boss_relics":[],"items_purged_floors":[],"is_endless":false,"potions_floor_spawned":[7,13,14],"killed_by":"Hexaghost","ascension_level":20}}