{"host":"utqe55yv0jihe4d6","time":1608242141,"event":{"mods":["2.2 Compatiblity","AchievementEnabler","BaseMod","Block Reminder","Colored Map","Colored Powertips","Minty Spire (QoL Compilation)","Quick Restart","Rare Cards Sparkle","Relic Stats","SuperFastMode"],"gold_per_floor":[114,13,31,45,45,45,85,85,85,85,85,85,85,85,120,120,215,215,233,251,264,264,288,324,324,347,347,386,386,420,420,98,98,187,187,211,211,544,559,579,579,604,604,604,617,617,617,633,667,667,667,667],"floor_reached":51,"playtime":1819,"items_purged":["Defend_R","Writhe"],"score":1167,"play_id":"aa9fb509-4111-45fe-b439-51baad7dced2","local_time":"20201217165541","is_ascension_mode":true,"campfire_choices":[{"data":"Armaments","floor":6.0,"key":"SMITH"},{"data":"Bash","floor":8.0,"key":"SMITH"},{"data":"Shrug It Off","floor":10.0,"key":"SMITH"},{"floor":13.0,"key":"REST"},{"floor":14.0,"key":"REST"},{"data":"Demon Form","floor":16.0,"key":"SMITH"},{"floor":25.0,"key":"REST"},{"floor":29.0,"key":"REST"},{"floor":33.0,"key":"REST"},{"floor":41.0,"key":"REST"},{"floor":47,"key":"RECALL"},{"floor":50,"key":"REST"}],"circlet_count":0,"master_deck":["AscendersBane","Strike_R","Strike_R","Strike_R+1","Strike_R+1","Defend_R+1","Defend_R+1","Defend_R","Bash+1","Armaments+1","Anger","Shrug It Off+1","Headbutt","Demon Form+1","Offering","Feed","Feel No Pain","Flame Barrier","Exhume","True Grit","Disarm+1","Shrug It Off","Fiend Fire","Burning Pact+1","Inflame+1","Feel No Pain","Burning Pact","Bloodletting+1"],"relics":["Burning Blood","Charon\u0027s Ashes","Torii","StrikeDummy","Fusion Hammer","Orichalcum","Gambling Chip","Ornamental Fan","Du-Vu Doll","Sundial","PreservedInsect","Runic Pyramid","Ancient Tea Set","Whetstone"],"acts_visited":["Exordium","TheCity","TheBeyond"],"potions_floor_usage":[49,51],"damage_taken":[{"damage":14.0,"enemies":"Jaw Worm","floor":1.0,"turns":6.0},{"damage":1.0,"enemies":"Cultist","floor":3.0,"turns":3.0},{"damage":11.0,"enemies":"Small Slimes","floor":4.0,"turns":4.0},{"damage":32.0,"enemies":"Gremlin Nob","floor":7.0,"turns":4.0},{"damage":21.0,"enemies":"3 Sentries","floor":15.0,"turns":6.0},{"damage":13.0,"enemies":"Slime Boss","floor":17.0,"turns":8.0},{"damage":6.0,"enemies":"Spheric Guardian","floor":19.0,"turns":3.0},{"damage":18.0,"enemies":"3 Byrds","floor":20.0,"turns":4.0},{"damage":13.0,"enemies":"Centurion and Healer","floor":21.0,"turns":5.0},{"damage":14.0,"enemies":"Cultist and Chosen","floor":23.0,"turns":5.0},{"damage":18.0,"enemies":"Gremlin Leader","floor":24.0,"turns":8.0},{"damage":16.0,"enemies":"Snake Plant","floor":26.0,"turns":4.0},{"damage":30.0,"enemies":"Slavers","floor":28.0,"turns":9.0},{"damage":41.0,"enemies":"Gremlin Leader","floor":30.0,"turns":9.0},{"damage":44.0,"enemies":"Collector","floor":34.0,"turns":8.0},{"damage":6.0,"enemies":"Orb Walker","floor":36.0,"turns":3.0},{"damage":34.0,"enemies":"3 Darklings","floor":39.0,"turns":5.0},{"damage":18.0,"enemies":"Jaw Worm Horde","floor":40.0,"turns":4.0},{"damage":8.0,"enemies":"Giant Head","floor":42.0,"turns":6.0},{"damage":19,"enemies":"Spire Growth","floor":45,"turns":6},{"damage":7,"enemies":"Sphere and 2 Shapes","floor":48,"turns":7},{"damage":7,"enemies":"Nemesis","floor":49,"turns":5},{"damage":105,"enemies":"Awakened One","floor":51,"turns":6}],"seed_played":"5258203324821397555","potions_obtained":[{"floor":1.0,"key":"LiquidMemories"},{"floor":15.0,"key":"Swift Potion"},{"floor":17.0,"key":"Weak Potion"},{"floor":21.0,"key":"FearPotion"},{"floor":24.0,"key":"CultistPotion"},{"floor":36.0,"key":"GamblersBrew"},{"floor":40.0,"key":"Weak Potion"},{"floor":49,"key":"ColorlessPotion"}],"is_trial":false,"path_per_floor":["M","$","M","M","?","R","E","R","T","R","?","?","R","R","E","R","B",null,"M","M","M","?","M","E","R","M","T","E","R","E","?","$","R","B",null,"M","?","?","M","M","R","E","?","T","M","?","R","M","E","R","B"],"character_chosen":"IRONCLAD","items_purchased":["Armaments","PreservedInsect","Shrug It Off"],"campfire_rested":7,"item_purchase_floors":[2,32,32],"current_hp_per_floor":[67,67,72,67,67,67,41,41,41,41,19,19,41,63,48,48,41,66,66,58,54,54,49,37,62,55,55,37,64,33,33,33,62,24,79,79,79,79,54,45,75,73,73,73,60,60,60,63,65,96,0,0],"gold":667,"neow_bonus":"TEN_PERCENT_HP_BONUS","is_daily":false,"chose_seed":false,"campfire_upgraded":4,"win_rate":0.0,"timestamp":1608242141,"path_taken":["M","$","M","M","?","R","E","R","T","R","?","?","R","R","E","R","BOSS","M","M","M","?","M","E","R","M","T","E","R","E","?","$","R","BOSS","M","?","?","M","M","R","E","?","T","?","?","R","M","E","R","BOSS"],"items_purchased_type":["Card","Relic","Card"],"build_version":"2020-12-13","purchased_purges":2,"victory":false,"max_hp_per_floor":[82,82,82,82,74,74,74,74,74,74,74,74,74,74,74,74,74,74,74,78,81,81,84,84,84,87,87,93,93,97,97,97,97,97,97,97,97,97,100,103,103,103,103,103,103,98,98,102,105,105,108,108],"relic_stats":{"Torii":26,"counters":[23,128],"Ornamental Fan":[48],"Sundial":[8],"Gambling Chip":[36],"Charon\u0027s Ashes":[477],"PreservedInsect":180,"Whetstone":["Strike_R","Strike_R"],"Orichalcum":[12],"obtain_stats":[{"Torii":9,"Golden Idol":5,"Charon\u0027s Ashes":7,"PreservedInsect":32,"Whetstone":49,"Orichalcum":24,"Ancient Tea Set":42,"Burning Blood":0,"Du-Vu Doll":30,"Ornamental Fan":28,"Sundial":31,"Gambling Chip":27,"Fusion Hammer":18,"StrikeDummy":15,"Runic Pyramid":35},{"Torii":4,"Golden Idol":3,"Charon\u0027s Ashes":4,"PreservedInsect":14,"Whetstone":22,"Orichalcum":11,"Ancient Tea Set":19,"Burning Blood":0,"Du-Vu Doll":14,"Ornamental Fan":13,"Sundial":14,"Gambling Chip":12,"Fusion Hammer":6,"StrikeDummy":5,"Runic Pyramid":15},{"Torii":17,"Golden Idol":13,"Charon\u0027s Ashes":17,"PreservedInsect":78,"Whetstone":122,"Orichalcum":56,"Ancient Tea Set":104,"Burning Blood":0,"Du-Vu Doll":78,"Ornamental Fan":69,"Sundial":78,"Gambling Chip":60,"Fusion Hammer":31,"StrikeDummy":23,"Runic Pyramid":86}],"Burning Blood":132},"card_choices":[{"not_picked":["Entrench","Seeing Red","Heavy Blade"],"picked":"SKIP","floor":1.0},{"not_picked":["Sentinel","Clash"],"picked":"Anger","floor":3.0},{"not_picked":["Cleave","Metallicize"],"picked":"Shrug It Off","floor":4.0},{"not_picked":["Pommel Strike","Evolve"],"picked":"Headbutt","floor":7.0},{"not_picked":["Dropkick","Cleave"],"picked":"Offering","floor":15.0},{"not_picked":["Limit Break","Berserk"],"picked":"Feed","floor":17.0},{"not_picked":["Body Slam","Wild Strike"],"picked":"Twin Strike+1","floor":19.0},{"not_picked":["Headbutt","Anger","Seeing Red"],"picked":"SKIP","floor":20.0},{"not_picked":["Wild Strike","Armaments","Clash"],"picked":"SKIP","floor":21.0},{"not_picked":["Pommel Strike","Cleave"],"picked":"Flame Barrier","floor":23.0},{"not_picked":["Clothesline","Thunderclap"],"picked":"Exhume","floor":24.0},{"not_picked":["Spot Weakness","Body Slam+1"],"picked":"True Grit","floor":26.0},{"not_picked":["Anger","Brutality","Cleave+1"],"picked":"SKIP","floor":28.0},{"not_picked":["Body Slam","True Grit"],"picked":"Disarm+1","floor":30.0},{"not_picked":["Bludgeon","Berserk"],"picked":"Fiend Fire","floor":34.0},{"not_picked":["Intimidate","True Grit"],"picked":"Burning Pact+1","floor":36.0},{"not_picked":["Body Slam","Rupture","Ghostly Armor+1"],"picked":"SKIP","floor":39.0},{"not_picked":["Pommel Strike+1","Sword Boomerang"],"picked":"Inflame+1","floor":40.0},{"not_picked":["Twin Strike","Heavy Blade+1"],"picked":"Feel No Pain","floor":42.0},{"not_picked":["Twin Strike+1","True Grit"],"picked":"Burning Pact","floor":45},{"not_picked":["Thunderclap+1","Anger+1"],"picked":"Bloodletting+1","floor":48},{"not_picked":["Thunderclap","Combust+1","Entrench"],"picked":"SKIP","floor":49}],"player_experience":2792082,"relics_obtained":[{"floor":7.0,"key":"Charon\u0027s Ashes"},{"floor":9.0,"key":"Torii"},{"floor":15.0,"key":"StrikeDummy"},{"floor":24.0,"key":"Orichalcum"},{"floor":27.0,"key":"Gambling Chip"},{"floor":28.0,"key":"Ornamental Fan"},{"floor":30.0,"key":"Du-Vu Doll"},{"floor":42.0,"key":"Ancient Tea Set"},{"floor":49,"key":"Whetstone"}],"event_choices":[{"damage_healed":0.0,"max_hp_gain":0.0,"max_hp_loss":8.0,"gold_gain":0.0,"event_name":"Golden Idol","player_choice":"Lose Max HP","floor":5.0,"gold_loss":0.0,"damage_taken":0.0,"relics_obtained":["Golden Idol"]},{"damage_healed":0.0,"max_hp_gain":0.0,"max_hp_loss":0.0,"gold_gain":0.0,"event_name":"Shining Light","player_choice":"Entered Light","floor":11.0,"gold_loss":0.0,"damage_taken":22.0,"cards_upgraded":["Defend_R","Defend_R"]},{"damage_healed":0.0,"max_hp_gain":0.0,"max_hp_loss":0.0,"gold_gain":0.0,"cards_transformed":["Strike_R"],"event_name":"Transmorgrifier","player_choice":"Transformed","floor":12.0,"gold_loss":0.0,"damage_taken":0.0,"cards_obtained":["Demon Form"]},{"damage_healed":0.0,"max_hp_gain":0.0,"max_hp_loss":0.0,"gold_gain":0.0,"event_name":"The Library","player_choice":"Read","floor":22.0,"gold_loss":0.0,"damage_taken":0.0,"cards_obtained":["Feel No Pain"]},{"damage_healed":0.0,"max_hp_gain":0.0,"max_hp_loss":0.0,"gold_gain":0.0,"event_name":"The Mausoleum","player_choice":"Opened","floor":31.0,"gold_loss":0.0,"damage_taken":0.0,"relics_obtained":["Sundial"],"cards_obtained":["Writhe"]},{"cards_removed":["Twin Strike"],"damage_healed":0.0,"max_hp_gain":0.0,"max_hp_loss":0.0,"gold_gain":0.0,"event_name":"Falling","player_choice":"Removed Attack","floor":37.0,"gold_loss":0.0,"damage_taken":0.0},{"damage_healed":0.0,"max_hp_gain":0.0,"max_hp_loss":0.0,"gold_gain":333.0,"event_name":"The Moai Head","player_choice":"Gave Idol","floor":38.0,"relics_lost":["Golden Idol"],"gold_loss":0.0,"damage_taken":0.0},{"damage_healed":0.0,"max_hp_gain":0.0,"max_hp_loss":0.0,"gold_gain":0.0,"event_name":"SecretPortal","player_choice":"Ignored","floor":43.0,"gold_loss":0.0,"damage_taken":0.0},{"damage_healed":0,"gold_gain":0,"player_choice":"Max HP","damage_taken":0,"max_hp_gain":0,"max_hp_loss":5,"event_name":"Winding Halls","floor":46,"gold_loss":0}],"is_beta":false,"boss_relics":[{"not_picked":["Calling Bell","Black Blood"],"picked":"Fusion Hammer"},{"not_picked":["Coffee Dripper","Pandora\u0027s Box"],"picked":"Runic Pyramid"}],"items_purged_floors":[2,32],"is_endless":false,"potions_floor_spawned":[1,15,17,21,24,26,36,40,49],"killed_by":"Awakened One","ascension_level":20}}