{"host":"nzbmlpcdnvxt2rpm","time":1608226482,"event":{"mods":["2.2 Compatiblity","AchievementEnabler","BaseMod","Better Altar","Better Match","Better Note","Better Sensory Stone","Better Skull","Better Third Choice","BetterRewards","Block Reminder","Colored Map","Colored Powertips","Highlight Path","Minty Spire (QoL Compilation)","Quick Restart","Relic Stats","Shop Mod","Spicy Shops","StSLib","The Animator","The Construct","The Necromancer","The Runesmith"],"gold_per_floor":[113,113,138,154,154,154,179,197,245,245,245],"floor_reached":10,"playtime":1228,"items_purged":[],"score":58,"play_id":"0c0b2a99-397d-4ae0-8a98-250ebca6277e","local_time":"20201217113442","is_ascension_mode":false,"campfire_choices":[{"floor":6,"key":"RECALL"}],"circlet_count":0,"master_deck":["construct:Strike_Gold","construct:Strike_Gold","construct:Strike_Gold","construct:Strike_Gold","construct:Strike_Gold","construct:Defend_Gold","construct:Defend_Gold","construct:Defend_Gold","construct:Defend_Gold","construct:Defend_Gold","construct:AttackMode","construct:DefenseMode","construct:LaserCore","Injury","construct:SuppressiveFire","construct:SuppressiveFire","construct:Zapper"],"relics":["construct:Cogwheel","Golden Idol","Oddly Smooth Stone"],"acts_visited":["Exordium"],"potions_floor_usage":[10,10],"damage_taken":[{"damage":3.0,"enemies":"Small Slimes","floor":1.0,"turns":4.0},{"damage":7,"enemies":"Jaw Worm","floor":4,"turns":5},{"damage":11,"enemies":"2 Louse","floor":7,"turns":3},{"damage":16,"enemies":"Blue Slaver","floor":8,"turns":5},{"damage":86,"enemies":"Gremlin Nob","floor":10,"turns":7}],"seed_played":"-3186687960195289605","potions_obtained":[{"floor":4,"key":"Weak Potion"},{"floor":7,"key":"SneckoOil"}],"is_trial":false,"path_per_floor":["M","?","T","M","?","R","M","M","T","E"],"character_chosen":"THE_CONSTRUCT_MOD","items_purchased":[],"campfire_rested":0,"item_purchase_floors":[],"current_hp_per_floor":[90,90,90,83,88,88,77,61,61,0,0],"gold":245,"neow_bonus":"TEN_PERCENT_HP_BONUS","is_daily":false,"chose_seed":false,"campfire_upgraded":0,"win_rate":0.0,"timestamp":1608226482,"path_taken":["M","?","?","M","?","R","M","M","T","E"],"items_purchased_type":[],"build_version":"2020-12-13","purchased_purges":0,"victory":false,"max_hp_per_floor":[93,93,93,93,98,98,98,98,98,98,98],"relic_stats":{"counters":[5,24],"Golden Idol":12,"obtain_stats":[{"Golden Idol":2,"construct:Cogwheel":0,"Oddly Smooth Stone":9},{"Golden Idol":1,"construct:Cogwheel":0,"Oddly Smooth Stone":4},{"Golden Idol":4,"construct:Cogwheel":0,"Oddly Smooth Stone":17}]},"card_choices":[{"not_picked":["construct:Anticipate","construct:PowerUp"],"picked":"construct:LaserCore","floor":1.0},{"not_picked":["construct:Reinforce","construct:Synchronize"],"picked":"construct:SuppressiveFire","floor":4},{"not_picked":["construct:SaveState","construct:Accumulate"],"picked":"construct:SuppressiveFire","floor":7},{"not_picked":["construct:Forcefield","construct:PowerUp"],"picked":"construct:Zapper","floor":8}],"player_experience":129264,"relics_obtained":[{"floor":9,"key":"Oddly Smooth Stone"}],"event_choices":[{"damage_healed":0,"gold_gain":0,"player_choice":"Take Wound","damage_taken":0,"relics_obtained":["Golden Idol"],"max_hp_gain":0,"max_hp_loss":0,"event_name":"Golden Idol","floor":2,"gold_loss":0,"cards_obtained":["Injury"]},{"damage_healed":0,"gold_gain":0,"player_choice":"Donut","damage_taken":0,"max_hp_gain":5,"max_hp_loss":0,"event_name":"Big Fish","floor":5,"gold_loss":0}],"is_beta":false,"boss_relics":[],"items_purged_floors":[],"is_endless":false,"potions_floor_spawned":[4,7],"killed_by":"Gremlin Nob","ascension_level":0}}