{"host":"6wux4armhsntp4yb","time":1608182483,"event":{"mods":["BaseMod","Colored Map","DeckTracker","Minty Spire (QoL Compilation)","Relic Stats"],"gold_per_floor":[11,11,28,40,54,54,85,102,102,113,113,113,129,161,161,161,161],"floor_reached":16,"playtime":784,"items_purged":[],"score":228,"play_id":"a340cc2e-aaf7-4aa6-b34d-e779fcec9245","local_time":"20201217142123","is_ascension_mode":true,"campfire_choices":[{"data":"Neutralize","floor":6.0,"key":"SMITH"},{"floor":12.0,"key":"REST"},{"data":"Backflip","floor":15,"key":"SMITH"}],"circlet_count":0,"master_deck":["AscendersBane","Strike_G","Strike_G","Strike_G","Defend_G","Defend_G","Defend_G","Defend_G","Defend_G","Survivor","Neutralize+1","Escape Plan","Deflect","Noxious Fumes+1","Backflip+1","Deadly Poison","Dagger Throw","PiercingWail","Dagger Throw","Cloak And Dagger+1","Sucker Punch+1","Tactician+1"],"relics":["Ring of the Snake","Oddly Smooth Stone","Toxic Egg 2","Molten Egg 2","Frozen Egg 2"],"acts_visited":["Exordium"],"potions_floor_usage":[],"damage_taken":[{"damage":7.0,"enemies":"Jaw Worm","floor":1.0,"turns":10.0},{"damage":6.0,"enemies":"Cultist","floor":3.0,"turns":5.0},{"damage":0.0,"enemies":"2 Louse","floor":4.0,"turns":4.0},{"damage":0.0,"enemies":"Looter","floor":5.0,"turns":4.0},{"damage":30.0,"enemies":"Gremlin Nob","floor":7.0,"turns":5.0},{"damage":0.0,"enemies":"3 Louse","floor":8.0,"turns":4.0},{"damage":0.0,"enemies":"Blue Slaver","floor":10.0,"turns":4.0},{"damage":2.0,"enemies":"Red Slaver","floor":13.0,"turns":4.0},{"damage":5.0,"enemies":"3 Sentries","floor":14.0,"turns":6.0},{"damage":29,"enemies":"Hexaghost","floor":16,"turns":11}],"seed_played":"7070950376391751639","potions_obtained":[{"floor":1.0,"key":"SkillPotion"},{"floor":3.0,"key":"EssenceOfSteel"},{"floor":8.0,"key":"PowerPotion"},{"floor":13.0,"key":"Strength Potion"}],"is_trial":false,"path_per_floor":["M","?","M","M","M","R","E","M","T","M","T","R","M","E","R","B"],"character_chosen":"THE_SILENT","items_purchased":[],"campfire_rested":1,"item_purchase_floors":[],"current_hp_per_floor":[52,52,46,46,46,46,16,16,16,16,16,35,33,28,28,0,0],"gold":161,"neow_bonus":"TRANSFORM_TWO_CARDS","is_daily":false,"chose_seed":false,"campfire_upgraded":2,"win_rate":0.0,"timestamp":1608182483,"path_taken":["M","?","M","M","M","R","E","M","T","M","?","R","?","E","R","BOSS"],"items_purchased_type":[],"build_version":"2020-12-13","purchased_purges":0,"victory":false,"max_hp_per_floor":[66,66,66,66,66,66,66,66,66,66,66,66,66,66,66,66,66],"relic_stats":{"counters":[10,57],"obtain_stats":[{"Oddly Smooth Stone":7,"Molten Egg 2":11,"Toxic Egg 2":9,"Frozen Egg 2":14,"Ring of the Snake":0},{"Oddly Smooth Stone":5,"Molten Egg 2":7,"Toxic Egg 2":6,"Frozen Egg 2":9,"Ring of the Snake":0},{"Oddly Smooth Stone":28,"Molten Egg 2":36,"Toxic Egg 2":32,"Frozen Egg 2":46,"Ring of the Snake":0}],"Ring of the Snake":[20]},"card_choices":[{"not_picked":["Backflip","Blade Dance"],"picked":"Noxious Fumes","floor":1.0},{"not_picked":["Outmaneuver","Dagger Throw"],"picked":"Backflip","floor":3.0},{"not_picked":["Bane","Dodge and Roll"],"picked":"Deadly Poison","floor":4.0},{"not_picked":["Blade Dance","Sucker Punch"],"picked":"Dagger Throw","floor":5.0},{"not_picked":["Endless Agony","Cloak And Dagger"],"picked":"PiercingWail","floor":7.0},{"not_picked":["Finisher","Sucker Punch"],"picked":"Dagger Throw","floor":8.0},{"not_picked":["Dagger Throw","Poisoned Stab"],"picked":"Cloak And Dagger+1","floor":10.0},{"not_picked":["Accuracy","Prepared+1"],"picked":"Sucker Punch+1","floor":13.0},{"not_picked":["Sucker Punch+1","Well Laid Plans+1"],"picked":"Tactician+1","floor":14.0}],"player_experience":5660078,"relics_obtained":[{"floor":7.0,"key":"Oddly Smooth Stone"},{"floor":9.0,"key":"Toxic Egg 2"},{"floor":11.0,"key":"Molten Egg 2"},{"floor":14.0,"key":"Frozen Egg 2"}],"event_choices":[{"damage_healed":0.0,"max_hp_gain":0.0,"max_hp_loss":0.0,"gold_gain":0.0,"event_name":"Living Wall","player_choice":"Grow","floor":2.0,"gold_loss":0.0,"damage_taken":0.0,"cards_upgraded":["Noxious Fumes"]}],"is_beta":false,"boss_relics":[],"items_purged_floors":[],"is_endless":false,"potions_floor_spawned":[1,3,8,13],"killed_by":"Hexaghost","ascension_level":20}}