{"host":"4c7oxphrh4ok8x7u","time":1608218601,"event":{"mods":["2.2 Compatiblity","Act Like it!","Aspiration","BaseMod","Better Skull","Better Vampires","BetterRewards","Challenge The Spire","Conjunction","Conspire","Custom Start","Dota2Spire","Friendly Minions","FruityMod","GifTheSpireLib","Halation","Hermit","HololiveMod","Hubris","Hyrulean Relics","Jedi Mod","Kratos Character Expansion","Minty Spire (QoL Compilation)","MostiFishMod","Permanent Neow","Prisma Mod","Quarter Circle Forward PUNCH!","RatMod","Replay The Spire","Robot Space Explorer","SCP261 Mod","Shade Mod","Slay the Relics Exporter","Small Relic Pack","Spicy Shops","Spikes Relics","Spires And Sneckos","StSLib","Stuff the Spire","The Animator","The Blue Laboratory","The Death Knight","The Edgeheg","The Exalted","The Fake Hero","The Trickster","TheWitcher","Wandering Minibosses"],"gold_per_floor":[119,119,119,119,137,137,147,147,147,160,200,75,75,114,114,235,235,259,139,159,178,90,90,108,144,167,182,222,245,264,264,264,390,390,413,253,269,209,223,237,271,271,295,309,333,353,0,18,18,18,18,18,18,51,51],"floor_reached":56,"playtime":3062,"items_purged":["Strike_G","Strike_G","Defend_G","Strike_G","Writhe","Defend_G"],"score":1938,"play_id":"65757e5b-cb6d-495a-8c95-100141ddad9f","local_time":"20201217182321","is_ascension_mode":false,"campfire_choices":[{"data":"RefreshScreen","floor":6,"key":"SMITH"},{"floor":15,"key":"RECALL"},{"data":"MostiFishMod:BrokenBlackCloak","floor":23,"key":"SMITH"},{"data":"Writhe","floor":32,"key":"PURGE"},{"data":"luka_mod:Determination","floor":42,"key":"SMITH"},{"data":"ReplayTheSpireMod:Private Reserves","floor":49,"key":"SMITH"},{"data":"StuffTheSpire:ShieldGenerator","floor":52,"key":"SMITH"}],"circlet_count":0,"master_deck":["Strike_G","Defend_G","Defend_G","Survivor","Neutralize","rat:SilverDagger+1","ReplayTheSpireMod:Private Reserves+1","StuffTheSpire:Injection","RefreshScreen+1","Secret Weapon+1","BattleHymn","Bromod:ExaltedBlade","Outmaneuver","MostiFishMod:BrokenBlackCloak+1","Madness+1","MostiFishMod:SparklingWater","Devotion","Chrysalis","animator:Spearman","Poisoned Stab+1","Bromod:SteelFiber","PrismaMod:IllyaInstallAlterEgo","luka_mod:Determination+1","Mirror Shield+1","conspire:Banana+1","rat:EchoingStrikes+1","PrismaMod:ChloeCheapAttackTwo","luka_mod:StrikeLuka","theTrickster:RampingUpStrike+1","StuffTheSpire:ShieldGenerator+1","hubris:SharpeningStone+1","theTrickster:PlayingWithFire+1","Regret"],"relics":["DaveBox","hubris:Backtick","DiscerningMonocle","jedi:heavyjacket","Question Card","PrismaticShard","Potion Belt","BionicSphere","jedi:fakemustache","White Beast Statue","hubris:Metronome","Golden Idol","SnafuTest:BearRelic","rat:PhantomDancer","hubris:TenFootPole","StuffTheSpire:GrapeVine","halation:Thesaurus","ReplayTheSpireMod:ShopPack","Replay:Ringing Soul","qcfpunch:Chain_With_Nametags","ClockworkSouvenir","relicPack:OneForAll","CaptainsWheel","ImportantClient","FeatherPendant","wanderingMiniBosses:Blackblade","Centennial Puzzle","Bromod:ArcaneUltimatum","Golden Egg","ToxicTincture","War Paint","Chemical X","qcfpunch:Special_Ops_Insignia","aspiration:VileToxins","Bag of Marbles","Membership Card","TheAbacus","halation:AfternoonTea","Dota2Spire:ArmletOfMordiggian","StuffTheSpire:Barrel","qcfpunch:Not_Strongest_Fighting_Style_Guidebook","Sozu","Dodecahedron","MealTicket","SnailShell","hubris:SlimyHat","Pear","SpikesRelics:SneckoPlush","Ginger","Lantern","Red Mask","Nunchaku","Snack Pack","relicPack:InfinityGauntlet","Blue Candle","Dota2Spire:BattleFury","conspire:TreasureMap","Du-Vu Doll"],"acts_visited":["Exordium","TheCity","TheBeyond","TheEnding"],"potions_floor_usage":[11,55,55],"damage_taken":[{"damage":7,"enemies":"2 Louse","floor":1,"turns":4},{"damage":0,"enemies":"conspire:RoseBush","floor":5,"turns":2},{"damage":0,"enemies":"Cultist","floor":7,"turns":3},{"damage":0,"enemies":"Large Slime","floor":10,"turns":4},{"damage":0,"enemies":"3 Sentries","floor":11,"turns":4},{"damage":0,"enemies":"Lagavulin","floor":14,"turns":4},{"damage":0,"enemies":"Hexaghost","floor":16,"turns":7},{"damage":0,"enemies":"Shell Parasite","floor":18,"turns":5},{"damage":0,"enemies":"Chosen","floor":20,"turns":2},{"damage":0,"enemies":"Snake Plant","floor":21,"turns":1},{"damage":0,"enemies":"Shelled Parasite and Fungi","floor":24,"turns":3},{"damage":0,"enemies":"conspire:SneckoGhost","floor":25,"turns":1},{"damage":0,"enemies":"Chosen and Byrds","floor":27,"turns":4},{"damage":0,"enemies":"conspire:MimicChest","floor":28,"turns":4},{"damage":0,"enemies":"Centurion and Healer","floor":29,"turns":3},{"damage":0,"enemies":"Snake Plant","floor":30,"turns":1},{"damage":0,"enemies":"Pondfish","floor":33,"turns":4},{"damage":0,"enemies":"Orb Walker","floor":35,"turns":2},{"damage":0,"enemies":"3 Darklings","floor":37,"turns":2},{"damage":0,"enemies":"Spire Growth","floor":39,"turns":1},{"damage":0,"enemies":"Maw","floor":40,"turns":3},{"damage":0,"enemies":"Reptomancer","floor":41,"turns":3},{"damage":0,"enemies":"Writhing Mass","floor":44,"turns":1},{"damage":0,"enemies":"Transient","floor":45,"turns":3},{"damage":0,"enemies":"Jaw Worm Horde","floor":46,"turns":2},{"damage":0,"enemies":"3 Darklings","floor":48,"turns":1},{"damage":0,"enemies":"Time Eater","floor":50,"turns":3},{"damage":0,"enemies":"Shield and Spear","floor":54,"turns":1},{"damage":0,"enemies":"The Heart","floor":55,"turns":3}],"seed_played":"7650309528921519341","potions_obtained":[{"floor":5,"key":"Reflective Coating"},{"floor":7,"key":"AttackPotion"},{"floor":10,"key":"blueLaboratory:BottleOfRum"},{"floor":11,"key":"jedi:wingpotion"},{"floor":14,"key":"blueLaboratory:NullPotion"},{"floor":16,"key":"Venom Potion"},{"floor":18,"key":"blueLaboratory:PhilterOfMotion"},{"floor":30,"key":"LifebloodPotion"}],"is_trial":false,"path_per_floor":["M","?","$","?","M","R","M","?","T","M","E","$","?","E","R","B",null,"M","$","M","M","$","R","M","E","T","M","?","M","M","?","R","B",null,"M","$","M","?","M","M","E","R","T","M","M","M","?","M","R","B",null,"R","$","E","B",null],"character_chosen":"THE_SILENT","items_purchased":["Potion Belt","BionicSphere","jedi:fakemustache","White Beast Statue","hubris:Metronome","halation:Komachan","ReplayTheSpireMod:Private Reserves","StuffTheSpire:Injection","hubris:TenFootPole","StuffTheSpire:GrapeVine","halation:Thesaurus","Replay:Ringing Soul","qcfpunch:Chain_With_Nametags","ClockworkSouvenir","Outmaneuver","Centennial Puzzle","Bromod:ArcaneUltimatum","Golden Egg","ToxicTincture","War Paint","Chemical X","Poisoned Stab","qcfpunch:Special_Ops_Insignia","aspiration:VileToxins","Bag of Marbles","Membership Card","TheAbacus","halation:AfternoonTea","Dodecahedron","MealTicket","SnailShell","hubris:SlimyHat","Pear","SpikesRelics:SneckoPlush","conspire:Banana","Nunchaku","Snack Pack","relicPack:InfinityGauntlet","Blue Candle","Dota2Spire:BattleFury","conspire:TreasureMap"],"campfire_rested":0,"item_purchase_floors":[3,3,3,3,3,3,3,3,12,12,12,12,12,12,12,19,19,19,19,19,19,19,22,22,22,22,22,22,36,36,36,36,36,36,36,53,53,53,53,53,53],"current_hp_per_floor":[63,63,70,70,70,70,70,53,53,53,53,73,73,76,76,79,79,82,85,88,91,94,94,94,94,94,94,94,94,97,100,100,103,103,103,116,119,119,122,125,128,128,128,131,134,138,138,141,141,141,141,141,144,144,148],"gold":51,"neow_bonus":"BOSS_RELIC","is_daily":false,"chose_seed":false,"campfire_upgraded":5,"win_rate":0.0,"timestamp":1608218601,"path_taken":["M","?","$","?","M","R","?","?","T","M","E","$","?","E","R","BOSS","M","$","M","M","$","R","M","E","T","M","?","?","M","?","R","BOSS","M","$","M","?","M","?","E","R","T","M","M","M","?","M","R","BOSS","R","$","E","BOSS"],"items_purchased_type":["Relic","Relic","Relic","Relic","Relic","Relic","Card","Card","Relic","Relic","Relic","Relic","Relic","Relic","Card","Relic","Relic","Relic","Relic","Relic","Relic","Card","Relic","Relic","Relic","Relic","Relic","Relic","Relic","Relic","Relic","Relic","Relic","Relic","Card","Relic","Relic","Relic","Relic","Relic","Relic"],"build_version":"2020-12-13","purchased_purges":6,"victory":true,"max_hp_per_floor":[70,70,70,70,70,70,70,70,70,70,70,73,73,76,76,79,79,82,85,88,91,94,94,94,94,94,94,94,94,97,100,100,103,103,103,116,119,119,122,125,128,128,128,131,134,138,138,141,141,141,141,141,144,144,148],"card_choices":[{"not_picked":["MostiFishMod:FrostNova","Cloak And Dagger"],"picked":"rat:SilverDagger","floor":1},{"not_picked":["Massacre","hermit:Virtue","RobotSpaceExplorer:SurgingStrike"],"picked":"RefreshScreen","floor":5},{"not_picked":["MostiFishMod:BrandingRite","SashWhip","conspire:Rain"],"picked":"Secret Weapon","floor":7},{"not_picked":["SashWhip","animator:Verdia","PrismaMod:ChloeCommonAOEAttack"],"picked":"BattleHymn","floor":10},{"not_picked":["Bromod:ShatteringImpact","theEdgeheg:RollAndShoot","StuffTheSpire:LoadUp"],"picked":"Bromod:ExaltedBlade","floor":11},{"not_picked":["MostiFishMod:PerfectForm","MostiFishMod:Kaleido","MostiFishMod:ElfcollectionBox"],"picked":"MostiFishMod:BrokenBlackCloak","floor":12},{"not_picked":["MostiFishMod:MusicBox","Survey Options","MostiFishMod:JungleRules"],"picked":"Madness","floor":12},{"not_picked":["jedi:forcepull","hubris:EnhanceAbility","MostiFishMod:MusicBox"],"picked":"MostiFishMod:SparklingWater","floor":12},{"not_picked":["MostiFishMod:ThornCasing","Hololive_Drill","animator:MamiTomoe"],"picked":"Devotion","floor":14},{"not_picked":["MostiFishMod:SeaWaves","Meteor Strike","MostiFishMod:Nomercy"],"picked":"Chrysalis","floor":16},{"not_picked":["wanderingMiniBosses:FinaleOfPromise"],"picked":"SKIP","floor":18},{"not_picked":["animator:Spearman","PrismaMod:IllyaBerserCAR","PrismaMod:MiyuUncommonDexBuff","RobotSpaceExplorer:GearShield"],"picked":"SKIP","floor":18},{"not_picked":["PrismaMod:IllyaBerserCAR","PrismaMod:MiyuUncommonDexBuff","RobotSpaceExplorer:GearShield"],"picked":"animator:Spearman","floor":18},{"not_picked":["wanderingMiniBosses:FinaleOfPromise"],"picked":"SKIP","floor":18},{"not_picked":["luka_mod:IliasesJudgement+1","theTrickster:SharpBlade","RobotSpaceExplorer:SurgingShield"],"picked":"Bromod:SteelFiber","floor":20},{"not_picked":["Hololive_CallShiroganeNoel","Hololive_CallYukihanaLamy","theEdgeheg:Fastness"],"picked":"PrismaMod:IllyaInstallAlterEgo","floor":21},{"not_picked":["StuffTheSpire:NuclearReactor","animator:Demiurge","Nebula","Abandon"],"picked":"SKIP","floor":24},{"not_picked":["KratosMod:Endure","rat:Decimate","animator:Berserker","Hololive_CallYogiri"],"picked":"SKIP","floor":25},{"not_picked":["Cloak And Dagger","SnafuTest:BombSamum","theTrickster:ThickVest","theTrickster:TrickyStrike+1"],"picked":"SKIP","floor":27},{"not_picked":["Shade:FreshBones","RobotSpaceExplorer:MakeshiftVolley","ClearTheMind","theTrickster:StudiedSnipe+1"],"picked":"SKIP","floor":29},{"not_picked":["Hololive_CallNatsuiroMatsuri+1","PrismaMod:MiyuCheapStrBuff","Eureka"],"picked":"luka_mod:Determination","floor":30},{"not_picked":["animator:Kyubey","Establishment","Impervious"],"picked":"Mirror Shield","floor":33},{"not_picked":["luka_mod:Struggle","luka_mod:BladeOfHowlingWind+1","Flux","Bromod:FormaBlueprint+1"],"picked":"SKIP","floor":35},{"not_picked":["hermit:Snipe+1","Shade:FuneraryJewels+1","Time Bomb+1"],"picked":"rat:EchoingStrikes+1","floor":37},{"not_picked":["hermit:Dive+1","Clothesline","Hololive_Psychosis+1"],"picked":"PrismaMod:ChloeCheapAttackTwo","floor":39},{"not_picked":["theTrickster:CautiousManeuver+1","hermit:Shortfuse+1","theEdgeheg:GirlWithGun+1"],"picked":"luka_mod:StrikeLuka","floor":40},{"not_picked":["Hololive_CandyCastle","animator:Entoma+1","theEdgeheg:TurboChaos"],"picked":"theTrickster:RampingUpStrike+1","floor":41},{"not_picked":["Draining Mist","SnafuTest:SpellTortoise+1","Tools of the Trade"],"picked":"StuffTheSpire:ShieldGenerator","floor":44},{"not_picked":["Caltrops","Halt+1","theEdgeheg:Parry+1"],"picked":"hubris:SharpeningStone+1","floor":45},{"not_picked":["luka_mod:EarthSlash+1","theTrickster:StudiedSnipe","StuffTheSpire:LoadUp","theTrickster:DivingSlice"],"picked":"SKIP","floor":46},{"not_picked":["PrismaMod:MiyuDefenseRemoval","DeathKnight:BludPresence","DeathKnight:Ossuary"],"picked":"theTrickster:PlayingWithFire+1","floor":48},{"not_picked":["theEdgeheg:EndlessKatanas","jedi:poisonivy","animator:Kazuma","Shade:BoneShards+1"],"picked":"SKIP","floor":54}],"player_experience":622161,"relics_obtained":[{"floor":1,"key":"Question Card"},{"floor":1,"key":"PrismaticShard"},{"floor":9,"key":"SnafuTest:BearRelic"},{"floor":11,"key":"rat:PhantomDancer"},{"floor":14,"key":"CaptainsWheel"},{"floor":16,"key":"ImportantClient"},{"floor":18,"key":"wanderingMiniBosses:Blackblade"},{"floor":25,"key":"Dota2Spire:ArmletOfMordiggian"},{"floor":28,"key":"StuffTheSpire:Barrel"},{"floor":41,"key":"Ginger"},{"floor":43,"key":"Lantern"},{"floor":54,"key":"Du-Vu Doll"}],"event_choices":[{"damage_healed":0,"gold_gain":0,"player_choice":"Grow","damage_taken":0,"max_hp_gain":0,"max_hp_loss":0,"event_name":"Living Wall","floor":2,"gold_loss":0,"cards_upgraded":["rat:SilverDagger"]},{"cards_removed":["Strike_G"],"damage_healed":0,"gold_gain":0,"player_choice":"Purged","damage_taken":0,"max_hp_gain":0,"max_hp_loss":0,"event_name":"Purifier","floor":4,"gold_loss":0},{"damage_healed":0,"gold_gain":0,"player_choice":"Take Damage","damage_taken":17,"relics_obtained":["Golden Idol"],"max_hp_gain":0,"max_hp_loss":0,"event_name":"Golden Idol","floor":8,"gold_loss":0},{"damage_healed":0,"gold_gain":0,"player_choice":"Opened","damage_taken":0,"relics_obtained":["qcfpunch:Not_Strongest_Fighting_Style_Guidebook"],"max_hp_gain":0,"max_hp_loss":0,"event_name":"The Mausoleum","floor":31,"gold_loss":0,"cards_obtained":["Writhe"]},{"cards_removed":["Defend_G"],"damage_healed":0,"gold_gain":0,"player_choice":"Single Remove","damage_taken":0,"max_hp_gain":0,"max_hp_loss":0,"event_name":"Designer","floor":38,"gold_loss":60},{"damage_healed":0,"gold_gain":0,"player_choice":"Paid","damage_taken":0,"relics_obtained":["Red Mask"],"max_hp_gain":0,"max_hp_loss":0,"event_name":"Tomb of Lord Red Mask","floor":47,"gold_loss":353}],"is_beta":false,"boss_relics":[{"not_picked":["halation:MonkeysPaw","Snecko Scales"],"picked":"FeatherPendant"},{"not_picked":["hubris:BlackHole","EE1DDrone"],"picked":"Sozu"}],"items_purged_floors":[3,12,12,19,22,36],"is_endless":false,"potions_floor_spawned":[1,5,7,10,11,14,16,18,20,21,24,25,27,28,29,30,33,35,37,39,40,41,44,45,46,48,54],"ascension_level":0}}