{"host":"bznrw1tuv4hzt226","time":1608168933,"event":{"mods":["BaseMod","Colored Map","Friendly Minions","Highlight Path","Minty Spire (QoL Compilation)","Permanent Neow","Relic Stats","Slay-I","StSLib","SuperFastMode"],"gold_per_floor":[110,124,134,88,102,133,133,166,166,199,217,244,244,22,22,121,121,131,131,230,230,121,121,138,138,163,193,193,208,242,254,254,353,353,371,381,19,19,19,52,52,78,78,106,125,125,125,137,137,137],"floor_reached":51,"playtime":1908,"items_purged":["Strike_R","Strike_R"],"score":1284,"play_id":"371af9e2-bb4b-4f19-b02e-3360ec235dd4","local_time":"20201217103533","is_ascension_mode":true,"campfire_choices":[{"data":"Whirlwind","floor":7.0,"key":"SMITH"},{"data":"Bash","floor":13.0,"key":"SMITH"},{"data":"Juggernaut","floor":15.0,"key":"SMITH"},{"data":"Demon Form","floor":23.0,"key":"SMITH"},{"data":"Clothesline","floor":25.0,"key":"SMITH"},{"data":"Heavy Blade","floor":28.0,"key":"SMITH"},{"data":"Perfected Strike","floor":32.0,"key":"SMITH"},{"data":"Bludgeon","floor":41,"key":"SMITH"},{"data":"Heavy Blade","floor":46,"key":"SMITH"},{"data":"Pommel Strike","floor":49,"key":"SMITH"}],"circlet_count":0,"master_deck":["Defend_R+1","Defend_R+1","Defend_R","Defend_R","Bash+1","Pommel Strike+1","Whirlwind+1","Perfected Strike+1","Wild Strike","Corruption","Juggernaut+1","Heavy Blade+1","Apotheosis+1","Shrug It Off+1","Demon Form+1","Heavy Blade+1","Disarm+1","Clothesline+1","Heavy Blade+1","Bludgeon+1","Shrug It Off+1","Limit Break+1"],"relics":["Snecko Eye","Orichalcum","Matryoshka","Toxic Egg 2","Bottled Flame","War Paint","Champion Belt","Coffee Dripper","Kunai","Red Skull","Mummified Hand","TungstenRod","Empty Cage","Eternal Feather","Bag of Preparation","Strawberry","Blue Candle","Frozen Egg 2"],"acts_visited":["Exordium","TheCity","TheBeyond"],"potions_floor_usage":[44,45,50],"damage_taken":[{"damage":1.0,"enemies":"Cultist","floor":1.0,"turns":3.0},{"damage":2.0,"enemies":"Small Slimes","floor":2.0,"turns":2.0},{"damage":2.0,"enemies":"Jaw Worm","floor":3.0,"turns":4.0},{"damage":1.0,"enemies":"2 Fungi Beasts","floor":5.0,"turns":2.0},{"damage":5.0,"enemies":"Lagavulin","floor":6.0,"turns":3.0},{"damage":5.0,"enemies":"3 Sentries","floor":8.0,"turns":3.0},{"damage":15.0,"enemies":"Lagavulin","floor":10.0,"turns":5.0},{"damage":7.0,"enemies":"Blue Slaver","floor":11.0,"turns":2.0},{"damage":4.0,"enemies":"3 Sentries","floor":12.0,"turns":3.0},{"damage":18.0,"enemies":"The Guardian","floor":16.0,"turns":10.0},{"damage":0.0,"enemies":"Spheric Guardian","floor":18.0,"turns":3.0},{"damage":6.0,"enemies":"Chosen","floor":24.0,"turns":3.0},{"damage":0.0,"enemies":"Slavers","floor":27.0,"turns":1.0},{"damage":3.0,"enemies":"Sentry and Sphere","floor":29.0,"turns":3.0},{"damage":0.0,"enemies":"Gremlin Leader","floor":30.0,"turns":3.0},{"damage":0.0,"enemies":"Shelled Parasite and Fungi","floor":31.0,"turns":2.0},{"damage":6.0,"enemies":"Collector","floor":33.0,"turns":5.0},{"damage":2.0,"enemies":"Orb Walker","floor":35.0,"turns":3.0},{"damage":5.0,"enemies":"3 Shapes","floor":36.0,"turns":5.0},{"damage":7,"enemies":"Reptomancer","floor":40,"turns":4},{"damage":15,"enemies":"Nemesis","floor":42,"turns":5},{"damage":0,"enemies":"Reptomancer","floor":44,"turns":4},{"damage":0,"enemies":"Jaw Worm Horde","floor":45,"turns":1},{"damage":7,"enemies":"Sphere and 2 Shapes","floor":48,"turns":5},{"damage":9,"enemies":"Awakened One","floor":50,"turns":8}],"seed_played":"-8388877838608969200","potions_obtained":[{"floor":2.0,"key":"ColorlessPotion"},{"floor":8.0,"key":"SteroidPotion"},{"floor":12.0,"key":"FearPotion"},{"floor":27.0,"key":"SteroidPotion"},{"floor":31.0,"key":"EssenceOfSteel"},{"floor":33.0,"key":"FearPotion"},{"floor":36.0,"key":"DistilledChaos"},{"floor":40,"key":"HeartOfIron"}],"is_trial":false,"path_per_floor":["M","M","M","$","M","E","R","E","T","E","M","E","R","$","R","B",null,"M","?","?","?","$","R","M","R","T","E","R","M","E","M","R","B",null,"M","M","$","?","?","E","R","E","T","E","M","R","?","M","R","B",null],"character_chosen":"IRONCLAD","items_purchased":["Perfected Strike","Apotheosis+1","Shrug It Off+1","Disarm+1","Eternal Feather"],"campfire_rested":0,"item_purchase_floors":[4,14,14,22,37],"current_hp_per_floor":[71,69,67,67,66,61,61,56,56,41,34,30,30,30,30,12,63,63,63,63,48,48,48,42,42,42,42,42,39,39,39,39,33,72,70,65,65,65,65,58,70,62,62,62,62,74,74,67,79,70],"gold":137,"neow_bonus":"BOSS_RELIC","is_daily":false,"chose_seed":false,"campfire_upgraded":10,"win_rate":0.0,"timestamp":1608168933,"path_taken":["M","M","M","?","M","E","R","E","T","E","?","E","R","$","R","BOSS","M","?","?","?","?","R","M","R","T","E","R","M","E","?","R","BOSS","M","M","$","?","?","E","R","E","T","E","M","R","?","M","R","BOSS"],"items_purchased_type":["Card","Card","Card","Card","Relic"],"build_version":"2020-12-13","purchased_purges":2,"victory":true,"max_hp_per_floor":[80,80,80,80,80,80,80,80,80,80,80,80,80,80,80,80,80,80,80,80,85,85,85,85,85,85,85,85,85,85,85,85,85,85,85,85,85,85,81,81,81,88,88,88,88,88,88,88,88,88],"relic_stats":{"counters":[25,92],"Mummified Hand":[45],"Blue Candle":[0],"Snecko Eye":[156,177,163,145],"Eternal Feather":36,"Bag of Preparation":[10],"Champion Belt":[10],"Kunai":[17],"Orichalcum":[144],"War Paint":["Defend_R","Defend_R"],"obtain_stats":[{"Blue Candle":43,"Eternal Feather":37,"Bag of Preparation":40,"Orichalcum":6,"War Paint":10,"Frozen Egg 2":44,"Empty Cage":34,"Burning Blood":0,"Bottled Flame":9,"Matryoshka":8,"Mummified Hand":27,"Strawberry":42,"Snecko Eye":0,"Coffee Dripper":17,"Champion Belt":12,"Kunai":26,"Toxic Egg 2":9,"Red Skull":26,"TungstenRod":30},{"Blue Candle":21,"Eternal Feather":19,"Bag of Preparation":20,"Orichalcum":5,"War Paint":7,"Frozen Egg 2":22,"Empty Cage":17,"Burning Blood":0,"Bottled Flame":6,"Matryoshka":6,"Mummified Hand":13,"Strawberry":21,"Snecko Eye":0,"Coffee Dripper":10,"Champion Belt":9,"Kunai":12,"Toxic Egg 2":6,"Red Skull":12,"TungstenRod":15},{"Blue Candle":74,"Eternal Feather":65,"Bag of Preparation":69,"Orichalcum":14,"War Paint":22,"Frozen Egg 2":78,"Empty Cage":57,"Burning Blood":0,"Bottled Flame":17,"Matryoshka":17,"Mummified Hand":44,"Strawberry":74,"Snecko Eye":0,"Coffee Dripper":37,"Champion Belt":27,"Kunai":43,"Toxic Egg 2":17,"Red Skull":43,"TungstenRod":50}],"TungstenRod":18},"card_choices":[{"not_picked":["Twin Strike","Havoc"],"picked":"Pommel Strike","floor":1.0},{"not_picked":["Sword Boomerang","Armaments"],"picked":"Whirlwind","floor":2.0},{"not_picked":["Anger","Flex","Twin Strike"],"picked":"SKIP","floor":3.0},{"not_picked":["Battle Trance","Iron Wave"],"picked":"Wild Strike","floor":5.0},{"not_picked":["Bloodletting","Shrug It Off"],"picked":"Corruption","floor":6.0},{"not_picked":["Clash","Infernal Blade"],"picked":"Juggernaut","floor":8.0},{"not_picked":["Flex+1","Hemokinesis"],"picked":"Heavy Blade","floor":10.0},{"not_picked":["Cleave","Havoc+1","Warcry+1"],"picked":"SKIP","floor":11.0},{"not_picked":["Headbutt","Cleave","Twin Strike"],"picked":"SKIP","floor":12.0},{"not_picked":["Headbutt","Cleave","Twin Strike"],"picked":"SKIP","floor":12.0},{"not_picked":["Bludgeon","Juggernaut"],"picked":"Demon Form","floor":16.0},{"not_picked":["True Grit+1","Warcry+1"],"picked":"Heavy Blade","floor":18.0},{"not_picked":["Metallicize","Twin Strike"],"picked":"Clothesline","floor":24.0},{"not_picked":["Rampage+1","Headbutt+1","Pommel Strike"],"picked":"SKIP","floor":27.0},{"not_picked":["Body Slam","Warcry+1","Clothesline"],"picked":"SKIP","floor":29.0},{"not_picked":["Cleave","Metallicize","Iron Wave"],"picked":"SKIP","floor":30.0},{"not_picked":["Wild Strike+1","Inflame"],"picked":"Heavy Blade+1","floor":31.0},{"not_picked":["Exhume+1","Immolate"],"picked":"Bludgeon","floor":33.0},{"not_picked":["Heavy Blade","Havoc+1","Sever Soul"],"picked":"SKIP","floor":35.0},{"not_picked":["Armaments+1","Pommel Strike"],"picked":"Shrug It Off+1","floor":36.0},{"not_picked":["Anger+1","Reckless Charge+1","Sword Boomerang+1"],"picked":"SKIP","floor":40},{"not_picked":["Second Wind+1","Thunderclap+1","Twin Strike+1"],"picked":"SKIP","floor":42},{"not_picked":["Warcry+1","Offering+1","Burning Pact+1"],"picked":"SKIP","floor":44},{"not_picked":["Warcry+1","Headbutt+1","Thunderclap"],"picked":"SKIP","floor":45},{"not_picked":["Rampage","Thunderclap+1"],"picked":"Limit Break+1","floor":48}],"player_experience":543159,"relics_obtained":[{"floor":6.0,"key":"Orichalcum"},{"floor":8.0,"key":"Matryoshka"},{"floor":9.0,"key":"Toxic Egg 2"},{"floor":9.0,"key":"Bottled Flame"},{"floor":10.0,"key":"War Paint"},{"floor":12.0,"key":"Champion Belt"},{"floor":26.0,"key":"Kunai"},{"floor":26.0,"key":"Red Skull"},{"floor":27.0,"key":"Mummified Hand"},{"floor":30.0,"key":"TungstenRod"},{"floor":40,"key":"Bag of Preparation"},{"floor":42,"key":"Strawberry"},{"floor":43,"key":"Blue Candle"},{"floor":44,"key":"Frozen Egg 2"}],"event_choices":[{"damage_healed":0.0,"max_hp_gain":0.0,"max_hp_loss":0.0,"gold_gain":0.0,"event_name":"The Mausoleum","player_choice":"Ignored","floor":19.0,"gold_loss":0.0,"damage_taken":0.0},{"damage_healed":0.0,"max_hp_gain":0.0,"max_hp_loss":0.0,"gold_gain":99.0,"event_name":"Nest","player_choice":"Stole From Cult","floor":20.0,"gold_loss":0.0,"damage_taken":0.0},{"damage_healed":0.0,"max_hp_gain":5.0,"max_hp_loss":0.0,"gold_gain":0.0,"event_name":"Forgotten Altar","player_choice":"Shed Blood","floor":21.0,"gold_loss":0.0,"damage_taken":20.0},{"damage_healed":0.0,"max_hp_gain":0.0,"max_hp_loss":0.0,"gold_gain":0.0,"event_name":"Mysterious Sphere","player_choice":"Ignored","floor":38.0,"gold_loss":0.0,"damage_taken":0.0},{"damage_healed":0.0,"max_hp_gain":0.0,"max_hp_loss":4.0,"gold_gain":0.0,"event_name":"Winding Halls","player_choice":"Max HP","floor":39.0,"gold_loss":0.0,"damage_taken":0.0},{"cards_removed":["Strike_R"],"damage_healed":0,"gold_gain":0,"player_choice":"Removed Attack","damage_taken":0,"max_hp_gain":0,"max_hp_loss":0,"event_name":"Falling","floor":47,"gold_loss":0}],"is_beta":false,"boss_relics":[{"not_picked":["Busted Crown","Runic Dome"],"picked":"Coffee Dripper"},{"not_picked":["Tiny House","Black Star"],"picked":"Empty Cage"}],"items_purged_floors":[22,37],"is_endless":false,"potions_floor_spawned":[2,8,12,16,18,27,31,33,36,40],"ascension_level":9}}