{"host":"2lo6hma6kymb0g9i","time":1608180464,"event":{"mods":["BaseMod","Colored Map","DeckTracker","Minty Spire (QoL Compilation)"],"gold_per_floor":[117,117,117,135,149,149,174,174,228,251,277,319,319,244,244,244,244],"floor_reached":16,"playtime":1105,"items_purged":["Strike_G"],"score":182,"play_id":"89121f8d-7cdc-4fda-b11f-23dacb386663","local_time":"20201217134744","is_ascension_mode":true,"campfire_choices":[{"data":"Neutralize","floor":6,"key":"SMITH"},{"floor":13,"key":"REST"},{"data":"Tools of the Trade","floor":15,"key":"SMITH"}],"circlet_count":0,"master_deck":["AscendersBane","Strike_G+1","Strike_G","Strike_G","Defend_G","Defend_G","Defend_G","Defend_G+1","Defend_G","Survivor","Neutralize+1","Slice","Tools of the Trade+1","Flying Knee","Wraith Form v2","PiercingWail"],"relics":["Ring of the Snake","Strawberry","CeramicFish","MealTicket","Blood Vial"],"acts_visited":["Exordium"],"potions_floor_usage":[10,12],"damage_taken":[{"damage":1,"enemies":"Small Slimes","floor":1,"turns":5},{"damage":0,"enemies":"Cultist","floor":4,"turns":4},{"damage":0,"enemies":"2 Louse","floor":5,"turns":3},{"damage":19,"enemies":"3 Sentries","floor":7,"turns":11},{"damage":18,"enemies":"Lots of Slimes","floor":10,"turns":6},{"damage":13,"enemies":"3 Louse","floor":11,"turns":4},{"damage":24,"enemies":"Lagavulin","floor":12,"turns":12},{"damage":40,"enemies":"Hexaghost","floor":16,"turns":16}],"seed_played":"7419782295645892349","potions_obtained":[{"floor":7,"key":"Regen Potion"},{"floor":11,"key":"Dexterity Potion"}],"is_trial":false,"path_per_floor":["M","?","?","M","M","R","E","?","T","M","M","E","R","$","R","B"],"character_chosen":"THE_SILENT","items_purchased":[],"campfire_rested":1,"item_purchase_floors":[],"current_hp_per_floor":[69,54,61,61,61,61,42,42,42,39,26,2,27,42,42,4,4],"gold":244,"neow_bonus":"TEN_PERCENT_HP_BONUS","is_daily":false,"chose_seed":false,"campfire_upgraded":2,"win_rate":0.0,"timestamp":1608180464,"path_taken":["M","?","?","?","M","R","E","?","T","?","?","E","R","$","R","BOSS"],"items_purchased_type":[],"build_version":"2020-12-13","purchased_purges":1,"victory":false,"max_hp_per_floor":[77,77,84,84,84,84,84,84,84,84,84,84,84,84,84,84,84],"card_choices":[{"not_picked":["Bane","Sucker Punch"],"picked":"Cloak And Dagger","floor":1},{"not_picked":["Prepared","Expertise"],"picked":"Slice","floor":4},{"not_picked":["Poisoned Stab","Acrobatics"],"picked":"Tools of the Trade","floor":5},{"not_picked":["Deadly Poison","Slice","Outmaneuver"],"picked":"SKIP","floor":7},{"not_picked":["Bane","Dagger Spray"],"picked":"Flying Knee","floor":10},{"not_picked":["Poisoned Stab","Choke"],"picked":"Wraith Form v2","floor":11},{"not_picked":["Deadly Poison","Cloak And Dagger"],"picked":"PiercingWail","floor":12}],"player_experience":811830,"relics_obtained":[{"floor":7,"key":"CeramicFish"},{"floor":9,"key":"MealTicket"},{"floor":12,"key":"Blood Vial"}],"event_choices":[{"damage_healed":0,"gold_gain":0,"player_choice":"Entered Light","damage_taken":15,"max_hp_gain":0,"max_hp_loss":0,"event_name":"Shining Light","floor":2,"gold_loss":0,"cards_upgraded":["Strike_G","Defend_G"]},{"cards_removed":["Cloak And Dagger"],"damage_healed":0,"gold_gain":0,"player_choice":"Gave Card","damage_taken":0,"relics_obtained":["Strawberry"],"max_hp_gain":0,"max_hp_loss":0,"event_name":"WeMeetAgain","floor":3,"gold_loss":0},{"cards_removed":["Strike_G"],"damage_healed":0,"gold_gain":0,"player_choice":"Card Removal","damage_taken":0,"max_hp_gain":0,"max_hp_loss":0,"event_name":"Wheel of Change","floor":8,"gold_loss":0}],"is_beta":false,"boss_relics":[],"items_purged_floors":[14],"is_endless":false,"potions_floor_spawned":[7,11],"killed_by":"Hexaghost","ascension_level":13}}