{"host":"Ian","time":1608237933,"event":{"mods":["BaseMod","Bestiary","Block Reminder","Colored Map","Highlight Path","Key Reminder","Minty Spire (QoL Compilation)","Relic Stats"],"gold_per_floor":[217,233,233,251,95,127,202,202,202,202,219,247,247,4,4,80,80,99,99,99,119,133,133,33,43,67,67,67,77,77,19,19,92,92,102,122,122,122,122,122],"floor_reached":39,"playtime":1617,"items_purged":["Strike_R","Strike_R"],"score":874,"play_id":"67308a8d-b91c-46c9-ac2d-da31be43ce10","local_time":"20201217204533","is_ascension_mode":true,"campfire_choices":[{"floor":8.0,"key":"REST"},{"data":"Wild Strike","floor":10.0,"key":"SMITH"},{"floor":13.0,"key":"REST"},{"data":"Combust","floor":15.0,"key":"SMITH"},{"floor":23.0,"key":"REST"},{"floor":28.0,"key":"REST"},{"data":"Blood for Blood","floor":30.0,"key":"SMITH"},{"data":"Flame Barrier","floor":32.0,"key":"SMITH"}],"circlet_count":0,"master_deck":["AscendersBane","Strike_R","Strike_R","Defend_R+1","Defend_R+1","Bash","Combust+1","Flame Barrier+1","Headbutt","Blood for Blood+1","Power Through","Offering","Cleave+1","Spot Weakness+1","Iron Wave+1","Shrug It Off","Limit Break","Sword Boomerang+1","Shrug It Off+1","Perfected Strike+1","Flame Barrier"],"relics":["Burning Blood","Letter Opener","PreservedInsect","Pen Nib","Regal Pillow","SlaversCollar","Nilry\u0027s Codex","Vajra","Astrolabe"],"acts_visited":["Exordium","TheCity","TheBeyond"],"potions_floor_usage":[],"damage_taken":[{"damage":7.0,"enemies":"Jaw Worm","floor":1.0,"turns":4.0},{"damage":16.0,"enemies":"Small Slimes","floor":2.0,"turns":4.0},{"damage":4.0,"enemies":"2 Louse","floor":4.0,"turns":3.0},{"damage":32.0,"enemies":"Lagavulin","floor":6.0,"turns":9.0},{"damage":11.0,"enemies":"Blue Slaver","floor":11.0,"turns":4.0},{"damage":19.0,"enemies":"3 Sentries","floor":12.0,"turns":7.0},{"damage":12.0,"enemies":"Slime Boss","floor":16.0,"turns":6.0},{"damage":16.0,"enemies":"2 Thieves","floor":18.0,"turns":3.0},{"damage":31.0,"enemies":"3 Byrds","floor":21.0,"turns":4.0},{"damage":8.0,"enemies":"3 Cultists","floor":22.0,"turns":2.0},{"damage":21.0,"enemies":"Centurion and Healer","floor":25.0,"turns":5.0},{"damage":22.0,"enemies":"Sentry and Sphere","floor":29.0,"turns":5.0},{"damage":56.0,"enemies":"Champ","floor":33.0,"turns":11.0},{"damage":48,"enemies":"3 Darklings","floor":35,"turns":5},{"damage":6,"enemies":"3 Shapes","floor":36,"turns":6},{"damage":19,"enemies":"Maw","floor":39,"turns":2}],"seed_played":"5649368331483711827","potions_obtained":[{"floor":1.0,"key":"Strength Potion"},{"floor":2.0,"key":"Swift Potion"},{"floor":6.0,"key":"DuplicationPotion"},{"floor":18.0,"key":"SteroidPotion"},{"floor":21.0,"key":"EssenceOfSteel"},{"floor":25.0,"key":"Dexterity Potion"}],"is_trial":false,"path_per_floor":["M","M","?","M","$","E","?","R","T","R","M","E","R","$","R","B",null,"M","?","?","M","M","R","$","M","T","?","R","M","R","$","R","B",null,"M","M","?","?","M"],"character_chosen":"IRONCLAD","items_purchased":["Regen Potion","Regal Pillow","Power Through","Shrug It Off"],"campfire_rested":4,"item_purchase_floors":[5,14,14,31],"current_hp_per_floor":[67,57,34,36,36,25,14,36,36,36,31,18,40,40,40,34,65,55,55,34,9,7,44,44,29,29,44,75,59,59,59,59,9,59,17,17,17,17,0,0],"gold":122,"neow_bonus":"HUNDRED_GOLD","is_daily":false,"chose_seed":false,"campfire_upgraded":4,"win_rate":0.0,"timestamp":1608237933,"path_taken":["M","M","?","M","$","E","?","R","T","R","M","E","R","$","R","BOSS","M","?","?","M","M","R","$","M","T","?","R","M","R","$","R","BOSS","M","M","?","?","M"],"items_purchased_type":["Potion","Relic","Card","Card"],"build_version":"2020-12-07","purchased_purges":2,"victory":false,"max_hp_per_floor":[75,75,75,75,75,75,75,75,75,75,75,75,75,75,75,75,75,75,75,75,75,75,75,75,75,75,75,75,75,75,75,75,75,75,75,75,71,71,71,71],"relic_stats":{"Regal Pillow":24,"counters":[16,80],"Astrolabe":["Sword Boomerang","Shrug It Off","Perfected Strike"],"PreservedInsect":35,"Pen Nib":[7],"Letter Opener":[5],"obtain_stats":[{"SlaversCollar":17,"Regal Pillow":14,"Nilry\u0027s Codex":20,"Astrolabe":34,"Vajra":26,"PreservedInsect":9,"Pen Nib":12,"Letter Opener":6,"Burning Blood":0},{"SlaversCollar":7,"Regal Pillow":6,"Nilry\u0027s Codex":8,"Astrolabe":13,"Vajra":11,"PreservedInsect":4,"Pen Nib":6,"Letter Opener":4,"Burning Blood":0},{"SlaversCollar":37,"Regal Pillow":31,"Nilry\u0027s Codex":40,"Astrolabe":67,"Vajra":51,"PreservedInsect":20,"Pen Nib":31,"Letter Opener":20,"Burning Blood":0}],"Burning Blood":90},"card_choices":[{"not_picked":["Iron Wave","Seeing Red"],"picked":"Combust","floor":1.0},{"not_picked":["Shrug It Off","Flex"],"picked":"Wild Strike","floor":2.0},{"not_picked":["Shrug It Off","Dropkick"],"picked":"Flame Barrier","floor":4.0},{"not_picked":["Headbutt","Heavy Blade","Wild Strike"],"picked":"SKIP","floor":6.0},{"not_picked":["Heavy Blade","Wild Strike"],"picked":"Headbutt","floor":6.0},{"not_picked":["Rage","Pummel"],"picked":"Blood for Blood","floor":11.0},{"not_picked":["Inflame","Headbutt","Exhume"],"picked":"SKIP","floor":12.0},{"not_picked":["Feed","Limit Break"],"picked":"Offering","floor":16.0},{"not_picked":["Havoc","Headbutt+1"],"picked":"Cleave+1","floor":18.0},{"not_picked":["Shrug It Off","Carnage"],"picked":"Spot Weakness+1","floor":21.0},{"not_picked":["Dark Embrace","Iron Wave","Brutality"],"picked":"SKIP","floor":22.0},{"not_picked":["Carnage","Blood for Blood","Thunderclap"],"picked":"SKIP","floor":25.0},{"not_picked":["Blood for Blood","Shockwave"],"picked":"Iron Wave+1","floor":29.0},{"not_picked":["Double Tap","Barricade"],"picked":"Limit Break","floor":33.0},{"not_picked":["Clothesline","Fire Breathing","Perfected Strike"],"picked":"SKIP","floor":35},{"not_picked":["Clothesline","Sword Boomerang+1"],"picked":"Flame Barrier","floor":36}],"player_experience":2542120,"relics_obtained":[{"floor":6.0,"key":"Letter Opener"},{"floor":9.0,"key":"PreservedInsect"},{"floor":12.0,"key":"Pen Nib"},{"floor":20.0,"key":"Nilry\u0027s Codex"},{"floor":26.0,"key":"Vajra"}],"event_choices":[{"damage_healed":0.0,"max_hp_gain":0.0,"max_hp_loss":0.0,"gold_gain":0.0,"event_name":"Shining Light","player_choice":"Entered Light","floor":3.0,"gold_loss":0.0,"damage_taken":23.0,"cards_upgraded":["Defend_R","Defend_R"]},{"damage_healed":0.0,"max_hp_gain":0.0,"max_hp_loss":0.0,"gold_gain":75.0,"event_name":"World of Goop","player_choice":"Gather Gold","floor":7.0,"gold_loss":0.0,"damage_taken":11.0},{"damage_healed":0.0,"max_hp_gain":0.0,"max_hp_loss":0.0,"gold_gain":0.0,"event_name":"Ghosts","player_choice":"Ignored","floor":19.0,"gold_loss":0.0,"damage_taken":0.0},{"damage_healed":0.0,"max_hp_gain":0.0,"max_hp_loss":0.0,"gold_gain":0.0,"event_name":"Cursed Tome","player_choice":"Obtained Book","floor":20.0,"gold_loss":0.0,"damage_taken":21.0},{"damage_healed":15.0,"max_hp_gain":0.0,"max_hp_loss":0.0,"gold_gain":0.0,"event_name":"The Library","player_choice":"Heal","floor":27.0,"gold_loss":0.0,"damage_taken":0.0},{"damage_healed":0,"gold_gain":0,"player_choice":"Max HP","damage_taken":0,"max_hp_gain":0,"max_hp_loss":4,"event_name":"Winding Halls","floor":37,"gold_loss":0},{"cards_removed":["Wild Strike"],"damage_healed":0,"gold_gain":0,"player_choice":"Removed Attack","damage_taken":0,"max_hp_gain":0,"max_hp_loss":0,"event_name":"Falling","floor":38,"gold_loss":0}],"is_beta":true,"boss_relics":[{"not_picked":["Calling Bell","Sozu"],"picked":"SlaversCollar"},{"not_picked":["Runic Cube","Runic Dome"],"picked":"Astrolabe"}],"items_purged_floors":[5,24],"is_endless":false,"potions_floor_spawned":[1,2,6,18,21,25],"killed_by":"Maw","ascension_level":20}}