{"host":"fvsruk02bthdqpa4","time":1608225543,"event":{"mods":["AchievementEnabler","Aspiration","BaseMod","Colored Map","Colored Powertips","Conspire","Minty Spire (QoL Compilation)","Quick Restart","Replay The Spire","Shop Mod","StSLib","SuperFastMode","The Blue Laboratory","The Runesmith"],"gold_per_floor":[112,112,123,48,65,91,91,102,102,102,17,17,90,38,38,135,135,146,44,44,43,60,60,93,109,109,143,161,161,161],"floor_reached":29,"playtime":1925,"items_purged":["Runesmith:Defend_RS"],"score":329,"play_id":"ad7f35bf-137b-4281-86a0-40c349d6af9a","local_time":"20201217121903","is_ascension_mode":true,"campfire_choices":[{"data":"Runesmith:Firestorm","floor":7,"key":"SMITH"},{"data":"Runesmith:OneForEveryone","floor":10,"key":"SMITH"},{"data":"Runesmith:LithiumIon","floor":23,"key":"SMITH"}],"circlet_count":0,"master_deck":["Runesmith:Strike_RS","Runesmith:Strike_RS","Runesmith:Strike_RS","Runesmith:Strike_RS","Runesmith:Defend_RS","Runesmith:Defend_RS","Runesmith:Defend_RS","Runesmith:CraftFirestone+1","Runesmith:Fortify+1","Runesmith:Terraform+1","Runesmith:Firestorm+1","Runesmith:FieryHammer","Runesmith:Grindstone","Runesmith:OneForEveryone+1","Runesmith:LithiumIon+1","Runesmith:Permafrost+1","Runesmith:CreatorForm","Runesmith:EnergizedChisel+1","Runesmith:BackupBattery","Runesmith:CreatorForm","Runesmith:LithiumIon","Runesmith:Prism+1","Runesmith:DuctTape","Runesmith:CraftVitae"],"relics":["Runesmith:CoreCrystal","aspiration:DSix","ReplayTheSpireMod:TigerMarble","Replay:Rubber Ducky","aspiration:HummingbirdHeart","Tiny Chest","Chameleon Ring"],"acts_visited":["Exordium","TheCity"],"potions_floor_usage":[6,27,29,29],"damage_taken":[{"damage":3,"enemies":"Small Slimes","floor":1,"turns":3},{"damage":0,"enemies":"Cultist","floor":3,"turns":4},{"damage":14,"enemies":"2 Louse","floor":5,"turns":3},{"damage":19,"enemies":"3 Sentries","floor":6,"turns":6},{"damage":8,"enemies":"Looter","floor":8,"turns":4},{"damage":0,"enemies":"Slime Boss","floor":16,"turns":14},{"damage":0,"enemies":"Shell Parasite","floor":18,"turns":6},{"damage":15,"enemies":"2 Thieves","floor":21,"turns":4},{"damage":7,"enemies":"Snake Plant","floor":22,"turns":7},{"damage":23,"enemies":"Gremlin Leader","floor":24,"turns":13},{"damage":7,"enemies":"Shelled Parasite and Fungi","floor":25,"turns":8},{"damage":5,"enemies":"Book of Stabbing","floor":27,"turns":11},{"damage":0,"enemies":"Centurion and Healer","floor":28,"turns":8},{"damage":4,"enemies":"Colosseum Slavers","floor":29,"turns":9},{"damage":22,"enemies":"Colosseum Nobs","floor":29,"turns":4}],"seed_played":"-9147262119240290828","potions_obtained":[{"floor":3,"key":"conspire:TimeTravelPotion"},{"floor":8,"key":"blueLaboratory:AbyssPotion"},{"floor":18,"key":"blueLaboratory:Moonshine"},{"floor":22,"key":"Energy Potion"}],"is_trial":false,"path_per_floor":["M","?","M","$","M","E","R","M","T","R","$","?","T","$","R_BF","B",null,"M","$","?","M","M","R","E","M","T","E","M","?"],"character_chosen":"RUNESMITH_CLASS","items_purchased":["Runesmith:Firestorm","Runesmith:LithiumIon","PowerPotion","Runesmith:Permafrost+1","Runesmith:BackupBattery"],"campfire_rested":0,"item_purchase_floors":[4,11,11,14,19],"current_hp_per_floor":[67,67,67,67,53,47,47,39,39,39,39,39,39,39,60,60,70,70,70,70,55,48,48,25,18,18,13,13,0,0],"gold":161,"neow_bonus":"DSIX","is_daily":false,"chose_seed":false,"campfire_upgraded":3,"win_rate":0.0,"timestamp":1608225543,"path_taken":["M","?","M","$","M","E","R","M","T","R","?","?","?","?","R_BF","BOSS","M","$","?","M","M","R","E","M","T","E","?","?"],"items_purchased_type":["Card","Card","Potion","Card","Card"],"build_version":"2020-12-13","purchased_purges":1,"victory":false,"max_hp_per_floor":[70,70,70,70,70,70,70,70,70,70,70,70,70,70,70,70,70,70,70,70,70,70,70,70,70,70,70,70,70,70],"card_choices":[{"not_picked":["Runesmith:MakeshiftArmor","Runesmith:RuneHurl","Runesmith:ChiselStab"],"picked":"SKIP","floor":1},{"not_picked":["Runesmith:BackupBattery","Runesmith:CraftProtectio"],"picked":"Runesmith:Terraform","floor":3},{"not_picked":["Runesmith:EnergizedChisel","Runesmith:HeatedChisel"],"picked":"Runesmith:FieryHammer","floor":5},{"not_picked":["Runesmith:ShiftingStrike","Runesmith:Attraction"],"picked":"Runesmith:Grindstone","floor":6},{"not_picked":["Runesmith:Grindstone","Runesmith:PerfectChisel"],"picked":"Runesmith:OneForEveryone","floor":8},{"not_picked":["Runesmith:CraftPrismatica","Runesmith:LastStand"],"picked":"Runesmith:CreatorForm","floor":16},{"not_picked":["Runesmith:Grindstone","Runesmith:Electrocute"],"picked":"Runesmith:EnergizedChisel+1","floor":18},{"not_picked":["Runesmith:Electrocute","Runesmith:BackupBattery"],"picked":"Runesmith:LithiumIon","floor":21},{"not_picked":["Runesmith:UnstableHammer","Runesmith:HeatExchange"],"picked":"Runesmith:Prism+1","floor":22},{"not_picked":["Runesmith:HammerTime","Runesmith:MakeshiftArmor"],"picked":"Runesmith:DuctTape","floor":24},{"not_picked":["Runesmith:MakeshiftArmor","Runesmith:EarthShield"],"picked":"Runesmith:CraftVitae","floor":25},{"not_picked":["Runesmith:HeatedChisel","Runesmith:HammerAndChisel+1","Runesmith:Grindstone"],"picked":"SKIP","floor":27},{"not_picked":["Runesmith:FrozenChisel","Runesmith:EarthShield","Runesmith:MakeshiftArmor"],"picked":"SKIP","floor":28}],"player_experience":389716,"relics_obtained":[{"floor":6,"key":"ReplayTheSpireMod:TigerMarble"},{"floor":13,"key":"Replay:Rubber Ducky"},{"floor":24,"key":"aspiration:HummingbirdHeart"},{"floor":26,"key":"Tiny Chest"},{"floor":27,"key":"Chameleon Ring"}],"event_choices":[{"damage_healed":0,"gold_gain":0,"player_choice":"Upgraded","damage_taken":0,"max_hp_gain":0,"max_hp_loss":0,"event_name":"Upgrade Shrine","floor":2,"gold_loss":0,"cards_upgraded":["Runesmith:CraftFirestone"]},{"damage_healed":0,"gold_gain":0,"player_choice":"Copied","damage_taken":0,"max_hp_gain":0,"max_hp_loss":0,"event_name":"Duplicator","floor":20,"gold_loss":0,"cards_obtained":["Runesmith:CreatorForm"]},{"damage_healed":0,"gold_gain":0,"player_choice":"Fight","damage_taken":0,"max_hp_gain":0,"max_hp_loss":0,"event_name":"Colosseum","floor":29,"gold_loss":0},{"damage_healed":0,"gold_gain":0,"player_choice":"Fought Nobs","damage_taken":0,"max_hp_gain":0,"max_hp_loss":0,"event_name":"Colosseum","floor":29,"gold_loss":0}],"is_beta":false,"boss_relics":[{"not_picked":["Painkiller Herb","conspire:SeveredTorchhead"],"picked":"Runesmith:CoreCrystal"}],"items_purged_floors":[19],"is_endless":false,"potions_floor_spawned":[3,8,18,22,29],"killed_by":"Colosseum Nobs","ascension_level":1}}