{"host":"aeidq2c3auzxo1yh","time":1608202328,"event":{"mods":["AchievementEnabler","BaseMod","Colored Map","Colored Powertips","Downfall","Minty Spire (QoL Compilation)","Relic Stats","StSLib"],"gold_per_floor":[99,99,134,134,166,182,208,208,383,383,405,21,40,51,63,160,160,160,187,201,218,218,218,272,272,272,307,307,430,446,446,459,555,555,480,105,123,152,169,169,218,218,143,176,176,186,199,215,234,234],"floor_reached":51,"playtime":3481,"items_purged":["Doubt","Decay","sneckomod:Strike"],"score":878,"play_id":"ad02de73-bfa3-49d8-8ad7-2e8924d0dc8f","local_time":"20201217155208","is_ascension_mode":false,"campfire_choices":[{"data":"sneckomod:Unknown","floor":1,"key":"SMITH"},{"data":"sneckomod:DiceBoulder","floor":4,"key":"SMITH"},{"data":"sneckomod:DiceBoulder+1","floor":8,"key":"SMITH"},{"data":"sneckomod:DiceBoulder+2","floor":10,"key":"SMITH"},{"data":"sneckomod:MasterEye","floor":18,"key":"SMITH"},{"data":"sneckomod:DiceBoulder+3","floor":23,"key":"SMITH"},{"floor":26,"key":"RECALL"},{"data":"sneckomod:DiceBoulder+4","floor":35,"key":"SMITH"},{"floor":40,"key":"REST"},{"data":"sneckomod:UnknownRarePower","floor":43,"key":"SMITH"}],"circlet_count":0,"master_deck":["sneckomod:Defend","sneckomod:Defend","sneckomod:TailWhip","sneckomod:SnekBite","sneckomod:Unknown+1","sneckomod:Unknown","sneckomod:DiceBoulder+5","sneckomod:SlitherStrike","sneckomod:UnknownClassGUARDIAN","sneckomod:UnknownUncommonPower","sneckomod:UnknownRareSkill","sneckomod:CheapStock","sneckomod:MasterEye+1","sneckomod:UnknownRarePower+1","sneckomod:UnknownUncommonPower+1","sneckomod:PureSnecko+1","sneckomod:TrashToTreasure","sneckomod:UnknownClassPURPLE+1","sneckomod:UnknownClassTHE_CHAMP_GRAY+1"],"relics":["sneckomod:SuperSneckoSoul","downfall:HeartsMalice","Vajra","Happy Flower","Pen Nib","Odd Mushroom","Membership Card","Blood Vial","Busted Crown","Lantern","Bag of Preparation","sneckomod:BabySnecko","Pear","Sling","downfall:HeartBlessingRed","Ginger","sneckomod:LoadedDie","HandDrill","Sundial","downfall:HeartBlessingBlue","HornCleat"],"acts_visited":["Exordium","TheCity","TheBeyond"],"potions_floor_usage":[11,14,16,16,16,27,33,33,33,38,39,50,50],"damage_taken":[{"damage":0,"enemies":"2 Louse","floor":2,"turns":1},{"damage":0,"enemies":"Lagavulin","floor":3,"turns":1},{"damage":0,"enemies":"3 Sentries","floor":5,"turns":1},{"damage":0,"enemies":"Small Slimes","floor":6,"turns":2},{"damage":5,"enemies":"The Mushroom Lair","floor":11,"turns":4},{"damage":10,"enemies":"downfall:FleeingMerchant","floor":12,"turns":4},{"damage":8,"enemies":"Jaw Worm","floor":13,"turns":2},{"damage":7,"enemies":"Lots of Slimes","floor":14,"turns":3},{"damage":7,"enemies":"Blue Slaver","floor":15,"turns":3},{"damage":34,"enemies":"downfall:Defect","floor":16,"turns":5},{"damage":34,"enemies":"Gremlin Leader","floor":19,"turns":4},{"damage":5,"enemies":"Spheric Guardian","floor":20,"turns":3},{"damage":6,"enemies":"3 Byrds","floor":21,"turns":3},{"damage":2,"enemies":"Book of Stabbing","floor":27,"turns":4},{"damage":2,"enemies":"downfall:FleeingMerchant","floor":29,"turns":4},{"damage":8,"enemies":"Centurion and Healer","floor":30,"turns":2},{"damage":2,"enemies":"Snake Plant","floor":32,"turns":3},{"damage":13,"enemies":"downfall:Ironclad","floor":33,"turns":4},{"damage":15,"enemies":"3 Darklings","floor":37,"turns":5},{"damage":47,"enemies":"Giant Head","floor":38,"turns":3},{"damage":2,"enemies":"3 Shapes","floor":39,"turns":4},{"damage":14,"enemies":"Nemesis","floor":44,"turns":3},{"damage":17,"enemies":"Jaw Worm Horde","floor":46,"turns":3},{"damage":17,"enemies":"Writhing Mass","floor":47,"turns":3},{"damage":16,"enemies":"Spire Growth","floor":48,"turns":3},{"damage":11,"enemies":"4 Shapes","floor":49,"turns":4},{"damage":4,"enemies":"downfall:Watcher","floor":50,"turns":4}],"seed_played":"-307766269017532304","potions_obtained":[{"floor":5,"key":"sneckomod:MuddlingPotion"},{"floor":6,"key":"Weak Potion"},{"floor":6,"key":"FearPotion"},{"floor":13,"key":"DistilledChaos"},{"floor":15,"key":"Guardian:BlockOnCardUsePotion"},{"floor":16,"key":"DuplicationPotion"},{"floor":27,"key":"SkillPotion"},{"floor":31,"key":"CultistPotion"},{"floor":33,"key":"Fire Potion"},{"floor":44,"key":"SpeedPotion"},{"floor":46,"key":"DistilledChaos"},{"floor":47,"key":"Weak Potion"},{"floor":49,"key":"Ancient Potion"}],"is_trial":false,"path_per_floor":["R","M","E","R","E","M","T","R","?","R","?","$","M","M","M","B",null,"R","E","M","M","?","R","T","?","R","E","?","$","M","?","M","B",null,"R","$","M","E","M","R","T","?","R","E","?","M","M","M","M","B",null],"character_chosen":"THE_SNECKO","items_purchased":["Membership Card","Blood Vial","sneckomod:UnknownRareSkill","sneckomod:CheapStock","Block Potion","Sling","champ:CounterPotion","DistilledChaos","Ginger","sneckomod:LoadedDie","HandDrill","BlessingOfTheForge"],"campfire_rested":1,"item_purchase_floors":[12,12,12,12,12,29,29,29,36,36,36,36],"current_hp_per_floor":[90,90,90,90,91,92,92,92,92,92,87,78,72,67,62,31,94,94,68,70,66,66,66,66,66,66,76,76,87,81,81,83,72,126,126,126,111,66,66,103,103,103,113,101,101,86,73,69,60,58],"gold":234,"neow_bonus":"THREE_ENEMY_KILL","is_daily":false,"chose_seed":false,"campfire_upgraded":8,"win_rate":0.0,"timestamp":1608202328,"path_taken":["R","M","E","R","E","M","T","R","?","R","?","$","M","M","M","BOSS","R","E","M","M","?","R","T","?","R","E","?","$","M","?","M","BOSS","R","$","M","E","M","R","T","?","R","E","?","?","?","M","M","BOSS"],"items_purchased_type":["Relic","Relic","Card","Card","Potion","Relic","Potion","Potion","Relic","Relic","Relic","Potion"],"build_version":"2020-12-13","purchased_purges":3,"victory":true,"max_hp_per_floor":[90,90,90,90,91,92,92,92,92,92,92,93,93,93,93,94,94,94,94,99,99,99,99,99,99,99,109,109,110,110,110,110,110,126,126,126,126,126,126,126,126,126,136,136,136,136,136,136,136,136],"relic_stats":{"Blood Vial":38,"Busted Crown":32,"Happy Flower":[27],"counters":[27,81],"Sundial":[4],"Pen Nib":[16],"Bag of Preparation":[28],"HandDrill":[34],"Ginger":[0],"obtain_stats":[{"Lantern":19,"Pear":27,"Happy Flower":5,"downfall:HeartBlessingRed":35,"sneckomod:LoadedDie":36,"Vajra":3,"downfall:HeartsMalice":0,"Pen Nib":7,"Bag of Preparation":24,"Ginger":36,"Odd Mushroom":11,"sneckomod:SneckoSoul":0,"Sling":29,"Blood Vial":12,"sneckomod:BabySnecko":25,"sneckomod:SuperSneckoSoul":34,"Busted Crown":17,"HornCleat":44,"Sundial":38,"downfall:HeartBlessingBlue":43,"HandDrill":36,"Membership Card":12},{"Lantern":11,"Pear":14,"Happy Flower":3,"downfall:HeartBlessingRed":18,"sneckomod:LoadedDie":18,"Vajra":2,"downfall:HeartsMalice":0,"Pen Nib":4,"Bag of Preparation":13,"Ginger":18,"Odd Mushroom":5,"sneckomod:SneckoSoul":0,"Sling":15,"Blood Vial":6,"sneckomod:BabySnecko":13,"sneckomod:SuperSneckoSoul":18,"Busted Crown":10,"HornCleat":22,"Sundial":20,"downfall:HeartBlessingBlue":21,"HandDrill":18,"Membership Card":6},{"Lantern":27,"Pear":36,"Happy Flower":0,"downfall:HeartBlessingRed":49,"sneckomod:LoadedDie":49,"Vajra":0,"downfall:HeartsMalice":0,"Pen Nib":2,"Bag of Preparation":32,"Ginger":49,"Odd Mushroom":6,"sneckomod:SneckoSoul":0,"Sling":40,"Blood Vial":10,"sneckomod:BabySnecko":32,"sneckomod:SuperSneckoSoul":49,"Busted Crown":23,"HornCleat":64,"Sundial":57,"downfall:HeartBlessingBlue":61,"HandDrill":49,"Membership Card":10}]},"card_choices":[{"not_picked":["sneckomod:Nope","sneckomod:ImprovisedGuard"],"picked":"sneckomod:DiceBoulder","floor":2},{"not_picked":["sneckomod:QuickBite","sneckomod:DangerNoodle"],"picked":"sneckomod:SlitherStrike","floor":3},{"not_picked":["sneckomod:UnknownStrike","sneckomod:UnknownWeak"],"picked":"sneckomod:UnknownClassGUARDIAN","floor":5},{"not_picked":["sneckomod:DiceBoulder","sneckomod:UnknownClassPURPLE"],"picked":"sneckomod:UnknownUncommonPower","floor":6},{"not_picked":["sneckomod:WideSting","sneckomod:DiceCrush","sneckomod:UnknownClassTHE_CHAMP_GRAY"],"picked":"SKIP","floor":12},{"not_picked":["sneckomod:Rotation","sneckomod:IronFang","sneckomod:Unknown1Cost"],"picked":"SKIP","floor":13},{"not_picked":["sneckomod:TrashToTreasure","sneckomod:SoulExchange"],"picked":"sneckomod:MasterEye","floor":14},{"not_picked":["sneckomod:Unknown1Cost","sneckomod:WideSting","sneckomod:RainOfDice"],"picked":"SKIP","floor":15},{"not_picked":["sneckomod:UnknownRareAttack","sneckomod:Cheat"],"picked":"sneckomod:UnknownRarePower","floor":16},{"not_picked":["sneckomod:SnekBeam"],"picked":"SKIP","floor":19},{"not_picked":[],"picked":"sneckomod:UnknownUncommonPower+1","floor":20},{"not_picked":["sneckomod:QuickBite+1"],"picked":"SKIP","floor":21},{"not_picked":[],"picked":"sneckomod:PureSnecko+1","floor":27},{"not_picked":[],"picked":"sneckomod:UnknownClassPURPLE+1","floor":29},{"not_picked":["sneckomod:UnknownVulnerable+1"],"picked":"SKIP","floor":30},{"not_picked":["sneckomod:UnknownUncommonSkill"],"picked":"SKIP","floor":32},{"not_picked":["sneckomod:CheapStock"],"picked":"SKIP","floor":37},{"not_picked":["sneckomod:SoulDraw"],"picked":"SKIP","floor":38},{"not_picked":["sneckomod:Unknown2Cost"],"picked":"SKIP","floor":39},{"not_picked":[],"picked":"sneckomod:UnknownClassTHE_CHAMP_GRAY+1","floor":44},{"not_picked":["sneckomod:UnknownWeak+1"],"picked":"SKIP","floor":46},{"not_picked":["sneckomod:WideSting"],"picked":"SKIP","floor":47},{"not_picked":["sneckomod:UnknownUncommonAttack+1"],"picked":"SKIP","floor":48},{"not_picked":["sneckomod:SoulRoll+1"],"picked":"SKIP","floor":49}],"player_experience":910942,"relics_obtained":[{"floor":3,"key":"Vajra"},{"floor":5,"key":"Happy Flower"},{"floor":7,"key":"Pen Nib"},{"floor":11,"key":"Odd Mushroom"},{"floor":19,"key":"Lantern"},{"floor":24,"key":"Bag of Preparation"},{"floor":27,"key":"Pear"},{"floor":38,"key":"Sundial"},{"floor":44,"key":"HornCleat"}],"event_choices":[{"damage_healed":0,"gold_gain":0,"player_choice":"Fought Mushrooms","damage_taken":0,"max_hp_gain":0,"max_hp_loss":0,"event_name":"Mushrooms","floor":11,"gold_loss":0},{"damage_healed":0,"gold_gain":0,"cards_transformed":["sneckomod:Strike","sneckomod:Bewildered"],"player_choice":"Became Test Subject","damage_taken":0,"max_hp_gain":0,"max_hp_loss":0,"event_name":"Drug Dealer","floor":28,"gold_loss":0,"cards_obtained":["sneckomod:TrashToTreasure","Decay"]},{"cards_removed":["sneckomod:Defend"],"damage_healed":0,"gold_gain":0,"player_choice":"Removed Skill","damage_taken":0,"max_hp_gain":0,"max_hp_loss":0,"event_name":"Falling","floor":42,"gold_loss":0},{"damage_healed":0,"gold_gain":0,"player_choice":"Ignored","damage_taken":0,"max_hp_gain":0,"max_hp_loss":0,"event_name":"Mysterious Sphere","floor":45,"gold_loss":0}],"is_beta":false,"boss_relics":[{"not_picked":["SacredBark","Ectoplasm"],"picked":"Busted Crown"},{"not_picked":["Calling Bell","Tiny House"],"picked":"sneckomod:SuperSneckoSoul"}],"items_purged_floors":[12,29,36],"is_endless":false,"potions_floor_spawned":[5,6,13,15,16,27,30,33,44,46,47,49],"ascension_level":0}}