{"host":"cqsz3xitorlhbrhq","time":1608234467,"event":{"mods":["AchievementEnabler","BaseMod","Bestiary","Block Reminder","Minty Spire (QoL Compilation)","Relic Stats","egg"],"gold_per_floor":[110,129,129,142,153,181,181,198,198,223,239,239,65,90,90,194,194,206,121,136,1,1,1,29,47,47,73,25,40,40,40,40,141,141,159,178,191,211,223,223,257,276,351,351,10,10,10,60,60,60],"floor_reached":51,"playtime":4174,"items_purged":["Strike_P","Strike_P","Pain"],"score":1016,"play_id":"16423761-11a5-40a4-ac96-cd2778e427c3","local_time":"20201217144747","is_ascension_mode":true,"campfire_choices":[{"data":"ClearTheMind","floor":12,"key":"SMITH"},{"data":"MentalFortress","floor":15,"key":"SMITH"},{"floor":23,"key":"REST"},{"floor":32,"key":"REST"},{"data":"Blasphemy","floor":40,"key":"SMITH"},{"data":"Wallop","floor":44,"key":"SMITH"},{"data":"CutThroughFate","floor":46,"key":"SMITH"},{"floor":49,"key":"REST"}],"circlet_count":0,"master_deck":["Strike_P","Defend_P","Defend_P","Defend_P","Defend_P","Eruption","Vigilance","Crescendo","FollowUp","EmptyFist+1","Consecrate","FlurryOfBlows","Tantrum+1","FearNoEvil","ClearTheMind+1","ThirdEye","CutThroughFate+1","MentalFortress+1","Blasphemy+1","Meditate","BowlingBash+1","Adaptation","Ghostly","Ghostly","Ghostly","Ghostly","Ghostly","FlurryOfBlows+1","InnerPeace","FlurryOfBlows","EmptyBody","InnerPeace","Wallop+1"],"relics":["HolyWater","StoneCalendar","PreservedInsect","Mummified Hand","Darkstone Periapt","Bottled Flame","Omamori","Cursed Key","Shuriken","Ginger","Question Card","Smiling Mask","WarpedTongs","TungstenRod","Molten Egg 2","Membership Card","Whetstone","Boot","Lizard Tail"],"acts_visited":["Exordium","TheCity","TheBeyond"],"potions_floor_usage":[23,38,48,50],"damage_taken":[{"damage":3.0,"enemies":"2 Louse","floor":1.0,"turns":4.0},{"damage":0.0,"enemies":"Small Slimes","floor":2.0,"turns":3.0},{"damage":0.0,"enemies":"Jaw Worm","floor":4.0,"turns":3.0},{"damage":5.0,"enemies":"2 Fungi Beasts","floor":5.0,"turns":3.0},{"damage":0.0,"enemies":"Gremlin Nob","floor":6.0,"turns":2.0},{"damage":0,"enemies":"Exordium Wildlife","floor":8,"turns":3},{"damage":10,"enemies":"Lagavulin","floor":10,"turns":3},{"damage":0,"enemies":"Gremlin Gang","floor":11,"turns":2},{"damage":0,"enemies":"Gremlin Nob","floor":14,"turns":2},{"damage":8,"enemies":"Slime Boss","floor":16,"turns":6},{"damage":0,"enemies":"Chosen","floor":18,"turns":3},{"damage":55,"enemies":"3 Byrds","floor":20,"turns":4},{"damage":0,"enemies":"Gremlin Leader","floor":24,"turns":4},{"damage":11,"enemies":"Snecko","floor":25,"turns":5},{"damage":0,"enemies":"Slavers","floor":27,"turns":3},{"damage":0,"enemies":"Chosen and Byrds","floor":29,"turns":3},{"damage":6,"enemies":"Champ","floor":33,"turns":6},{"damage":0,"enemies":"3 Shapes","floor":35,"turns":3},{"damage":0,"enemies":"3 Darklings","floor":36,"turns":4},{"damage":1,"enemies":"Writhing Mass","floor":37,"turns":7},{"damage":5,"enemies":"4 Shapes","floor":38,"turns":4},{"damage":2,"enemies":"Jaw Worm Horde","floor":39,"turns":4},{"damage":1,"enemies":"Giant Head","floor":41,"turns":4},{"damage":0,"enemies":"3 Darklings","floor":42,"turns":4},{"damage":12,"enemies":"Mind Bloom Boss Battle","floor":48,"turns":3},{"damage":0,"enemies":"Donu and Deca","floor":50,"turns":5}],"seed_played":"9025631253057662425","potions_obtained":[{"floor":2.0,"key":"AttackPotion"},{"floor":5.0,"key":"BottledMiracle"},{"floor":10,"key":"FairyPotion"},{"floor":14,"key":"Fruit Juice"},{"floor":25,"key":"BottledMiracle"},{"floor":27,"key":"Block Potion"},{"floor":36,"key":"DistilledChaos"},{"floor":41,"key":"Weak Potion"},{"floor":42,"key":"SteroidPotion"}],"is_trial":false,"path_per_floor":["M","M","?","M","M","E","?","M","T","E","M","R","$","E","R","B",null,"M","?","M","$","?","R","E","M","T","E","$","M","?","?","R","B",null,"M","M","M","M","M","R","E","M","T","R","$","R","?","?","R","B",null],"character_chosen":"WATCHER","items_purchased":["ThirdEye","CutThroughFate","Adaptation","FlurryOfBlows","Membership Card","Whetstone","Boot"],"campfire_rested":3,"item_purchase_floors":[13,13,21,28,45,45,45],"current_hp_per_floor":[48,48,41,41,36,36,33,33,33,23,23,23,23,23,23,15,72,72,72,17,17,17,34,34,23,23,23,23,23,18,18,31,25,46,46,46,45,40,38,38,37,37,43,43,43,43,43,31,46,46],"gold":60,"neow_bonus":"ONE_RARE_RELIC","is_daily":false,"chose_seed":false,"campfire_upgraded":5,"win_rate":0.0,"timestamp":1608234467,"path_taken":["M","M","?","M","M","E","?","M","T","E","M","R","$","E","R","BOSS","M","?","M","$","?","R","E","M","T","E","?","?","?","?","R","BOSS","M","?","M","M","M","R","E","M","T","R","$","R","?","?","R","BOSS"],"items_purchased_type":["Card","Card","Card","Card","Relic","Relic","Relic"],"build_version":"2020-12-13","purchased_purges":3,"victory":true,"max_hp_per_floor":[72,72,72,72,72,72,72,72,72,72,72,72,72,72,72,72,72,72,72,72,72,36,41,41,41,41,41,41,41,46,46,46,46,46,46,46,46,46,46,46,46,46,52,52,52,52,52,52,52,52],"relic_stats":{"Darkstone Periapt":6,"counters":[26,97],"StoneCalendar":[0],"PreservedInsect":260,"Ginger":[3],"Whetstone":["EmptyFist","Tantrum"],"Cursed Key":2,"Question Card":12,"Smiling Mask":13,"Boot":[17],"WarpedTongs":[44],"Lizard Tail":0,"Mummified Hand":[21],"Shuriken":[53],"obtain_stats":[{"Darkstone Periapt":9,"StoneCalendar":0,"PreservedInsect":6,"Omamori":14,"Ginger":24,"Whetstone":45,"Cursed Key":17,"Question Card":26,"Smiling Mask":27,"Boot":45,"WarpedTongs":31,"Bottled Flame":10,"Lizard Tail":48,"Mummified Hand":7,"Shuriken":19,"HolyWater":34,"Molten Egg 2":43,"Membership Card":45,"PureWater":0,"TungstenRod":41},{"Darkstone Periapt":6,"StoneCalendar":0,"PreservedInsect":5,"Omamori":9,"Ginger":13,"Whetstone":24,"Cursed Key":10,"Question Card":14,"Smiling Mask":15,"Boot":24,"WarpedTongs":16,"Bottled Flame":7,"Lizard Tail":25,"Mummified Hand":5,"Shuriken":11,"HolyWater":17,"Molten Egg 2":24,"Membership Card":24,"PureWater":0,"TungstenRod":23},{"Darkstone Periapt":18,"StoneCalendar":0,"PreservedInsect":15,"Omamori":25,"Ginger":42,"Whetstone":89,"Cursed Key":31,"Question Card":47,"Smiling Mask":50,"Boot":89,"WarpedTongs":53,"Bottled Flame":21,"Lizard Tail":92,"Mummified Hand":15,"Shuriken":34,"HolyWater":59,"Molten Egg 2":89,"Membership Card":89,"PureWater":0,"TungstenRod":85}],"TungstenRod":8},"card_choices":[{"not_picked":["PathToVictory","Evaluate"],"picked":"Crescendo","floor":1.0},{"not_picked":["FlyingSleeves","SandsOfTime"],"picked":"FollowUp","floor":2.0},{"not_picked":["SignatureMove","PathToVictory"],"picked":"EmptyFist","floor":4.0},{"not_picked":["Judgement","Halt"],"picked":"Consecrate","floor":5.0},{"not_picked":["BowlingBash","Evaluate"],"picked":"FlurryOfBlows","floor":6.0},{"not_picked":["WindmillStrike","Nirvana"],"picked":"Tantrum","floor":8},{"not_picked":["FlurryOfBlows","Swivel"],"picked":"FearNoEvil","floor":10},{"not_picked":["Worship","Vengeance"],"picked":"ClearTheMind","floor":11},{"not_picked":["Halt","ConjureBlade"],"picked":"MentalFortress","floor":14},{"not_picked":["Wish","Omniscience"],"picked":"Blasphemy","floor":16},{"not_picked":["CutThroughFate","WindmillStrike"],"picked":"Meditate","floor":18},{"not_picked":["Collect+1","SandsOfTime"],"picked":"BowlingBash+1","floor":20},{"not_picked":["SandsOfTime","EmptyBody"],"picked":"FlurryOfBlows+1","floor":24},{"not_picked":["BattleHymn+1","CrushJoints"],"picked":"InnerPeace","floor":25},{"not_picked":["FollowUp","Vengeance","CarveReality","Consecrate"],"picked":"SKIP","floor":27},{"not_picked":["FollowUp","Conclude","ThirdEye"],"picked":"EmptyBody","floor":29},{"not_picked":["SashWhip","WaveOfTheHand","FollowUp+1","EmptyFist+1"],"picked":"SKIP","floor":35},{"not_picked":["Meditate","LikeWater+1","ThirdEye"],"picked":"InnerPeace","floor":36},{"not_picked":["BowlingBash+1","Tantrum+1","JustLucky+1","Indignation+1"],"picked":"SKIP","floor":37},{"not_picked":["WaveOfTheHand","LikeWater","SignatureMove","FollowUp"],"picked":"SKIP","floor":38},{"not_picked":["EmptyBody+1","Prostrate","ClearTheMind","Halt"],"picked":"SKIP","floor":39},{"not_picked":["ThirdEye+1","FlyingSleeves+1","WindmillStrike+1","Consecrate+1"],"picked":"SKIP","floor":41},{"not_picked":["LikeWater+1","WindmillStrike","SashWhip+1"],"picked":"Wallop","floor":42}],"player_experience":70469,"relics_obtained":[{"floor":6.0,"key":"PreservedInsect"},{"floor":9,"key":"Darkstone Periapt"},{"floor":10,"key":"Bottled Flame"},{"floor":14,"key":"Omamori"},{"floor":24,"key":"Ginger"},{"floor":26,"key":"Question Card"},{"floor":27,"key":"Smiling Mask"},{"floor":41,"key":"TungstenRod"},{"floor":43,"key":"Molten Egg 2"},{"floor":48,"key":"Lizard Tail"}],"event_choices":[{"cards_removed":["Strike_P"],"damage_healed":0.0,"max_hp_gain":0.0,"max_hp_loss":0.0,"gold_gain":0.0,"event_name":"Golden Wing","player_choice":"Card Removal","floor":3.0,"gold_loss":0.0,"damage_taken":7.0},{"damage_healed":0.0,"max_hp_gain":0.0,"max_hp_loss":0.0,"gold_gain":0.0,"event_name":"Scrap Ooze","player_choice":"Success","floor":7.0,"gold_loss":0.0,"damage_taken":3.0,"relics_obtained":["Mummified Hand"]},{"damage_healed":0,"gold_gain":0,"player_choice":"Obtained Relic","damage_taken":0,"relics_obtained":["Shuriken"],"max_hp_gain":0,"max_hp_loss":0,"event_name":"Addict","floor":19,"gold_loss":85},{"damage_healed":0,"gold_gain":0,"player_choice":"Became a Ghost","damage_taken":0,"max_hp_gain":0,"max_hp_loss":36,"event_name":"Ghosts","floor":22,"gold_loss":0,"cards_obtained":["Ghostly","Ghostly","Ghostly","Ghostly","Ghostly"]},{"damage_healed":0,"gold_gain":0,"player_choice":"Shed Blood","damage_taken":10,"max_hp_gain":5,"max_hp_loss":0,"event_name":"Forgotten Altar","floor":30,"gold_loss":0},{"damage_healed":0,"gold_gain":0,"player_choice":"Rummage","damage_taken":0,"relics_obtained":["WarpedTongs"],"max_hp_gain":0,"max_hp_loss":0,"event_name":"Accursed Blacksmith","floor":31,"gold_loss":0,"cards_obtained":["Pain"]},{"damage_healed":0,"gold_gain":0,"player_choice":"Memory 1","damage_taken":0,"max_hp_gain":0,"max_hp_loss":0,"event_name":"SensoryStone","floor":47,"gold_loss":0},{"damage_healed":0,"gold_gain":0,"player_choice":"Fight","damage_taken":0,"max_hp_gain":0,"max_hp_loss":0,"event_name":"MindBloom","floor":48,"gold_loss":0}],"is_beta":false,"boss_relics":[{"not_picked":["Black Star","Astrolabe"],"picked":"Cursed Key"},{"not_picked":["Runic Dome","Empty Cage"],"picked":"HolyWater"}],"items_purged_floors":[13,21,45],"is_endless":false,"potions_floor_spawned":[2,5,10,14,25,27,35,36,41,42],"ascension_level":3}}