{"host":"kstmajdnxm8lto3o","time":1608248138,"event":{"mods":["Aspiration","BaseMod","Better Third Choice","BetterRewards","CCEM","Conspire","Downfall","Gremlin Skip","Highlight Path","Hubris","Minty Spire (QoL Compilation)","Replay The Spire","Shop Mod","Spicy Shops","StSLib"],"gold_per_floor":[110,126,136,136,146,180,180,212,212,212,239,239,258,291,291,392,392,404,417,433,433,433],"floor_reached":21,"playtime":1592,"items_purged":[],"score":222,"play_id":"166aac23-7ccc-4a1a-b3ae-ad5aec1610e9","local_time":"20201217183538","is_ascension_mode":true,"campfire_choices":[{"data":"Fusion","floor":7,"key":"SMITH"},{"data":"ReplayTheSpireMod:Calculation Training","floor":10,"key":"SMITH"},{"data":"Dualcast","floor":12,"key":"SMITH"},{"floor":15,"key":"DIG"}],"circlet_count":0,"master_deck":["Strike_B","Strike_B","Strike_B","Strike_B","Defend_B","Defend_B","Defend_B","Defend_B","Zap+1","Dualcast+1","Coolheaded","Cold Snap","Fusion+1","ReplayTheSpireMod:Calculation Training+1","Beam Cell","Sweeping Beam","Loop","Fission","Panic Button"],"relics":["Cracked Core","Orichalcum","hubris:TenFootPole","Replay:Antivirus Software","PreservedInsect","Kunai","Busted Crown"],"acts_visited":["Exordium","TheCity"],"potions_floor_usage":[6,19,19,21],"damage_taken":[{"damage":0,"enemies":"2 Louse","floor":1,"turns":1},{"damage":1,"enemies":"Cultist","floor":2,"turns":3},{"damage":0,"enemies":"Small Slimes","floor":3,"turns":3},{"damage":3,"enemies":"Looter","floor":5,"turns":3},{"damage":2,"enemies":"Lagavulin","floor":6,"turns":7},{"damage":7,"enemies":"3 Sentries","floor":8,"turns":8},{"damage":12,"enemies":"Gremlin Nob","floor":11,"turns":5},{"damage":0,"enemies":"2 Fungi Beasts","floor":13,"turns":3},{"damage":7,"enemies":"Lagavulin","floor":14,"turns":8},{"damage":14,"enemies":"Hexaghost","floor":16,"turns":12},{"damage":0,"enemies":"3 Byrds","floor":18,"turns":5},{"damage":25,"enemies":"2 Thieves","floor":19,"turns":5},{"damage":29,"enemies":"Snecko","floor":20,"turns":9},{"damage":23,"enemies":"Snake Plant","floor":21,"turns":3}],"seed_played":"7018544767066635203","potions_obtained":[{"floor":1,"key":"hexamod:EctoCoolerPotion"},{"floor":2,"key":"Death Potion"},{"floor":3,"key":"FearPotion"},{"floor":13,"key":"SpeedPotion"}],"is_trial":false,"path_per_floor":["M","M","M","?","M","E","R","E","T","R","E","R","M","E","R","B",null,"M","M","M","M"],"character_chosen":"DEFECT","items_purchased":[],"campfire_rested":0,"item_purchase_floors":[],"current_hp_per_floor":[75,74,74,67,64,62,62,55,55,55,43,43,43,36,36,22,75,75,50,21,0,0],"gold":433,"neow_bonus":"UPGRADE_CARD","is_daily":false,"chose_seed":false,"campfire_upgraded":3,"win_rate":0.0,"timestamp":1608248138,"path_taken":["M","M","M","?","M","E","R","E","T","R","E","R","?","E","R","BOSS","M","?","M","M"],"items_purchased_type":[],"build_version":"2020-12-13","purchased_purges":0,"victory":false,"max_hp_per_floor":[75,75,75,75,75,75,75,75,75,75,75,75,75,75,75,75,75,75,75,75,75,75],"card_choices":[{"not_picked":["ReplayTheSpireMod:GoodbyeWorld","aspiration:Polymerization"],"picked":"Coolheaded","floor":1},{"not_picked":["ReplaySolidLightProjector","BasicCrystalCard"],"picked":"Cold Snap","floor":2},{"not_picked":["Conserve Battery","Coolheaded"],"picked":"Fusion","floor":3},{"not_picked":["Tempest","Conserve Battery"],"picked":"ReplayTheSpireMod:Calculation Training","floor":5},{"not_picked":["Glacier","hubris:Prefetch"],"picked":"Beam Cell","floor":6},{"not_picked":["Glacier","Beam Cell","Hologram"],"picked":"SKIP","floor":8},{"not_picked":["Ball Lightning","Glacier"],"picked":"Sweeping Beam","floor":11},{"not_picked":["Tempest","ReplaySolidLightProjector","Beam Cell"],"picked":"SKIP","floor":13},{"not_picked":["Coolheaded","Steam"],"picked":"Loop","floor":14},{"not_picked":["Reboot","hubris:SpecializedCircuitry"],"picked":"Fission","floor":16},{"not_picked":[],"picked":"Panic Button","floor":18},{"not_picked":["Force Field"],"picked":"SKIP","floor":19},{"not_picked":["Turbo"],"picked":"SKIP","floor":20}],"player_experience":458458,"relics_obtained":[{"floor":6,"key":"Orichalcum"},{"floor":8,"key":"hubris:TenFootPole"},{"floor":11,"key":"Replay:Antivirus Software"},{"floor":14,"key":"PreservedInsect"},{"floor":15,"key":"Kunai"}],"event_choices":[{"damage_healed":0,"gold_gain":0,"player_choice":"Damaged","damage_taken":7,"max_hp_gain":0,"max_hp_loss":0,"event_name":"Wheel of Change","floor":4,"gold_loss":0}],"is_beta":false,"boss_relics":[{"not_picked":["Coffee Dripper","Honey Jar"],"picked":"Busted Crown"}],"items_purged_floors":[],"is_endless":false,"potions_floor_spawned":[1,2,3,13,14],"killed_by":"Snake Plant","ascension_level":1}}