{"host":"bg8va46pgqgvtzim","time":1608174470,"event":{"mods":["BaseMod","Minty Spire (QoL Compilation)","Quick Restart","StSLib","SuperFastMode"],"gold_per_floor":[112,123,133,103,121,121,153,153,178,1,1,1,13,23,23,120,120,137,137,156,169,169,196,196,223,223,254,269,269,39,39,39,143,143,153,167,167,183,203,203,103,132,159,175,204,304,304,304,304,304,304,304,22,50,50],"floor_reached":56,"playtime":1661,"items_purged":["Defend_G","Flying Knee","Blade Dance"],"score":1471,"play_id":"f9a64e69-f024-4a1b-b730-a6b84517ed17","local_time":"20201217110750","is_ascension_mode":true,"campfire_choices":[{"data":"Acrobatics","floor":6.0,"key":"SMITH"},{"data":"Skewer","floor":8.0,"key":"SMITH"},{"data":"Prepared","floor":12.0,"key":"SMITH"},{"data":"Tactician","floor":15.0,"key":"SMITH"},{"data":"Calculated Gamble","floor":24.0,"key":"SMITH"},{"data":"Prepared","floor":29.0,"key":"SMITH"},{"data":"Footwork","floor":32.0,"key":"SMITH"},{"data":"Eviscerate","floor":40.0,"key":"SMITH"},{"data":"Burst","floor":47.0,"key":"SMITH"},{"floor":49.0,"key":"RECALL"},{"data":"Tactician","floor":52,"key":"SMITH"}],"circlet_count":0,"master_deck":["Survivor","Neutralize","Terror","Tactician+1","Acrobatics+1","Skewer+1","Prepared+1","Prepared+1","Tools of the Trade","Phantasmal Killer+1","Escape Plan","Eviscerate+1","Calculated Gamble+1","Backflip+1","Footwork+1","Sucker Punch","Backstab","Tactician+1","Distraction","Die Die Die","Concentrate","Dodge and Roll+1","Acrobatics+1","Finesse","Panache","Forethought","Backflip+1","Burst+1"],"relics":["Coffee Dripper","Blood Vial","Chemical X","Runic Dome","MutagenicStrength","Juzu Bracelet","Orichalcum","White Beast Statue","Eternal Feather","War Paint","Pandora\u0027s Box","Molten Egg 2","Toy Ornithopter","PreservedInsect","OrangePellets","Snake Skull"],"acts_visited":["Exordium","TheCity","TheBeyond","TheEnding"],"potions_floor_usage":[54,55,55],"damage_taken":[{"damage":0.0,"enemies":"2 Louse","floor":1.0,"turns":5.0},{"damage":0.0,"enemies":"Cultist","floor":2.0,"turns":3.0},{"damage":0.0,"enemies":"Jaw Worm","floor":3.0,"turns":3.0},{"damage":0.0,"enemies":"Gremlin Gang","floor":5.0,"turns":4.0},{"damage":9.0,"enemies":"Lagavulin","floor":7.0,"turns":9.0},{"damage":0.0,"enemies":"Exordium Wildlife","floor":13.0,"turns":4.0},{"damage":0.0,"enemies":"3 Louse","floor":14.0,"turns":3.0},{"damage":0.0,"enemies":"Slime Boss","floor":16.0,"turns":2.0},{"damage":5.0,"enemies":"2 Thieves","floor":18.0,"turns":3.0},{"damage":0.0,"enemies":"Shell Parasite","floor":20.0,"turns":3.0},{"damage":0.0,"enemies":"Centurion and Healer","floor":21.0,"turns":5.0},{"damage":9.0,"enemies":"Gremlin Leader","floor":23.0,"turns":5.0},{"damage":19.0,"enemies":"Book of Stabbing","floor":25.0,"turns":2.0},{"damage":0.0,"enemies":"Gremlin Leader","floor":27.0,"turns":3.0},{"damage":0.0,"enemies":"Snake Plant","floor":28.0,"turns":1.0},{"damage":22.0,"enemies":"Automaton","floor":33.0,"turns":5.0},{"damage":5.0,"enemies":"3 Darklings","floor":35.0,"turns":3.0},{"damage":0.0,"enemies":"Orb Walker","floor":36.0,"turns":1.0},{"damage":5.0,"enemies":"Writhing Mass","floor":38.0,"turns":2.0},{"damage":3.0,"enemies":"Sphere and 2 Shapes","floor":39.0,"turns":3.0},{"damage":0.0,"enemies":"Giant Head","floor":42.0,"turns":3.0},{"damage":0.0,"enemies":"3 Darklings","floor":44.0,"turns":3.0},{"damage":0.0,"enemies":"Nemesis","floor":45.0,"turns":4.0},{"damage":33,"enemies":"Time Eater","floor":50,"turns":6},{"damage":0,"enemies":"Shield and Spear","floor":54,"turns":3},{"damage":2,"enemies":"The Heart","floor":55,"turns":5}],"seed_played":"3868216978306227906","potions_obtained":[{"floor":2.0,"key":"GamblersBrew"},{"floor":4.0,"key":"Explosive Potion"},{"floor":4.0,"key":"EntropicBrew"},{"floor":7.0,"key":"Explosive Potion"},{"floor":14.0,"key":"AttackPotion"},{"floor":23.0,"key":"AttackPotion"},{"floor":25.0,"key":"DistilledChaos"},{"floor":27.0,"key":"FairyPotion"},{"floor":33.0,"key":"Regen Potion"},{"floor":35.0,"key":"EssenceOfSteel"},{"floor":36.0,"key":"SteroidPotion"},{"floor":38.0,"key":"GhostInAJar"},{"floor":42.0,"key":"Strength Potion"},{"floor":44.0,"key":"Fruit Juice"},{"floor":45.0,"key":"SpeedPotion"},{"floor":54,"key":"SneckoOil"}],"is_trial":false,"path_per_floor":["M","M","M","?","M","R","E","R","T","$","?","R","M","M","R","B",null,"M","?","M","M","?","E","R","E","T","E","M","R","$","$","R","B",null,"M","M","?","M","M","R","$","E","T","M","E","?","R","?","R","B",null,"R","$","E","B",null],"character_chosen":"THE_SILENT","items_purchased":["Prepared","Chemical X","War Paint","OrangePellets"],"campfire_rested":0,"item_purchase_floors":[10,10,30,53],"current_hp_per_floor":[70,70,70,70,70,70,61,61,61,61,61,61,63,65,65,67,70,65,65,67,69,69,61,61,44,44,46,48,60,60,60,70,53,70,65,67,57,54,53,68,68,70,70,70,75,75,75,75,75,42,75,75,75,75,75],"gold":50,"neow_bonus":"BOSS_RELIC","is_daily":false,"chose_seed":false,"campfire_upgraded":10,"win_rate":0.0,"timestamp":1608174470,"path_taken":["M","M","M","?","M","R","E","R","T","?","?","R","?","M","R","BOSS","M","?","M","M","?","E","R","E","T","E","M","R","?","$","R","BOSS","M","M","?","M","M","R","$","E","T","M","E","?","R","?","R","BOSS","R","$","E","BOSS"],"items_purchased_type":["Card","Relic","Relic","Relic"],"build_version":"2020-12-13","purchased_purges":3,"victory":true,"max_hp_per_floor":[70,70,70,70,70,70,70,70,70,70,70,70,70,70,70,70,70,70,70,70,70,70,70,70,70,70,70,70,70,70,70,70,70,70,70,70,70,70,70,70,70,70,70,70,75,75,75,75,75,75,75,75,75,75,75],"card_choices":[{"not_picked":["Dagger Throw","Quick Slash"],"picked":"Terror","floor":1.0},{"not_picked":["Cloak And Dagger","Sucker Punch"],"picked":"Tactician","floor":2.0},{"not_picked":["Bane","Dodge and Roll","Sucker Punch"],"picked":"SKIP","floor":3.0},{"not_picked":["Masterful Stab","Dagger Spray"],"picked":"Acrobatics","floor":5.0},{"not_picked":["Setup","Tactician"],"picked":"Skewer","floor":7.0},{"not_picked":["Deflect","Endless Agony"],"picked":"Prepared","floor":13.0},{"not_picked":["Footwork","Quick Slash"],"picked":"Tools of the Trade","floor":14.0},{"not_picked":["Doppelganger","Grand Finale"],"picked":"Phantasmal Killer","floor":16.0},{"not_picked":["Dagger Throw+1","Endless Agony","Dagger Spray"],"picked":"SKIP","floor":18.0},{"not_picked":["Catalyst","Endless Agony"],"picked":"Escape Plan","floor":20.0},{"not_picked":["Accuracy","Dagger Spray"],"picked":"Eviscerate","floor":21.0},{"not_picked":["Escape Plan+1","Choke"],"picked":"Calculated Gamble","floor":23.0},{"not_picked":["Flying Knee","Eviscerate","Terror"],"picked":"SKIP","floor":25.0},{"not_picked":["Terror+1","Dodge and Roll"],"picked":"Backflip+1","floor":27.0},{"not_picked":["Flechettes+1","Poisoned Stab"],"picked":"Footwork","floor":28.0},{"not_picked":["Tactician","Outmaneuver+1"],"picked":"Dodge and Roll+1","floor":35.0},{"not_picked":["Bane+1","Outmaneuver+1"],"picked":"Acrobatics+1","floor":36.0},{"not_picked":["Enlightenment","Blind"],"picked":"Finesse","floor":37.0},{"not_picked":["Bandage Up","Jack Of All Trades"],"picked":"Panache","floor":37.0},{"not_picked":["Swift Strike","Sadistic Nature"],"picked":"Forethought","floor":37.0},{"not_picked":["Infinite Blades+1","Quick Slash"],"picked":"Backflip+1","floor":38.0},{"not_picked":["PiercingWail+1","Choke","Setup"],"picked":"SKIP","floor":39.0},{"not_picked":["Crippling Poison","Slice+1","Dodge and Roll"],"picked":"SKIP","floor":42.0},{"not_picked":["Dodge and Roll","Poisoned Stab+1"],"picked":"Burst","floor":44.0},{"not_picked":["Poisoned Stab+1","Glass Knife+1","Cloak And Dagger+1"],"picked":"SKIP","floor":45.0},{"not_picked":["Dagger Spray+1","Underhanded Strike+1","Bane+1"],"picked":"SKIP","floor":54}],"player_experience":2118940,"relics_obtained":[{"floor":7.0,"key":"Blood Vial"},{"floor":23.0,"key":"Juzu Bracelet"},{"floor":25.0,"key":"Orichalcum"},{"floor":26.0,"key":"White Beast Statue"},{"floor":27.0,"key":"Eternal Feather"},{"floor":42.0,"key":"Molten Egg 2"},{"floor":43.0,"key":"Toy Ornithopter"},{"floor":45.0,"key":"PreservedInsect"},{"floor":54,"key":"Snake Skull"}],"event_choices":[{"damage_healed":0.0,"max_hp_gain":0.0,"max_hp_loss":0.0,"gold_gain":0.0,"event_name":"The Woman in Blue","player_choice":"Bought 2 Potions","floor":4.0,"gold_loss":0.0,"damage_taken":0.0},{"cards_removed":["Strike_G"],"damage_healed":0.0,"max_hp_gain":0.0,"max_hp_loss":0.0,"gold_gain":0.0,"event_name":"Purifier","player_choice":"Purged","floor":11.0,"gold_loss":0.0,"damage_taken":0.0},{"damage_healed":0.0,"max_hp_gain":0.0,"max_hp_loss":0.0,"gold_gain":0.0,"event_name":"Vampires","player_choice":"Ignored","floor":19.0,"gold_loss":0.0,"damage_taken":0.0},{"damage_healed":0.0,"max_hp_gain":0.0,"max_hp_loss":0.0,"gold_gain":0.0,"event_name":"Drug Dealer","player_choice":"Inject Mutagens","floor":22.0,"gold_loss":0.0,"damage_taken":0.0,"relics_obtained":["MutagenicStrength"]},{"damage_healed":0.0,"max_hp_gain":0.0,"max_hp_loss":0.0,"gold_gain":0.0,"event_name":"SensoryStone","player_choice":"Memory 3","floor":37.0,"gold_loss":0.0,"damage_taken":10.0},{"damage_healed":0.0,"max_hp_gain":0.0,"max_hp_loss":0.0,"gold_gain":100.0,"event_name":"Golden Shrine","player_choice":"Pray","floor":46.0,"gold_loss":0.0,"damage_taken":0.0},{"damage_healed":0.0,"max_hp_gain":0.0,"max_hp_loss":0.0,"gold_gain":0.0,"event_name":"Tomb of Lord Red Mask","player_choice":"Ignored","floor":48.0,"gold_loss":0.0,"damage_taken":0.0}],"is_beta":false,"boss_relics":[{"not_picked":["Busted Crown","Tiny House"],"picked":"Runic Dome"},{"not_picked":["Runic Pyramid","SacredBark"],"picked":"Pandora\u0027s Box"}],"items_purged_floors":[30,41,53],"is_endless":false,"potions_floor_spawned":[2,7,14,23,25,27,28,33,35,36,38,39,42,44,45,54],"ascension_level":1}}