{"host":"r5m27m0hu9mtdi9d","time":1608189955,"event":{"mods":["AchievementEnabler","BaseMod","Colored Map","Colored Powertips","Highlight Path","Minty Spire (QoL Compilation)"],"gold_per_floor":[113,113,124,21,39,64,64,80,103,103,130,142,55,71,71,171,171,182,194,205,58,70,101,101,101,148,148,159,188,88,100,100,204,204,222,19,29,44,44,44,58,58,82,95,112,112,127,138,138,138],"floor_reached":51,"playtime":5444,"items_purged":["Pain","Strike_G"],"score":1079,"play_id":"88575032-a3c0-4532-b67b-67257468482a","local_time":"20201217022555","is_ascension_mode":true,"campfire_choices":[{"data":"Footwork","floor":7.0,"key":"SMITH"},{"data":"Glass Knife","floor":10.0,"key":"SMITH"},{"data":"After Image","floor":15.0,"key":"SMITH"},{"data":"Calculated Gamble","floor":24.0,"key":"SMITH"},{"data":"Bullet Time","floor":27.0,"key":"SMITH"},{"data":"Envenom","floor":32.0,"key":"SMITH"},{"data":"Enlightenment","floor":40.0,"key":"SMITH"},{"data":"Noxious Fumes","floor":42.0,"key":"SMITH"},{"data":"Catalyst","floor":46.0,"key":"SMITH"},{"floor":49,"key":"REST"}],"circlet_count":0,"master_deck":["Strike_G","Strike_G","Strike_G","Defend_G","Defend_G","Defend_G","Defend_G","Defend_G","Survivor","Neutralize","Glass Knife+1","Calculated Gamble+1","Quick Slash","Footwork+1","Terror","Blur","Tactician","After Image+1","Prepared","PiercingWail","Corpse Explosion","Backflip","Slice+1","Reflex+1","Dash","Eviscerate","Underhanded Strike","Bullet Time+1","Injury","Dodge and Roll+1","Envenom+1","Riddle With Holes","Night Terror","Dodge and Roll+1","Well Laid Plans","Crippling Poison","Enlightenment+1","Bane+1","Shame","Footwork+1","Noxious Fumes+1","Writhe","Catalyst+1","Catalyst+1"],"relics":["Ring of the Snake","Nunchaku","Happy Flower","MawBank","WarpedTongs","Cursed Key","Prayer Wheel","Pen Nib","Pear","Sozu","Matryoshka","Bag of Marbles","Vajra"],"acts_visited":["Exordium","TheCity","TheBeyond"],"potions_floor_usage":[50],"damage_taken":[{"damage":0.0,"enemies":"Small Slimes","floor":1.0,"turns":3.0},{"damage":1.0,"enemies":"Cultist","floor":3.0,"turns":3.0},{"damage":0.0,"enemies":"Jaw Worm","floor":5.0,"turns":4.0},{"damage":34.0,"enemies":"3 Sentries","floor":6.0,"turns":13.0},{"damage":2.0,"enemies":"Gremlin Gang","floor":8.0,"turns":7.0},{"damage":6.0,"enemies":"Gremlin Nob","floor":11.0,"turns":4.0},{"damage":0.0,"enemies":"Exordium Thugs","floor":14.0,"turns":5.0},{"damage":0.0,"enemies":"Hexaghost","floor":16.0,"turns":9.0},{"damage":0.0,"enemies":"3 Byrds","floor":18.0,"turns":3.0},{"damage":0.0,"enemies":"Chosen","floor":19.0,"turns":5.0},{"damage":11.0,"enemies":"Snake Plant","floor":20.0,"turns":5.0},{"damage":2.0,"enemies":"Cultist and Chosen","floor":22.0,"turns":6.0},{"damage":0.0,"enemies":"Book of Stabbing","floor":23.0,"turns":4.0},{"damage":0.0,"enemies":"Shelled Parasite and Fungi","floor":28.0,"turns":5.0},{"damage":1.0,"enemies":"Slavers","floor":29.0,"turns":6.0},{"damage":0.0,"enemies":"Centurion and Healer","floor":31.0,"turns":5.0},{"damage":14.0,"enemies":"Champ","floor":33.0,"turns":11.0},{"damage":16.0,"enemies":"Orb Walker","floor":35.0,"turns":5.0},{"damage":0.0,"enemies":"3 Shapes","floor":37.0,"turns":3.0},{"damage":0.0,"enemies":"Jaw Worm Horde","floor":38.0,"turns":4.0},{"damage":19.0,"enemies":"Writhing Mass","floor":41.0,"turns":8.0},{"damage":11.0,"enemies":"Transient","floor":44.0,"turns":5.0},{"damage":4.0,"enemies":"Jaw Worm Horde","floor":45.0,"turns":5.0},{"damage":9,"enemies":"Sphere and 2 Shapes","floor":47,"turns":6},{"damage":0,"enemies":"Maw","floor":48,"turns":8},{"damage":43,"enemies":"Donu and Deca","floor":50,"turns":8}],"seed_played":"7585854319449044481","potions_obtained":[{"floor":1.0,"key":"Poison Potion"},{"floor":11.0,"key":"LiquidMemories"},{"floor":20.0,"key":"Block Potion"},{"floor":25.0,"key":"FairyPotion"},{"floor":25.0,"key":"AttackPotion"},{"floor":31.0,"key":"Block Potion"},{"floor":33.0,"key":"GamblersBrew"}],"is_trial":false,"path_per_floor":["M","?","M","$","M","E","R","M","T","R","E","?","$","M","R","B",null,"M","M","M","$","M","E","R","?","T","R","M","E","$","M","R","B",null,"M","$","M","M","T","R","M","R","T","M","M","R","M","M","R","B",null],"character_chosen":"THE_SILENT","items_purchased":["Footwork","Terror","Prepared","Dash","Eviscerate","Well Laid Plans","Crippling Poison","Enlightenment"],"campfire_rested":1,"item_purchase_floors":[4,4,13,21,21,36,36,36],"current_hp_per_floor":[45,45,44,44,44,10,10,8,8,8,2,2,2,2,2,2,53,53,53,42,42,40,40,40,40,40,40,40,49,49,49,49,35,69,53,53,53,53,53,53,34,34,34,23,19,19,10,10,34,24],"gold":138,"neow_bonus":"THREE_RARE_CARDS","is_daily":false,"chose_seed":false,"campfire_upgraded":9,"win_rate":0.0,"timestamp":1608189955,"path_taken":["M","?","?","$","M","E","R","M","T","R","E","?","$","?","R","BOSS","M","M","M","$","M","E","R","?","T","R","?","E","$","M","R","BOSS","M","$","M","M","?","R","M","R","T","M","?","R","M","M","R","BOSS"],"items_purchased_type":["Card","Card","Card","Card","Card","Card","Card","Card"],"build_version":"2020-12-13","purchased_purges":2,"victory":true,"max_hp_per_floor":[70,70,70,70,70,70,70,70,70,70,70,70,70,70,70,70,70,70,70,70,70,70,70,70,70,70,70,70,80,80,80,80,80,80,80,80,80,80,80,80,80,80,80,80,80,80,80,80,80,80],"card_choices":[{"not_picked":["Bullet Time","Burst"],"picked":"Glass Knife","floor":0.0},{"not_picked":["Poisoned Stab","Outmaneuver"],"picked":"Calculated Gamble","floor":1.0},{"not_picked":["Calculated Gamble","Accuracy"],"picked":"Quick Slash","floor":3.0},{"not_picked":["Calculated Gamble","Cloak And Dagger"],"picked":"Blur","floor":5.0},{"not_picked":["Underhanded Strike","Distraction"],"picked":"Tactician","floor":6.0},{"not_picked":["Cloak And Dagger","Quick Slash","Bane"],"picked":"SKIP","floor":8.0},{"not_picked":["Deadly Poison","Slice"],"picked":"After Image","floor":11.0},{"not_picked":["Quick Slash","Deadly Poison"],"picked":"PiercingWail","floor":14.0},{"not_picked":["Adrenaline","Storm of Steel"],"picked":"Corpse Explosion","floor":16.0},{"not_picked":["Outmaneuver+1","Caltrops"],"picked":"Backflip","floor":18.0},{"not_picked":["Underhanded Strike","Heel Hook"],"picked":"Slice+1","floor":19.0},{"not_picked":["Infinite Blades+1","Slice"],"picked":"Reflex+1","floor":20.0},{"not_picked":["Quick Slash","Blade Dance"],"picked":"Underhanded Strike","floor":22.0},{"not_picked":["Poisoned Stab","Predator+1"],"picked":"Bullet Time","floor":23.0},{"not_picked":["Concentrate","Flying Knee"],"picked":"Dodge and Roll+1","floor":28.0},{"not_picked":["Bane","Distraction","Dagger Spray"],"picked":"SKIP","floor":28.0},{"not_picked":["Slice","Blade Dance"],"picked":"Envenom","floor":29.0},{"not_picked":["Flying Knee+1","Skewer"],"picked":"Riddle With Holes","floor":31.0},{"not_picked":["Deflect","PiercingWail","Outmaneuver"],"picked":"SKIP","floor":31.0},{"not_picked":["Tools of the Trade","Burst"],"picked":"Night Terror","floor":33.0},{"not_picked":["Accuracy+1","Dagger Spray+1"],"picked":"Dodge and Roll+1","floor":35.0},{"not_picked":["Slice+1","Quick Slash","Sucker Punch+1"],"picked":"SKIP","floor":35.0},{"not_picked":["Flechettes","Riddle With Holes","Slice+1"],"picked":"SKIP","floor":37.0},{"not_picked":["Eviscerate+1","Blade Dance+1","Flying Knee"],"picked":"SKIP","floor":37.0},{"not_picked":["Prepared+1","Flying Knee+1"],"picked":"Bane+1","floor":38.0},{"not_picked":["Infinite Blades","Flying Knee","Prepared"],"picked":"SKIP","floor":38.0},{"not_picked":["Outmaneuver+1","Skewer"],"picked":"Footwork+1","floor":41.0},{"not_picked":["Burst","Endless Agony+1"],"picked":"Noxious Fumes","floor":41.0},{"not_picked":["Acrobatics","Footwork"],"picked":"Catalyst+1","floor":44.0},{"not_picked":["Backstab","Bane","Eviscerate"],"picked":"SKIP","floor":44.0},{"not_picked":["Poisoned Stab","Bouncing Flask"],"picked":"Catalyst","floor":45.0},{"not_picked":["Quick Slash+1","Dodge and Roll","Flying Knee"],"picked":"SKIP","floor":45.0},{"not_picked":["Outmaneuver+1","Catalyst","Blade Dance+1"],"picked":"SKIP","floor":47},{"not_picked":["Distraction","Poisoned Stab","Crippling Poison"],"picked":"SKIP","floor":47},{"not_picked":["Outmaneuver+1","Dagger Spray","Dagger Throw"],"picked":"SKIP","floor":48},{"not_picked":["Deadly Poison+1","Dodge and Roll","Deflect"],"picked":"SKIP","floor":48}],"player_experience":654348,"relics_obtained":[{"floor":6.0,"key":"Nunchaku"},{"floor":9.0,"key":"Happy Flower"},{"floor":11.0,"key":"MawBank"},{"floor":23.0,"key":"Prayer Wheel"},{"floor":26.0,"key":"Pen Nib"},{"floor":29.0,"key":"Pear"},{"floor":39.0,"key":"Matryoshka"},{"floor":43.0,"key":"Bag of Marbles"},{"floor":43.0,"key":"Vajra"}],"event_choices":[{"cards_removed":["Strike_G"],"damage_healed":0.0,"max_hp_gain":0.0,"max_hp_loss":0.0,"gold_gain":0.0,"event_name":"Bonfire Elementals","player_choice":"Offered Basic","floor":2.0,"gold_loss":0.0,"damage_taken":0.0},{"damage_healed":0.0,"max_hp_gain":0.0,"max_hp_loss":0.0,"gold_gain":0.0,"event_name":"Accursed Blacksmith","player_choice":"Rummage","floor":12.0,"gold_loss":0.0,"damage_taken":0.0,"relics_obtained":["WarpedTongs"],"cards_obtained":["Pain"]},{"damage_healed":0.0,"max_hp_gain":0.0,"max_hp_loss":0.0,"gold_gain":0.0,"event_name":"Lab","player_choice":"Got Potions","floor":25.0,"gold_loss":0.0,"damage_taken":0.0}],"is_beta":false,"boss_relics":[{"not_picked":["Black Star","Pandora\u0027s Box"],"picked":"Cursed Key"},{"not_picked":["Ring of the Serpent","SlaversCollar"],"picked":"Sozu"}],"items_purged_floors":[13,30],"is_endless":false,"potions_floor_spawned":[1,11,20,31,33,38,41,44,48],"ascension_level":8}}