{"host":"utqe55yv0jihe4d6","time":1608249310,"event":{"mods":["2.2 Compatiblity","AchievementEnabler","BaseMod","Block Reminder","Colored Map","Colored Powertips","Minty Spire (QoL Compilation)","Quick Restart","Rare Cards Sparkle","Relic Stats","SuperFastMode"],"gold_per_floor":[119,119,137,150,75,75,110,110,156,166,166,199,37,57,57,133,133,143,143,143,43,58,58,58],"floor_reached":23,"playtime":669,"items_purged":["Strike_R","Strike_R"],"score":398,"play_id":"2849e918-e720-431f-b34e-bed3d01db0ce","local_time":"20201217185510","is_ascension_mode":true,"campfire_choices":[{"data":"Bash","floor":6.0,"key":"SMITH"},{"data":"Carnage","floor":8.0,"key":"SMITH"},{"data":"Strike_R","floor":15,"key":"PURGE"}],"circlet_count":0,"master_deck":["AscendersBane","Defend_R","Defend_R","Defend_R","Defend_R","Bash+1","Thunderclap","Impervious","Carnage+1","Cleave","Reaper","Flame Barrier","Juggernaut","Power Through+1","Clothesline","Wild Strike","Juggernaut"],"relics":["Burning Blood","MealTicket","Peace Pipe","Nunchaku","Strawberry","PreservedInsect","Cursed Key"],"acts_visited":["Exordium","TheCity"],"potions_floor_usage":[18,23],"damage_taken":[{"damage":13.0,"enemies":"Small Slimes","floor":1.0,"turns":5.0},{"damage":2.0,"enemies":"Cultist","floor":3.0,"turns":4.0},{"damage":14.0,"enemies":"Jaw Worm","floor":4.0,"turns":3.0},{"damage":45.0,"enemies":"Lagavulin","floor":7.0,"turns":8.0},{"damage":4.0,"enemies":"3 Louse","floor":10.0,"turns":5.0},{"damage":8,"enemies":"Gremlin Nob","floor":12,"turns":3},{"damage":11,"enemies":"Large Slime","floor":14,"turns":6},{"damage":75,"enemies":"Slime Boss","floor":16,"turns":12},{"damage":13,"enemies":"Spheric Guardian","floor":18,"turns":4},{"damage":36,"enemies":"Shell Parasite","floor":22,"turns":7},{"damage":75,"enemies":"Gremlin Leader","floor":23,"turns":5}],"seed_played":"-5790070986472403965","potions_obtained":[{"floor":3.0,"key":"BloodPotion"},{"floor":4.0,"key":"EntropicBrew"},{"floor":10.0,"key":"SteroidPotion"}],"is_trial":false,"path_per_floor":["M","?","M","M","$","R","E","R","T","M","?","E","$","M","R","B",null,"M","?","?","$","M","E"],"character_chosen":"IRONCLAD","items_purchased":["PreservedInsect"],"campfire_rested":0,"item_purchase_floors":[13],"current_hp_per_floor":[68,68,72,64,79,79,56,56,56,58,58,69,84,79,79,22,72,74,74,74,89,59,0,0],"gold":58,"neow_bonus":"TEN_PERCENT_HP_BONUS","is_daily":false,"chose_seed":false,"campfire_upgraded":2,"win_rate":0.0,"timestamp":1608249310,"path_taken":["M","?","?","M","$","R","E","R","T","M","?","E","$","M","R","BOSS","M","?","?","$","?","E"],"items_purchased_type":["Relic"],"build_version":"2020-12-13","purchased_purges":2,"victory":false,"max_hp_per_floor":[82,82,82,82,82,82,82,82,82,82,82,89,89,89,89,89,89,89,89,89,89,89,89,89],"relic_stats":{"Peace Pipe":1,"Nunchaku":[6],"counters":[11,62],"MealTicket":45,"PreservedInsect":50,"Cursed Key":0,"obtain_stats":[{"Peace Pipe":7,"Nunchaku":9,"Strawberry":12,"MealTicket":2,"PreservedInsect":13,"Cursed Key":17,"Burning Blood":0},{"Peace Pipe":4,"Nunchaku":4,"Strawberry":6,"MealTicket":1,"PreservedInsect":6,"Cursed Key":8,"Burning Blood":0},{"Peace Pipe":20,"Nunchaku":20,"Strawberry":28,"MealTicket":5,"PreservedInsect":28,"Cursed Key":46,"Burning Blood":0}],"Burning Blood":60},"card_choices":[{"not_picked":["Havoc","Heavy Blade"],"picked":"Clothesline","floor":1.0},{"not_picked":["Perfected Strike","Clash"],"picked":"Thunderclap","floor":3.0},{"not_picked":["Heavy Blade","Sever Soul"],"picked":"Impervious","floor":4.0},{"not_picked":["Warcry","Havoc"],"picked":"Carnage","floor":7.0},{"not_picked":["Warcry","Heavy Blade"],"picked":"Cleave","floor":10.0},{"not_picked":["Thunderclap","True Grit"],"picked":"Flame Barrier","floor":12},{"not_picked":["Twin Strike","Reckless Charge","Armaments"],"picked":"SKIP","floor":14},{"not_picked":["Brutality","Double Tap"],"picked":"Juggernaut","floor":16},{"not_picked":["Anger","Rampage"],"picked":"Power Through+1","floor":18},{"not_picked":["Clash","Sword Boomerang","Power Through"],"picked":"SKIP","floor":22}],"player_experience":2794163,"relics_obtained":[{"floor":7.0,"key":"Peace Pipe"},{"floor":9.0,"key":"Nunchaku"},{"floor":12,"key":"Strawberry"}],"event_choices":[{"cards_removed":["Clothesline"],"damage_healed":0.0,"max_hp_gain":0.0,"max_hp_loss":0.0,"gold_gain":0.0,"event_name":"WeMeetAgain","player_choice":"Gave Card","floor":2.0,"gold_loss":0.0,"damage_taken":0.0,"relics_obtained":["MealTicket"]},{"damage_healed":0,"gold_gain":0,"player_choice":"1 cards matched","damage_taken":0,"max_hp_gain":0,"max_hp_loss":0,"event_name":"Match and Keep!","floor":11,"gold_loss":0,"cards_obtained":["Reaper"]},{"damage_healed":0,"gold_gain":0,"cards_transformed":["Strike_R","Strike_R"],"player_choice":"Became Test Subject","damage_taken":0,"max_hp_gain":0,"max_hp_loss":0,"event_name":"Drug Dealer","floor":19,"gold_loss":0,"cards_obtained":["Clothesline","Wild Strike"]},{"damage_healed":0,"gold_gain":0,"player_choice":"Copied","damage_taken":0,"max_hp_gain":0,"max_hp_loss":0,"event_name":"Duplicator","floor":20,"gold_loss":0,"cards_obtained":["Juggernaut"]}],"is_beta":false,"boss_relics":[{"not_picked":["Philosopher\u0027s Stone","Pandora\u0027s Box"],"picked":"Cursed Key"}],"items_purged_floors":[5,21],"is_endless":false,"potions_floor_spawned":[3,4,10],"killed_by":"Gremlin Leader","ascension_level":20}}