{"host":"4wa3ho6pk3pud1fu","time":1608185618,"event":{"mods":["BaseMod","BetterRewards","Colored Map","Colored Powertips","Dio Mod","Infinite Spire","Minty Spire (QoL Compilation)","Prisma Mod","Replay The Spire","Shop Mod","StSLib","The Accelerator","The Alterego","The Cursed","The Judge","The Necromancer","The Runesmith","The Servant 0.9.4","TheBandit","Yuri Mod"],"gold_per_floor":[114,289,289,4,19,54,54,68,68,68,82,82,98,98,98,199,199,211,211,126,126,139,139,172,172,198,213,213,213,213,223,243,99,99,200,200,216,230,230,245,265,265,265,282,282,282,282,307,307,321,321,321,321],"floor_reached":52,"playtime":2939,"items_purged":["PrismaMod:MiyuCommonDefend","PrismaMod:MiyuCommonAttack","PrismaMod:MiyuCommonDefend"],"score":551,"play_id":"fc68285f-63c0-4a3b-95fa-5757a6b3401e","local_time":"20201217001338","is_ascension_mode":false,"campfire_choices":[{"data":"PrismaMod:MiyuCheapChannelAttack","floor":10,"key":"SMITH"},{"data":"PrismaMod:MiyuUncommonStrBuff","floor":12,"key":"SMITH"},{"floor":15,"key":"REST"},{"data":"infinitespire:Oblivion","floor":23,"key":"SMITH"},{"data":"PrismaMod:MiyuUncommonStrBuff","floor":25,"key":"SMITH"},{"floor":42,"key":"REST"},{"floor":46,"key":"REST"},{"floor":51,"key":"REST"}],"circlet_count":0,"master_deck":["PrismaMod:MiyuCommonDefend","PrismaMod:MiyuCommonDefend","PrismaMod:MiyuCommonAttack","PrismaMod:MiyuCommonAttack","PrismaMod:MiyuCommonAttack","PrismaMod:MiyuCommonAttack","PrismaMod:MiyuCheapChannelAttack+1","PrismaMod:MiyuCheapChannelDefend","PrismaMod:MiyuCheapAttack2","PrismaMod:MiyuCheapChannelVul","PrismaMod:MiyuCheapStrBuff","PrismaMod:MiyuUberAOEAttack","PrismaMod:MiyuCarnivalDefend","PrismaMod:MiyuUncommonAttack","PrismaMod:MiyuAttackChannelVul+1","PrismaMod:MiyuUncommonDexBuff+1","PrismaMod:MiyuUncommonAttack","PrismaMod:MiyuCarnivalAttack","PrismaMod:MiyuCommonAOEAttack","PrismaMod:MiyuCheapAttack2","PrismaMod:MiyuUncommonStrBuff+1","PrismaMod:MiyuUncommonStrBuff","PrismaMod:MiyuEvokeAllDefend","PrismaMod:MiyuUncommonAttack","infinitespire:Execution","infinitespire:Oblivion+1","PrismaMod:MiyuCheapDexBuff","PrismaMod:MiyuUncommonStrBuff+1","PrismaMod:MiyuCheapChannelAttack","PrismaMod:MiyuEvokeAllDefend+1","PrismaMod:MiyuCheapDexBuff","PrismaMod:MiyuEvokeAllDefend+1","PrismaMod:MiyuCheapPlate+1","PrismaMod:MiyuDefenseAbsorbMinor+1","PrismaMod:MiyuDefenseExplosion","PrismaMod:MiyuCheapStrBuff+1","infinitespire:Oblivion+1","PrismaMod:MiyuAttackChannelAttack+1","PrismaMod:MiyuDefenseRemoval","PrismaMod:MiyuCheapAttack1+1","infinitespire:Starlight","Parasite","PrismaMod:MiyuEvokeCheapAttack"],"relics":["PrismaMod:PrismaSapphire","Spirit Poop","Orrery","Torii","Gremlin Horn","FaceOfCleric","ChewingGum","Runesmith:Nanobots","Golden Egg","Simple Rune","Ring of Chaos","Pantograph","Pen Nib","CaptainsWheel"],"acts_visited":["Exordium","TheCity","TheBeyond"],"potions_floor_usage":[35,35,41,41,50,52,52],"damage_taken":[{"damage":0,"enemies":"Jaw Worm","floor":1,"turns":4},{"damage":1,"enemies":"2 Louse","floor":5,"turns":3},{"damage":15,"enemies":"Gremlin Nob","floor":6,"turns":4},{"damage":0,"enemies":"Cultist","floor":8,"turns":4},{"damage":0,"enemies":"Exordium Wildlife","floor":11,"turns":2},{"damage":0,"enemies":"Gremlin Gang","floor":13,"turns":1},{"damage":17,"enemies":"Slime Boss","floor":16,"turns":5},{"damage":13,"enemies":"2 Thieves","floor":18,"turns":5},{"damage":10,"enemies":"Spheric Guardian","floor":22,"turns":3},{"damage":2,"enemies":"Nightmare","floor":24,"turns":6},{"damage":11,"enemies":"Snake Plant","floor":27,"turns":5},{"damage":10,"enemies":"Centurion and Healer","floor":31,"turns":4},{"damage":15,"enemies":"Cultist and Chosen","floor":32,"turns":5},{"damage":30,"enemies":"Champ","floor":35,"turns":6},{"damage":13,"enemies":"3 Shapes","floor":37,"turns":3},{"damage":24,"enemies":"3 Darklings","floor":38,"turns":6},{"damage":10,"enemies":"Sphere and 2 Shapes","floor":40,"turns":4},{"damage":22,"enemies":"4 Shapes","floor":41,"turns":6},{"damage":47,"enemies":"Jaw Worm Horde","floor":44,"turns":5},{"damage":51,"enemies":"Nemesis","floor":48,"turns":7},{"damage":15,"enemies":"Writhing Mass","floor":50,"turns":5},{"damage":90,"enemies":"LordOfAnnihilation","floor":52,"turns":7}],"seed_played":"-9185187737493975774","potions_obtained":[{"floor":1,"key":"DistilledChaos"},{"floor":6,"key":"Explosive Potion"},{"floor":8,"key":"SteroidPotion"},{"floor":18,"key":"Explosive Potion"},{"floor":24,"key":"CultistPotion"},{"floor":38,"key":"PowerPotion"},{"floor":44,"key":"ColorlessPotion"},{"floor":48,"key":"Energy Potion"}],"is_trial":false,"path_per_floor":["M","?","?","$","M","E","?","M","T","R","M","R","M","?","R_BF","B",null,"M","?","?","AVR","M","R","NM","R","T","M","PTL","PTL","?","M","M","$","R_BF","B",null,"M","M","?","M","M","R","?","M","T","R","?","E","AVR","M","R","B"],"character_chosen":"MIYU","items_purchased":["PrismaMod:MiyuCheapChannelVul","PrismaMod:MiyuCheapStrBuff","Orrery","PrismaMod:MiyuUncommonAttack","PrismaMod:MiyuCheapPlate"],"campfire_rested":4,"item_purchase_floors":[4,4,4,4,33],"current_hp_per_floor":[82,82,82,82,81,66,66,66,66,66,66,66,66,66,82,66,83,71,71,71,71,62,62,61,61,61,51,51,51,51,42,28,28,54,25,90,78,55,55,46,25,53,53,7,7,35,83,33,33,29,54,0,0],"gold":321,"neow_bonus":"TEN_PERCENT_HP_BONUS","is_daily":false,"chose_seed":false,"campfire_upgraded":4,"win_rate":0.0,"timestamp":1608185618,"path_taken":["M","?","?","$","?","E","?","M","T","R","?","R","M","?","R_BF","BOSS","M","?","?","AVR","M","R","NM","R","T","M","PTL","PTL","?","?","M","$","R_BF","BOSS","M","M","?","?","M","R","?","M","T","R","?","E","AVR","M","R","BOSS"],"items_purchased_type":["Card","Card","Relic","Card","Card"],"build_version":"2020-12-13","purchased_purges":3,"victory":false,"max_hp_per_floor":[82,82,82,82,82,82,82,82,82,82,82,82,82,82,82,83,83,84,84,84,84,85,85,86,86,86,87,87,87,87,88,89,89,89,90,90,91,92,92,93,94,94,94,95,95,95,83,84,84,85,85,85,85],"card_choices":[{"not_picked":["PrismaMod:MiyuDefenseExplosion","PrismaMod:MiyuDevil"],"picked":"PrismaMod:MiyuCheapAttack2","floor":1},{"not_picked":["PrismaMod:MiyuUncommonPlate","PrismaMod:MiyuEvokeBuffStr"],"picked":"PrismaMod:MiyuUberAOEAttack","floor":4},{"not_picked":["PrismaMod:MiyuMaid","PrismaMod:MiyuUncommonPlate"],"picked":"PrismaMod:MiyuCarnivalDefend","floor":4},{"not_picked":["PrismaMod:MiyuMaid","PrismaMod:MiyuCheapAttack1"],"picked":"PrismaMod:MiyuUncommonAttack","floor":4},{"not_picked":["PrismaMod:MiyuCheapAttack2","PrismaMod:MiyuCheapChannelVul"],"picked":"PrismaMod:MiyuAttackChannelVul","floor":4},{"not_picked":["PrismaMod:MiyuAttackChannelVul","PrismaMod:MiyuUncommonPlate"],"picked":"PrismaMod:MiyuUncommonDexBuff","floor":4},{"not_picked":["PrismaMod:MiyuUncommonPlate","PrismaMod:MiyuUncommonAOEAttack"],"picked":"PrismaMod:MiyuCarnivalAttack","floor":5},{"not_picked":["PrismaMod:MiyuCheapAttack1","PrismaMod:MiyuCheapChannelHeal"],"picked":"PrismaMod:MiyuCommonAOEAttack","floor":6},{"not_picked":["PrismaMod:MiyuEvokeBuffDex","PrismaMod:MiyuEvokeBuffStr"],"picked":"PrismaMod:MiyuCheapAttack2","floor":8},{"not_picked":["PrismaMod:MiyuCheapChannelWeak","PrismaMod:MiyuUncommonAttack"],"picked":"PrismaMod:MiyuUncommonStrBuff","floor":11},{"not_picked":["PrismaMod:MiyuCommonAOEAttack","PrismaMod:MiyuMaid"],"picked":"PrismaMod:MiyuUncommonStrBuff","floor":13},{"not_picked":["PrismaMod:MiyuBride","PrismaMod:MiyuCarnivalDefend"],"picked":"PrismaMod:MiyuEvokeAllDefend","floor":16},{"not_picked":["PrismaMod:MiyuAttackChannelVul","PrismaMod:MiyuCheapChannelWeak"],"picked":"PrismaMod:MiyuUncommonAttack","floor":18},{"not_picked":["PrismaMod:MiyuUberAOEAttack","PrismaMod:MiyuCheapChannelAttack"],"picked":"PrismaMod:MiyuCheapDexBuff","floor":22},{"not_picked":["PrismaMod:MiyuAttackChannelAttack+1","PrismaMod:MiyuAttackChannelVul"],"picked":"PrismaMod:MiyuUncommonStrBuff","floor":24},{"not_picked":["PrismaMod:MiyuCarnivalAttack","PrismaMod:MiyuCheapAttack2"],"picked":"PrismaMod:MiyuCheapChannelAttack","floor":27},{"not_picked":["PrismaMod:MiyuDevil","PrismaMod:MiyuUberAOEAttack"],"picked":"PrismaMod:MiyuCheapDexBuff","floor":31},{"not_picked":["PrismaMod:MiyuEvokeBuffDex","PrismaMod:MiyuCheapChannelHeal"],"picked":"PrismaMod:MiyuEvokeAllDefend","floor":32},{"not_picked":["PrismaMod:MiyuEvokeAllDefend","PrismaMod:MiyuChannelAttackEvoke"],"picked":"PrismaMod:MiyuDefenseAbsorbMinor","floor":35},{"not_picked":["PrismaMod:MiyuCheapStrBuff","PrismaMod:MiyuCheapAttack2"],"picked":"PrismaMod:MiyuDefenseExplosion","floor":37},{"not_picked":["PrismaMod:MiyuCheapChannelVul","PrismaMod:MiyuUberAttack"],"picked":"PrismaMod:MiyuCheapStrBuff+1","floor":38},{"not_picked":["PrismaMod:MiyuDefenseExplosion","PrismaMod:MiyuEvokeBuffDex+1","PrismaMod:MiyuCheapEvoke+1"],"picked":"SKIP","floor":40},{"not_picked":["PrismaMod:MiyuEvokeBuffDex+1","PrismaMod:MiyuEvokeBuffStr+1"],"picked":"PrismaMod:MiyuAttackChannelAttack+1","floor":41},{"not_picked":["PrismaMod:MiyuCheapDefend2","PrismaMod:MiyuCarnivalAttack"],"picked":"PrismaMod:MiyuDefenseRemoval","floor":44},{"not_picked":["PrismaMod:MiyuCheapChannelHeal+1","PrismaMod:MiyuChristmas"],"picked":"PrismaMod:MiyuCheapAttack1+1","floor":48},{"not_picked":["PrismaMod:MiyuCheapChannelWeak+1","PrismaMod:MiyuCommonAOEAttack+1"],"picked":"PrismaMod:MiyuEvokeCheapAttack","floor":50}],"player_experience":88539,"relics_obtained":[{"floor":6,"key":"Torii"},{"floor":9,"key":"Gremlin Horn"},{"floor":24,"key":"Golden Egg"},{"floor":26,"key":"Simple Rune"},{"floor":45,"key":"Pantograph"},{"floor":48,"key":"Pen Nib"}],"event_choices":[{"damage_healed":0,"gold_gain":175,"player_choice":"AGREE","damage_taken":0,"max_hp_gain":0,"max_hp_loss":0,"event_name":"Liars Game","floor":2,"gold_loss":0,"cards_obtained":["Doubt"]},{"cards_removed":["Doubt"],"damage_healed":0,"gold_gain":0,"player_choice":"Offered Curse","damage_taken":0,"relics_obtained":["Spirit Poop"],"max_hp_gain":0,"max_hp_loss":0,"event_name":"Bonfire Elementals","floor":3,"gold_loss":0},{"damage_healed":0,"gold_gain":0,"player_choice":"Upgraded","damage_taken":0,"max_hp_gain":0,"max_hp_loss":0,"event_name":"Upgrade Shrine","floor":7,"gold_loss":0,"cards_upgraded":["PrismaMod:MiyuUncommonDexBuff"]},{"damage_healed":0,"gold_gain":0,"player_choice":"Trade","damage_taken":0,"relics_obtained":["FaceOfCleric"],"max_hp_gain":0,"max_hp_loss":0,"event_name":"FaceTrader","floor":14,"gold_loss":0},{"damage_healed":0,"gold_gain":0,"player_choice":"Obtained Relic","damage_taken":0,"relics_obtained":["Runesmith:Nanobots"],"max_hp_gain":0,"max_hp_loss":0,"event_name":"Addict","floor":20,"gold_loss":85},{"damage_healed":0,"gold_gain":0,"cards_transformed":["PrismaMod:MiyuCommonDefend"],"player_choice":"Transformed","damage_taken":0,"max_hp_gain":0,"max_hp_loss":0,"event_name":"Transmorgrifier","floor":30,"gold_loss":0,"cards_obtained":["PrismaMod:MiyuEvokeAllDefend"]},{"damage_healed":0,"gold_gain":0,"player_choice":"Copied","damage_taken":0,"max_hp_gain":0,"max_hp_loss":0,"event_name":"Duplicator","floor":39,"gold_loss":0,"cards_obtained":["infinitespire:Oblivion"]},{"damage_healed":0,"gold_gain":0,"player_choice":"Ignored","damage_taken":0,"max_hp_gain":0,"max_hp_loss":0,"event_name":"Tomb of Lord Red Mask","floor":43,"gold_loss":0},{"damage_healed":83,"gold_gain":0,"player_choice":"Heal","damage_taken":0,"max_hp_gain":0,"max_hp_loss":12,"event_name":"The Moai Head","floor":47,"gold_loss":0}],"is_beta":false,"boss_relics":[{"not_picked":["Cursed Key","Replay:Wanted Poster"],"picked":"ChewingGum"},{"not_picked":["Runesmith:UraniumAnvil","Snecko Eye"],"picked":"Ring of Chaos"}],"items_purged_floors":[21,33,49],"is_endless":true,"potions_floor_spawned":[1,6,8,18,24,32,38,44,48],"killed_by":"LordOfAnnihilation","ascension_level":0}}