{"host":"d8hh7rr4yzitjeuj","time":1608186430,"event":{"mods":["2.2 Compatiblity","AchievementEnabler","BaseMod","CapriCore","Colored Map","Colored Powertips","Highlight Path","Keyboard Shortcuts","Minty Spire (QoL Compilation)","Permanent Neow","Quick Restart","StSLib","SuperFastMode"],"gold_per_floor":[117,132,148,158,171,196,196,196,196],"floor_reached":8,"playtime":293,"items_purged":[],"score":120,"play_id":"8da36f0e-856d-4881-b23a-9b11813144e8","local_time":"20201217152710","is_ascension_mode":true,"campfire_choices":[{"floor":7,"key":"REST"}],"circlet_count":0,"master_deck":["AscendersBane","Zap","Dualcast","Amplify","Compile Driver","Electrodynamics","Machine Learning","Multi-Cast","Core Surge","Recycle","Amplify","BootSequence","Chill","Storm","Redo","Conserve Battery","Seek"],"relics":["Pandora\u0027s Box","Symbiotic Virus"],"acts_visited":["Exordium"],"potions_floor_usage":[6],"damage_taken":[{"damage":19.0,"enemies":"Jaw Worm","floor":1.0,"turns":3.0},{"damage":13.0,"enemies":"2 Louse","floor":2.0,"turns":3.0},{"damage":6.0,"enemies":"Cultist","floor":3.0,"turns":3.0},{"damage":13.0,"enemies":"Red Slaver","floor":4.0,"turns":3.0},{"damage":8.0,"enemies":"Large Slime","floor":5.0,"turns":3.0},{"damage":1,"enemies":"Lagavulin","floor":6,"turns":6},{"damage":46,"enemies":"Gremlin Nob","floor":8,"turns":3}],"seed_played":"1562375237549220382","potions_obtained":[{"floor":2.0,"key":"FocusPotion"},{"floor":5.0,"key":"Block Potion"}],"is_trial":false,"path_per_floor":["M","M","M","M","M","E","R","E"],"character_chosen":"DEFECT","items_purchased":[],"campfire_rested":1,"item_purchase_floors":[],"current_hp_per_floor":[45,32,26,13,5,4,25,0,0],"gold":196,"neow_bonus":"BOSS_RELIC","is_daily":false,"chose_seed":false,"campfire_upgraded":0,"win_rate":0.0,"timestamp":1608186430,"path_taken":["M","M","M","M","M","E","R","E"],"items_purchased_type":[],"build_version":"2020-12-13","purchased_purges":0,"victory":false,"max_hp_per_floor":[71,71,71,71,71,71,71,71,71],"card_choices":[{"not_picked":["Rebound","Stack"],"picked":"BootSequence","floor":1.0},{"not_picked":["Redo","Hologram"],"picked":"Chill","floor":2.0},{"not_picked":["Cold Snap","Stack"],"picked":"Storm","floor":3.0},{"not_picked":["Streamline","Gash"],"picked":"Redo","floor":4.0},{"not_picked":["Compile Driver","Steam"],"picked":"Conserve Battery","floor":5.0},{"not_picked":["Steam Power","Rebound"],"picked":"Seek","floor":6}],"player_experience":1351693,"relics_obtained":[{"floor":6,"key":"Symbiotic Virus"}],"event_choices":[],"is_beta":false,"boss_relics":[],"items_purged_floors":[],"is_endless":false,"potions_floor_spawned":[2,5],"killed_by":"Gremlin Nob","ascension_level":20}}