{"host":"ul103bh19qas5vs8","time":1608171488,"event":{"mods":["BaseMod","Downfall","Googly Eyes","Minty Spire (QoL Compilation)","Replay The Spire","Shop Mod","StSLib"],"gold_per_floor":[99,99,128,128,161,161,212,212,234,269,284,298,208,208,219,323,323,248,261,287,303,335,76,76,94,19,33,118,118,118],"floor_reached":29,"playtime":1500,"items_purged":["hexamod:Strike"],"score":354,"play_id":"0a3f5570-7823-4d54-929b-542855ad6218","local_time":"20201217101808","is_ascension_mode":false,"campfire_choices":[{"data":"hexamod:Sear","floor":1.0,"key":"SMITH"},{"data":"hexamod:Incineration","floor":6,"key":"SMITH"},{"data":"hexamod:ShieldOfDarkness","floor":8,"key":"SMITH"},{"floor":18,"key":"RECALL"},{"floor":26,"key":"REST"}],"circlet_count":0,"master_deck":["hexamod:Strike+1","hexamod:Strike+1","hexamod:Strike+1","hexamod:Defend+1","hexamod:Defend+1","hexamod:Defend+1","hexamod:Defend","hexamod:Sear+1","hexamod:Float+1","hexamod:Incineration+1","hexamod:ShieldOfDarkness+1","hexamod:ShieldOfDarkness+1","hexamod:VolcanoVisage","hexamod:HeatCrush+1","hexamod:FourthSeal","Regret","hexamod:GhostOfSpirePast+1","hexamod:SixthSeal","AbeCurse","hexamod:ExtraCrispy+1","hexamod:FastForward+1","hexamod:GhostflameInferno+1","hexamod:HeatShield+1"],"relics":["hexamod:SpiritBrand","downfall:HeartsMalice","Mirror","Replay:Baseball","Pet Ghost","Odd Mushroom","War Paint","Abe\u0027s Treasure","downfall:HeartBlessingGreen","Iron Hammer","Gremlin Food","Singing Bowl","Pondfish Scales","downfall:HeartBlessingRed"],"acts_visited":["Exordium","TheCity"],"potions_floor_usage":[16,16,16,19,22,23,27],"damage_taken":[{"damage":0.0,"enemies":"Small Slimes","floor":2.0,"turns":1.0},{"damage":0.0,"enemies":"3 Sentries","floor":3.0,"turns":1.0},{"damage":0.0,"enemies":"Lagavulin","floor":5.0,"turns":1.0},{"damage":14,"enemies":"The Mushroom Lair","floor":9,"turns":7},{"damage":10,"enemies":"Replay:BlueRogue","floor":10,"turns":6},{"damage":0,"enemies":"2 Louse","floor":11,"turns":3},{"damage":0,"enemies":"Jaw Worm","floor":12,"turns":3},{"damage":0,"enemies":"downfall:FleeingMerchant","floor":13,"turns":4},{"damage":8,"enemies":"Large Slime","floor":15,"turns":6},{"damage":37,"enemies":"downfall:Defect","floor":16,"turns":6},{"damage":13,"enemies":"3 Byrds","floor":19,"turns":4},{"damage":24,"enemies":"Slavers","floor":20,"turns":7},{"damage":4,"enemies":"Shelled Parasite and Fungi","floor":21,"turns":4},{"damage":8,"enemies":"Book of Stabbing","floor":22,"turns":6},{"damage":5,"enemies":"downfall:FleeingMerchant","floor":23,"turns":4},{"damage":0,"enemies":"Snecko","floor":25,"turns":4},{"damage":4,"enemies":"Snake Plant","floor":27,"turns":4}],"seed_played":"-8693641635608679964","potions_obtained":[{"floor":3.0,"key":"DuplicationPotion"},{"floor":10,"key":"EssenceOfSteel"},{"floor":11,"key":"LiquidBronze"},{"floor":15,"key":"CultistPotion"},{"floor":16,"key":"Fire Potion"},{"floor":21,"key":"Flashbang"},{"floor":21,"key":"Ancient Potion"},{"floor":22,"key":"Guardian:BlockOnCardUsePotion"},{"floor":23,"key":"Weak Potion"},{"floor":25,"key":"Languid Potion"},{"floor":27,"key":"Fire Potion"}],"is_trial":false,"path_per_floor":["R","M","E","?","E","R","T","R","?","E","M","M","$","?","M","B",null,"R","M","E","M","E","$","T","M","R","M","?","?"],"character_chosen":"THE_SPIRIT","items_purchased":["Singing Bowl"],"campfire_rested":1,"item_purchase_floors":[23],"current_hp_per_floor":[70,70,70,70,70,70,70,70,56,46,46,46,46,46,38,1,70,70,57,33,29,21,16,16,18,39,37,23,0,0],"gold":118,"neow_bonus":"THREE_ENEMY_KILL","is_daily":false,"chose_seed":false,"campfire_upgraded":3,"win_rate":0.0,"timestamp":1608171488,"path_taken":["R","M","E","?","E","R","T","R","?","E","M","M","$","?","M","BOSS","R","M","E","M","E","$","T","M","R","M","?","?"],"items_purchased_type":["Relic"],"build_version":"2020-12-13","purchased_purges":1,"victory":false,"max_hp_per_floor":[70,70,70,70,70,70,70,70,70,70,70,70,70,70,70,70,70,70,70,70,70,70,70,70,72,72,74,74,74,74],"card_choices":[{"not_picked":["hexamod:BurningTouch","hexamod:AdvancingGuard"],"picked":"hexamod:Incineration","floor":2.0},{"not_picked":["hexamod:PhantomFireball","hexamod:BurningTouch"],"picked":"hexamod:ShieldOfDarkness","floor":3.0},{"not_picked":["hexamod:InspiringFlames","hexamod:ThermalTransfer"],"picked":"hexamod:ShieldOfDarkness","floor":5},{"not_picked":["hexamod:PowerFromBeyond","hexamod:Hexaguard"],"picked":"hexamod:VolcanoVisage","floor":10},{"not_picked":["hexamod:HauntingEcho","hexamod:SpectralAdrenaline","hexamod:SkipABeat"],"picked":"SKIP","floor":11},{"not_picked":["hexamod:PhantomCloak","hexamod:GhostLash"],"picked":"hexamod:HeatCrush","floor":12},{"not_picked":["hexamod:SkipABeat","hexamod:NightmareGuise"],"picked":"hexamod:FourthSeal","floor":13},{"not_picked":["hexamod:Haunt","hexamod:EtherealExpedition"],"picked":"hexamod:GhostOfSpirePast","floor":15},{"not_picked":["hexamod:UnleashSpirits","hexamod:ParanormalForm"],"picked":"hexamod:SixthSeal","floor":16},{"not_picked":["hexamod:NightmareGuise+1","hexamod:ThermalTransfer+1","hexamod:GhostLash"],"picked":"SKIP","floor":19},{"not_picked":["hexamod:SkipABeat","hexamod:EmpoweredFlame"],"picked":"hexamod:ExtraCrispy","floor":20},{"not_picked":["hexamod:InspiringFlames","hexamod:EmpoweredFlame"],"picked":"hexamod:FastForward+1","floor":21},{"not_picked":["hexamod:SpectersWail+1","hexamod:GhostflameBarrier"],"picked":"hexamod:GhostflameInferno","floor":22},{"not_picked":["hexamod:Firestarter","hexamod:EmpoweredFlame"],"picked":"hexamod:HeatShield","floor":23},{"not_picked":["hexamod:NightmareStrike","hexamod:ShieldOfDarkness","hexamod:RadiantFlame"],"picked":"Singing Bowl","floor":25},{"not_picked":["hexamod:SoulSteal","hexamod:SpectersWail","hexamod:AdvancingGuard"],"picked":"Singing Bowl","floor":27}],"player_experience":114465,"relics_obtained":[{"floor":3.0,"key":"Mirror"},{"floor":5,"key":"Replay:Baseball"},{"floor":7,"key":"Pet Ghost"},{"floor":9,"key":"Odd Mushroom"},{"floor":10,"key":"War Paint"},{"floor":20,"key":"Iron Hammer"},{"floor":22,"key":"Gremlin Food"},{"floor":24,"key":"Pondfish Scales"}],"event_choices":[{"damage_healed":0,"gold_gain":0,"player_choice":"Fought Mushrooms","damage_taken":0,"max_hp_gain":0,"max_hp_loss":0,"event_name":"Mushrooms","floor":9,"gold_loss":0}],"is_beta":false,"boss_relics":[{"not_picked":["Empty Cage","Ring of Chaos"],"picked":"Abe\u0027s Treasure"}],"items_purged_floors":[13],"is_endless":false,"potions_floor_spawned":[3,10,11,15,21,27],"ascension_level":0}}