{"host":"mvw7i28zi3kj0eu9","time":1608204050,"event":{"mods":["AchievementEnabler","BaseMod","Better Third Choice","BetterRewards","Block Reminder","Conspire","Custom Start","Downfall","Energized Spire","Halation","Hermit","Hubris","Infinite Spire","Jorbs\u0027s Wanderer Trilogy","Minty Spire (QoL Compilation)","Replay The Spire","Shop Mod","Small Relic Pack","Spikes Relics","StSLib","The Blue Laboratory","The Necromancer","The Servant 0.9.4","Virulent Crown"],"gold_per_floor":[119,119,119,119,119,119,160,72,72,90,109,132,163,163,163,274,274,288,313,12,36,135,135,173,173,173,173,198,123,149,185,185,292,292,314,335,357,285,303,341,341,241,267,285,321,339,339,451,451,561,561,576,592,592,592,592,592,608,608,608,530,530,530,550,571,571,694,694,703,726,741,754,775,813,813,813,813,668,668,668,668,668,668,789,789,810,810,610,623,646,682,682,706,706,706,706,706,706,706,706,832,832,851,851,851,863,863,863,863,896,950,982,1007,1007,1031,1049,1049,1175,1175,1191,1290,1290,1309,1321,1351,1374,1374,1374,1416,1416,1265,1265,1278,1278,1400,1400,1413,1413,1413,1413,1413,1413,1428,1428,1428,1273,1332,1350,1350,1365,1365,1484,1484,1484,1407,1449,1598],"floor_reached":158,"playtime":2851,"items_purged":["Strike_R","Strike_R","Strike_R","Defend_R","Strike_R","Strike_R","Demon Form+1","Corruption"],"score":4227,"play_id":"b7e8cd00-b61e-4ab2-9fb5-248f0fd00bb5","local_time":"20201217122050","is_ascension_mode":false,"campfire_choices":[{"data":"Body Slam","floor":6,"key":"SMITH"},{"data":"Body Slam","floor":6,"key":"SMITH"},{"data":"Entrench","floor":15,"key":"SMITH"},{"data":"Shrug It Off","floor":15,"key":"SMITH"},{"data":"Defend_R","floor":23,"key":"SMITH"},{"data":"Defend_R","floor":23,"key":"SMITH"},{"data":"Shrug It Off","floor":25,"key":"SMITH"},{"data":"Bash","floor":25,"key":"SMITH"},{"floor":32,"key":"RECALL"},{"data":"Demon Form","floor":41,"key":"SMITH"},{"floor":47,"key":"REST"},{"data":"infinitespire:UltimateForm","floor":49,"key":"SMITH"},{"floor":57,"key":"REST"},{"floor":66,"key":"REST"},{"data":"1","floor":79,"key":"LIFT"},{"data":"Shrug It Off","floor":83,"key":"SMITH"},{"data":"2","floor":95,"key":"LIFT"},{"data":"3","floor":100,"key":"LIFT"},{"floor":108,"key":"REST"},{"floor":117,"key":"REST"},{"floor":127,"key":"REST"},{"floor":134,"key":"REST"},{"floor":142,"key":"REST"},{"floor":151,"key":"REST"},{"floor":154,"key":"REST"}],"circlet_count":1,"master_deck":["Body Slam+1","Shrug It Off+1","Body Slam+1","Entrench+1","Barricade+1","Shrug It Off+1"],"relics":["Burning Blood","Replay:Arrowhead","Shuriken","hubris:OldNail","halation:PromiseList","hubris:CrystalStatue","Membership Card","Mummified Hand","Replay:Bandana","Chemical X","Gremlin Horn","halation:EternalFortune","Ginger","halation:SmartPhone","Replay:Baseball","Tiny Chest","Boot","infinitespire:Magic Flask","Sling","hubris:CuriousFeather","Omamori","Juzu Bracelet","BicycleWheel","conspire:RoyalGoblet","Paper Frog","PreservedInsect","Golden Idol","energizedSpire:StickyHand","InkBottle","MerchantsRug","SnailShell","ReplayTheSpireMod:Shallot","Girya","infinitespire:Golems Mask","hubris:ScarierMask","relicPack:DSword","infinitespire:ShieldingShard","infinitespire:Lucky Rock","Oddly Smooth Stone","Replay:Accelerometer","Bottled Lightning","Prayer Wheel","Black Star","conspire:Flyswatter","Orichalcum","War Paint","Red Skull","Replay:Bottled Eggs","Circlet","SlaversCollar","hubris:TinFlute","Snack Pack","infinitespire:Midas Blood","CherryCoatedStake","Red Mask","Nunchaku","halation:IllGainedPizza","infinitespire:EmpoweringShard","hubris:Towel","RollingBoulder","Smiling Mask","WingedGreaves","conspire:Boomerang","energizedSpire:NeverEndingSparkler","Bag of Preparation","hubris:MobiusCoin","Replay:Rubber Ducky"],"acts_visited":[],"potions_floor_usage":[33,52,101,152,157],"damage_taken":[{"damage":0,"enemies":"Cultist","floor":1,"turns":2},{"damage":4,"enemies":"3 Sentries","floor":7,"turns":5},{"damage":0,"enemies":"Small Slimes","floor":10,"turns":2},{"damage":0,"enemies":"2 Louse","floor":11,"turns":1},{"damage":0,"enemies":"Looter","floor":12,"turns":2},{"damage":0,"enemies":"Lots of Slimes","floor":13,"turns":1},{"damage":0,"enemies":"Fading Forest","floor":16,"turns":11},{"damage":0,"enemies":"2 Thieves","floor":18,"turns":2},{"damage":0,"enemies":"Shell Parasite","floor":19,"turns":2},{"damage":0,"enemies":"Snake Plant","floor":21,"turns":2},{"damage":0,"enemies":"Nightmare","floor":24,"turns":3},{"damage":0,"enemies":"Centurion and Healer","floor":28,"turns":2},{"damage":0,"enemies":"conspire:MimicChest","floor":31,"turns":2},{"damage":13,"enemies":"hubris:MusketHawk","floor":33,"turns":3},{"damage":0,"enemies":"3 Shapes","floor":35,"turns":2},{"damage":0,"enemies":"Orb Walker","floor":36,"turns":2},{"damage":0,"enemies":"Transient","floor":37,"turns":4},{"damage":0,"enemies":"3 Darklings","floor":39,"turns":2},{"damage":1,"enemies":"R_Hoarder","floor":40,"turns":8},{"damage":0,"enemies":"Jaw Worm Horde","floor":44,"turns":1},{"damage":0,"enemies":"Nemesis","floor":45,"turns":1},{"damage":0,"enemies":"Spire Growth","floor":46,"turns":1},{"damage":0,"enemies":"infinitespire:Three Voidlings","floor":48,"turns":1},{"damage":0,"enemies":"Nightmare_Alpha","floor":48,"turns":4},{"damage":0,"enemies":"Replay:Hell Engine","floor":50,"turns":2},{"damage":0,"enemies":"Small Slimes","floor":52,"turns":1},{"damage":0,"enemies":"2 Louse","floor":53,"turns":2},{"damage":0,"enemies":"Cultist","floor":58,"turns":1},{"damage":0,"enemies":"Looter","floor":64,"turns":1},{"damage":0,"enemies":"conspire:2 RoseBushes","floor":65,"turns":1},{"damage":0,"enemies":"The Guardian","floor":67,"turns":1},{"damage":0,"enemies":"Chosen","floor":69,"turns":1},{"damage":0,"enemies":"Spheric Guardian","floor":70,"turns":1},{"damage":0,"enemies":"Chosen and Byrds","floor":72,"turns":1},{"damage":0,"enemies":"Centurion and Healer","floor":73,"turns":1},{"damage":0,"enemies":"Nightmare","floor":74,"turns":2},{"damage":0,"enemies":"Champ","floor":84,"turns":1},{"damage":0,"enemies":"3 Shapes","floor":86,"turns":1},{"damage":0,"enemies":"3 Darklings","floor":89,"turns":1},{"damage":0,"enemies":"Nightmare","floor":91,"turns":1},{"damage":0,"enemies":"Jaw Worm Horde","floor":93,"turns":1},{"damage":0,"enemies":"hubris:GrandSnecko","floor":101,"turns":1},{"damage":0,"enemies":"Small Slimes","floor":103,"turns":1},{"damage":0,"enemies":"Cultist","floor":106,"turns":1},{"damage":0,"enemies":"Lagavulin","floor":110,"turns":2},{"damage":0,"enemies":"Gremlin Nob","floor":112,"turns":1},{"damage":0,"enemies":"2 Louse","floor":113,"turns":1},{"damage":0,"enemies":"Exordium Wildlife","floor":115,"turns":1},{"damage":0,"enemies":"2 Fungi Beasts","floor":116,"turns":1},{"damage":0,"enemies":"The Guardian","floor":118,"turns":2},{"damage":0,"enemies":"Spheric Guardian","floor":120,"turns":1},{"damage":0,"enemies":"Shell Parasite","floor":123,"turns":1},{"damage":0,"enemies":"Snake Plant","floor":124,"turns":1},{"damage":0,"enemies":"Slavers","floor":125,"turns":1},{"damage":0,"enemies":"Chosen and Byrds","floor":126,"turns":1},{"damage":0,"enemies":"Masked Bandits","floor":129,"turns":1},{"damage":0,"enemies":"Snecko","floor":133,"turns":1},{"damage":0,"enemies":"conspire:MysteriousRune","floor":135,"turns":2},{"damage":0,"enemies":"3 Shapes","floor":137,"turns":1},{"damage":0,"enemies":"Orb Walker","floor":143,"turns":1},{"damage":0,"enemies":"Mind Bloom Boss Battle","floor":147,"turns":1},{"damage":0,"enemies":"Writhing Mass","floor":148,"turns":1},{"damage":0,"enemies":"Maw","floor":150,"turns":1},{"damage":0,"enemies":"infinitespire:LordOfFortification","floor":152,"turns":3},{"damage":0,"enemies":"Shield and Spear","floor":156,"turns":1},{"damage":0,"enemies":"The Heart","floor":157,"turns":5}],"seed_played":"6518529538574611072","potions_obtained":[{"floor":1,"key":"ColorlessPotion"},{"floor":12,"key":"blueLaboratory:BottleOfRum"},{"floor":13,"key":"hexamod:EctoCoolerPotion"},{"floor":19,"key":"SkillPotion"},{"floor":35,"key":"Dexterity Potion"},{"floor":58,"key":"champ:CounterPotion"},{"floor":101,"key":"LifebloodPotion"},{"floor":148,"key":"blueLaboratory:FruitPunch"}],"is_trial":false,"path_per_floor":["M","?","?","?","?","R","E","$","T","M","M","M","M","?","R","B",null,"M","M","$","M","?","R","NM","R","T","?","M","?","T","?","R","B",null,"M","M","M","$","M","E","R","NS","T","M","E","M","R","?","R","B",null,"M","M","$","?","T","R","M","AVR","T","$","?","?","M","M","R","B",null,"M","M","$","M","M","NM","?","T","T","$","R","?","?","AVR","R","B",null,"M","?","$","M","T","NM","?","M","T","R","?","?","T","?","R","B",null,"M","$","?","M","?","R","T","E","T","E","M","?","M","M","R","B",null,"M","?","AVR","M","M","E","M","R","T","?","T","$","?","M","R","B",null,"M","?","?","T","?","R","M","AVR","T","$","?","M","$","M","R","B",null,"R","$","E","B",null],"character_chosen":"IRONCLAD","items_purchased":["Body Slam","Shrug It Off","Replay:Arrowhead","Body Slam","Shuriken","hubris:OldNail","halation:PromiseList","hubris:CrystalStatue","Membership Card","Shrug It Off","Mummified Hand","Replay:Bandana","Chemical X","Gremlin Horn","Replay:Baseball","Pear","Sling","PreservedInsect","InkBottle","MerchantsRug","Girya","infinitespire:ShieldingShard","infinitespire:Lucky Rock","Nunchaku","halation:IllGainedPizza","WingedGreaves","Bag of Preparation"],"campfire_rested":10,"item_purchase_floors":[0,0,0,0,0,0,0,0,0,0,0,0,0,0,20,20,38,61,71,71,78,88,88,131,131,146,155],"current_hp_per_floor":[80,83,83,83,83,83,83,83,83,83,86,89,89,94,94,97,97,97,97,107,107,107,107,107,107,114,114,114,114,114,114,114,110,117,120,120,120,120,123,123,123,123,123,123,123,123,123,126,126,126,126,126,126,126,126,126,126,126,126,126,126,126,95,101,107,126,126,126,126,126,126,126,126,126,126,126,126,126,126,126,114,114,114,120,126,126,91,91,97,97,103,103,109,109,109,109,109,109,109,109,115,126,126,126,126,126,114,126,126,126,126,126,129,97,103,109,129,129,129,129,129,129,129,129,129,129,129,129,129,129,129,129,129,129,129,129,129,132,132,132,132,132,132,132,132,132,132,132,132,132,132,134,134,134,134,134,134],"gold":1598,"neow_bonus":"","is_daily":false,"chose_seed":false,"campfire_upgraded":11,"win_rate":0.0,"timestamp":1608204050,"path_taken":["M","?","?","?","?","R","E","$","T","M","M","?","M","?","R","BOSS","M","M","$","M","?","R","NM","R","T","?","?","?","?","?","R","BOSS","M","M","M","$","M","E","R","NS","T","M","E","M","R","?","R","BOSS","M","M","$","?","?","R","M","AVR","T","$","?","?","M","M","R","BOSS","M","M","$","M","M","NM","?","?","T","$","R","?","?","AVR","R","BOSS","M","?","$","M","?","NM","?","M","T","R","?","?","?","?","R","BOSS","M","$","?","M","?","R","?","E","T","E","M","?","M","M","R","BOSS","M","?","AVR","M","M","E","M","R","T","?","?","$","?","M","R","BOSS","M","?","?","?","?","R","M","AVR","T","$","?","M","$","M","R","BOSS","R","$","E","BOSS"],"items_purchased_type":["Card","Card","Relic","Card","Relic","Relic","Relic","Relic","Relic","Card","Relic","Relic","Relic","Relic","Relic","Relic","Relic","Relic","Relic","Relic","Relic","Relic","Relic","Relic","Relic","Relic","Relic"],"build_version":"2020-12-13","purchased_purges":8,"victory":true,"max_hp_per_floor":[80,83,83,83,83,83,83,83,83,83,86,89,89,94,94,97,97,97,97,107,107,107,107,107,107,114,114,114,114,114,114,114,117,117,120,120,120,120,123,123,123,123,123,123,123,123,123,126,126,126,126,126,126,126,126,126,126,126,126,126,126,126,126,126,126,126,126,126,126,126,126,126,126,126,126,126,126,126,126,126,126,126,126,126,126,126,126,126,126,126,126,126,126,126,126,126,126,126,126,126,126,126,126,126,126,126,126,126,126,126,126,126,129,129,129,129,129,129,129,129,129,129,129,129,129,129,129,129,129,129,129,129,129,129,129,129,129,132,132,132,132,132,132,132,132,132,132,132,132,132,132,134,134,134,134,134,134],"card_choices":[{"not_picked":["Rampage","Infernal Blade","Body Slam"],"picked":"SKIP","floor":1},{"not_picked":["Whirlwind","Defy Death","Run Through"],"picked":"SKIP","floor":7},{"not_picked":["Cleave","Headbutt","Metallicize"],"picked":"SKIP","floor":10},{"not_picked":["Metallicize","Defy Death"],"picked":"Entrench","floor":11},{"not_picked":["Intimidate","Thunderclap","Warcry"],"picked":"SKIP","floor":12},{"not_picked":["Battle Trance","Replay:Undeath\u0027s Touch","Shockwave"],"picked":"SKIP","floor":13},{"not_picked":["Demon Form","Exhume"],"picked":"Barricade","floor":16},{"not_picked":["Anger","Body Slam+1","Headbutt+1"],"picked":"SKIP","floor":18},{"not_picked":["Heavy Blade","Anger","Battle Trance"],"picked":"SKIP","floor":19},{"not_picked":["Warcry","ReplayTheSpireMod:Limb From Limb","Reckless Charge+1"],"picked":"SKIP","floor":21},{"not_picked":["Defy Death+1","ReplayTheSpireMod:Strike From Hell","Fiend Fire"],"picked":"SKIP","floor":24},{"not_picked":["Body Slam+1","Wild Strike","Flame Barrier"],"picked":"SKIP","floor":28},{"not_picked":["Offering","Barricade"],"picked":"Demon Form","floor":33},{"not_picked":["Flame Barrier","Inflame","Body Slam+1"],"picked":"SKIP","floor":35},{"not_picked":["conspire:ExplosiveBarrier","Perfected Strike","Warcry"],"picked":"SKIP","floor":36},{"not_picked":["Run Through","Pummel+1","Clash+1"],"picked":"SKIP","floor":37},{"not_picked":["Run Through","Pummel+1","Clash+1"],"picked":"SKIP","floor":37},{"not_picked":["Thunderclap+1","Headbutt+1","Evolve+1"],"picked":"SKIP","floor":39},{"not_picked":["Inflame","Heavy Blade","Abandon+1"],"picked":"SKIP","floor":40},{"not_picked":["Pummel","Demonic Infusion","Pommel Strike"],"picked":"SKIP","floor":44},{"not_picked":["Pommel Strike+1","Blood for Blood","Massacre"],"picked":"SKIP","floor":45},{"not_picked":["Warcry+1","Body Slam+1","Massacre"],"picked":"SKIP","floor":46},{"not_picked":["infinitespire:SevenWalls","infinitespire:Menacing"],"picked":"infinitespire:UltimateForm","floor":48},{"not_picked":["Intimidate","Pommel Strike","Body Slam"],"picked":"SKIP","floor":52},{"not_picked":["Body Slam","Twin Strike","Rupture"],"picked":"SKIP","floor":53},{"not_picked":["Replay:Undeath\u0027s Touch","Burning Pact","hubris:ReadiedAction"],"picked":"SKIP","floor":58},{"not_picked":["Defy Death","Sword Boomerang","hubris:ReadiedAction"],"picked":"SKIP","floor":64},{"not_picked":["Clothesline","Perfected Strike","Warcry"],"picked":"SKIP","floor":65},{"not_picked":["Clothesline","Perfected Strike","Warcry"],"picked":"SKIP","floor":65},{"not_picked":["Shrug It Off+1","Iron Wave","Defy Death"],"picked":"SKIP","floor":69},{"not_picked":["Thunderclap","Bloodletting+1","Rampage"],"picked":"SKIP","floor":70},{"not_picked":["Clothesline","Dark Embrace+1","hubris:ReadiedAction"],"picked":"SKIP","floor":72},{"not_picked":["Clothesline+1","Replay:Undeath\u0027s Touch","Anger+1"],"picked":"SKIP","floor":73},{"not_picked":["Warcry","Infernal Blade+1","Perfected Strike"],"picked":"SKIP","floor":74},{"not_picked":["Cleave","Run Through","Shrug It Off"],"picked":"SKIP","floor":86},{"not_picked":["hubris:ReadiedAction+1","Run Through","Metallicize+1"],"picked":"SKIP","floor":89},{"not_picked":["Entrench+1","Iron Wave+1","Whirlwind"],"picked":"SKIP","floor":91},{"not_picked":["Dark Embrace","Burning Pact+1","Twin Strike"],"picked":"SKIP","floor":93},{"not_picked":["Bloodletting","Cleave","Anger"],"picked":"SKIP","floor":103},{"not_picked":["Headbutt","ReplayTheSpireMod:Strike From Hell","Heavy Blade"],"picked":"SKIP","floor":103},{"not_picked":["Wild Strike","Sword Boomerang","Rupture"],"picked":"SKIP","floor":106},{"not_picked":["Sever Soul","ReplayTheSpireMod:LeadingStrike","Replay:Undeath\u0027s Touch"],"picked":"SKIP","floor":106},{"not_picked":["Iron Wave","Barricade","Sentinel"],"picked":"SKIP","floor":110},{"not_picked":["Dark Embrace","Wild Strike","ReplayTheSpireMod:Limb From Limb"],"picked":"SKIP","floor":112},{"not_picked":["Sword Boomerang","ReplayTheSpireMod:Limb From Limb","Thunderclap"],"picked":"SKIP","floor":113},{"not_picked":["Anger","Thunderclap","Invigoration"],"picked":"SKIP","floor":113},{"not_picked":["conspire:Charge","Pommel Strike","Hemogenesis"],"picked":"SKIP","floor":115},{"not_picked":["Clothesline","Wild Strike","Intimidate"],"picked":"SKIP","floor":115},{"not_picked":["Sword Boomerang","Headbutt","ReplayTheSpireMod:Corrosion Curse"],"picked":"SKIP","floor":116},{"not_picked":["Replay:Many Hands","Anger","Havoc"],"picked":"SKIP","floor":116},{"not_picked":["Rage","Heavy Blade","Anger"],"picked":"SKIP","floor":120},{"not_picked":["Massacre","Reckless Charge","Havoc"],"picked":"SKIP","floor":120},{"not_picked":["ReplayTheSpireMod:Corrosion Curse","Twin Strike","Flex"],"picked":"SKIP","floor":123},{"not_picked":["Disarm","Dark Embrace","hubris:SharpeningStone"],"picked":"SKIP","floor":123},{"not_picked":["Thunderclap","Run Through","ReplayTheSpireMod:Strike From Hell"],"picked":"SKIP","floor":124},{"not_picked":["Cleave","Clothesline","Thunderclap+1"],"picked":"SKIP","floor":124},{"not_picked":["Corruption","Clash+1","hubris:StunningStrike"],"picked":"SKIP","floor":125},{"not_picked":["Spot Weakness","Clash+1","hubris:CleavingFinish"],"picked":"SKIP","floor":126},{"not_picked":["Dual Wield","Reckless Charge","True Grit"],"picked":"SKIP","floor":126},{"not_picked":["Carnage","Twin Strike","Anger"],"picked":"SKIP","floor":133},{"not_picked":["Battle Trance","Clothesline+1","Pommel Strike"],"picked":"SKIP","floor":133},{"not_picked":["Cleave","Wild Strike","BarbarianYell"],"picked":"SKIP","floor":137},{"not_picked":["Life Link","Massacre","Reckless Charge+1"],"picked":"SKIP","floor":137},{"not_picked":["Intimidate","Cleave+1","Life Link"],"picked":"SKIP","floor":143},{"not_picked":["Armaments","Uppercut+1","Blood for Blood+1"],"picked":"SKIP","floor":143},{"not_picked":["True Grit+1","Sword Boomerang+1","Headbutt+1"],"picked":"SKIP","floor":148},{"not_picked":["Limit Break","Armaments+1","Body Slam"],"picked":"SKIP","floor":148},{"not_picked":["Abandon","ReplayReversal","Uppercut"],"picked":"SKIP","floor":150},{"not_picked":["Dropkick+1","Run Through","Body Slam+1"],"picked":"SKIP","floor":150},{"not_picked":["Replay:Undeath\u0027s Touch+1","Clothesline","Hemokinesis"],"picked":"SKIP","floor":156}],"player_experience":879936,"relics_obtained":[{"floor":7,"key":"Ginger"},{"floor":9,"key":"Replay:Ringing Soul"},{"floor":12,"key":"halation:EternalFortune"},{"floor":24,"key":"Tiny Chest"},{"floor":26,"key":"Strawberry"},{"floor":30,"key":"Boot"},{"floor":31,"key":"infinitespire:Magic Flask"},{"floor":35,"key":"halation:EternalFortune"},{"floor":39,"key":"halation:EternalFortune"},{"floor":40,"key":"hubris:CuriousFeather"},{"floor":43,"key":"Omamori"},{"floor":45,"key":"Juzu Bracelet"},{"floor":48,"key":"BicycleWheel"},{"floor":56,"key":"Paper Frog"},{"floor":60,"key":"conspire:DecoderRing"},{"floor":74,"key":"SnailShell"},{"floor":77,"key":"ReplayTheSpireMod:Shallot"},{"floor":90,"key":"Oddly Smooth Stone"},{"floor":91,"key":"Replay:Accelerometer"},{"floor":94,"key":"Bottled Lightning"},{"floor":98,"key":"Prayer Wheel"},{"floor":109,"key":"conspire:Flyswatter"},{"floor":110,"key":"Orichalcum"},{"floor":110,"key":"War Paint"},{"floor":111,"key":"Red Skull"},{"floor":112,"key":"Replay:Bottled Eggs"},{"floor":113,"key":"halation:EternalFortune"},{"floor":125,"key":"Snack Pack"},{"floor":125,"key":"infinitespire:Midas Blood"},{"floor":128,"key":"CherryCoatedStake"},{"floor":129,"key":"Red Mask"},{"floor":140,"key":"infinitespire:EmpoweringShard"},{"floor":145,"key":"Smiling Mask"},{"floor":147,"key":"conspire:Boomerang"},{"floor":156,"key":"hubris:MobiusCoin"},{"floor":156,"key":"Replay:Rubber Ducky"}],"event_choices":[{"damage_healed":0,"gold_gain":0,"player_choice":"Disagree","damage_taken":0,"max_hp_gain":0,"max_hp_loss":0,"event_name":"conspire:LoneGhost","floor":3,"gold_loss":0},{"cards_removed":["Defend_R"],"damage_healed":0,"gold_gain":0,"player_choice":"Offered Basic","damage_taken":0,"max_hp_gain":0,"max_hp_loss":0,"event_name":"Bonfire Elementals","floor":5,"gold_loss":0},{"damage_healed":0,"gold_gain":0,"player_choice":"Donut","damage_taken":0,"max_hp_gain":5,"max_hp_loss":0,"event_name":"Big Fish","floor":14,"gold_loss":0},{"damage_healed":0,"gold_gain":99,"player_choice":"Steal","damage_taken":0,"max_hp_gain":0,"max_hp_loss":0,"event_name":"betterThird:BetterNest","floor":22,"gold_loss":0},{"damage_healed":0,"gold_gain":0,"player_choice":"Upgraded","damage_taken":0,"max_hp_gain":0,"max_hp_loss":0,"event_name":"Upgrade Shrine","floor":27,"gold_loss":0,"cards_upgraded":["Barricade"]},{"cards_removed":["Bash"],"damage_healed":0,"gold_gain":0,"player_choice":"Gave Gold","damage_taken":0,"max_hp_gain":0,"max_hp_loss":0,"event_name":"Beggar","floor":29,"gold_loss":75},{"damage_healed":126,"gold_gain":0,"player_choice":"Leave","damage_taken":0,"max_hp_gain":0,"max_hp_loss":126,"event_name":"betterThird:BetterShining","floor":55,"gold_loss":0},{"cards_removed":["infinitespire:UltimateForm"],"damage_healed":0,"gold_gain":0,"player_choice":"Forget","damage_taken":0,"max_hp_gain":0,"max_hp_loss":0,"event_name":"Living Wall","floor":62,"gold_loss":0},{"damage_healed":0,"gold_gain":0,"player_choice":"Take Damage","damage_taken":31,"relics_obtained":["Golden Idol"],"max_hp_gain":0,"max_hp_loss":0,"event_name":"Golden Idol","floor":63,"gold_loss":0},{"damage_healed":0,"gold_gain":0,"player_choice":"Ignored","damage_taken":0,"max_hp_gain":0,"max_hp_loss":0,"event_name":"Purifier","floor":75,"gold_loss":0},{"damage_healed":0,"gold_gain":0,"player_choice":"Simplicity","damage_taken":0,"max_hp_gain":0,"max_hp_loss":0,"event_name":"betterThird:BetterWriting","floor":80,"gold_loss":0},{"damage_healed":0,"gold_gain":0,"player_choice":"Read","damage_taken":0,"max_hp_gain":0,"max_hp_loss":0,"event_name":"The Library","floor":81,"gold_loss":0,"cards_obtained":["Shrug It Off"]},{"damage_healed":0,"gold_gain":0,"player_choice":"Ignored","damage_taken":0,"max_hp_gain":0,"max_hp_loss":0,"event_name":"Transmorgrifier","floor":92,"gold_loss":0},{"damage_healed":0,"gold_gain":0,"player_choice":"Ignored","damage_taken":0,"max_hp_gain":0,"max_hp_loss":0,"event_name":"Tomb of Lord Red Mask","floor":96,"gold_loss":0},{"damage_healed":0,"gold_gain":0,"player_choice":"Ignored","damage_taken":0,"max_hp_gain":0,"max_hp_loss":0,"event_name":"Golden Wing","floor":105,"gold_loss":0},{"damage_healed":0,"gold_gain":0,"cards_transformed":["Shrug It Off"],"player_choice":"Change","damage_taken":0,"max_hp_gain":0,"max_hp_loss":0,"event_name":"Living Wall","floor":107,"gold_loss":0,"cards_obtained":["Corruption"]},{"damage_healed":0,"gold_gain":0,"player_choice":"Take Damage","damage_taken":32,"relics_obtained":["Circlet"],"max_hp_gain":0,"max_hp_loss":0,"event_name":"Golden Idol","floor":114,"gold_loss":0},{"damage_healed":0,"gold_gain":99,"player_choice":"Steal","damage_taken":0,"max_hp_gain":0,"max_hp_loss":0,"event_name":"betterThird:BetterNest","floor":121,"gold_loss":0},{"damage_healed":0,"gold_gain":0,"player_choice":"Fought Bandits","damage_taken":0,"max_hp_gain":0,"max_hp_loss":0,"event_name":"Masked Bandits","floor":129,"gold_loss":0},{"damage_healed":0,"gold_gain":0,"player_choice":"Ignored","damage_taken":0,"max_hp_gain":0,"max_hp_loss":0,"event_name":"Vampires","floor":132,"gold_loss":0},{"damage_healed":0,"gold_gain":0,"player_choice":"Leave","damage_taken":0,"max_hp_gain":0,"max_hp_loss":0,"event_name":"conspire:Investor","floor":139,"gold_loss":0},{"damage_healed":0,"gold_gain":0,"player_choice":"Fight","damage_taken":0,"max_hp_gain":0,"max_hp_loss":0,"event_name":"MindBloom","floor":147,"gold_loss":0}],"is_beta":false,"boss_relics":[{"not_picked":["halation:LoveArrow","halation:ForbiddenBikini"],"picked":"halation:SmartPhone"},{"not_picked":["relicPack:StarArrow","Replay:Wanted Poster","energizedSpire:OgreHead"]},{"not_picked":["hubris:VirtuousBlindfold","halation:MonkeysPaw"],"picked":"conspire:RoyalGoblet"},{"not_picked":["Ooze Armor","Kintsugi"],"picked":"energizedSpire:StickyHand"},{"not_picked":["conspire:SpecialSausage","Replay:Bronze Core"],"picked":"hubris:ScarierMask"},{"not_picked":["Fusion Hammer","hubris:CrackedHourglass"],"picked":"Black Star"},{"not_picked":["halation:CatFaceCupcake","halation:HeavySnake"],"picked":"SlaversCollar"},{"not_picked":["Kintsugi","Replay:Drink Me","Sandwich"]},{"not_picked":["ChewingGum","hubris:BlackHole"],"picked":"energizedSpire:NeverEndingSparkler"}],"items_purged_floors":[0,0,0,0,8,20,59,122],"is_endless":true,"potions_floor_spawned":[1,12,13,18,19,35,40,44,46,48,58,64,69,72,93,101,106,110,115,116,126,135,143,148],"ascension_level":0}}