{"host":"ur9yu33ueh8lnvdq","time":1608238864,"event":{"mods":["2.2 Compatiblity","A Magickal Journey","AchievementEnabler","Alarm Clock","Aspiration","Bartender","BaseMod","Better Note","ChefMod","Colored Powertips","Conspire","Energized Spire","GungeonMod","Hermit","JesterMod","Jorbs\u0027s Wanderer Trilogy","KinomotoSakuraMod(????)","Melee Mod","Minty Spire (QoL Compilation)","Potionbrewer","Prisma Mod","Quick Restart","READ ME - Guardian Mod","Shade Mod","Shop Mod","Slumbering Mod","Somnambulant","StSLib","Swap Starting Deck Mod","The Blackbeard","The Bladedancer","The Bug Knight","The Cursed","The Death Knight","The Disciple","The Dragon Tamer","The Exalted","The Forsaken","The Gatherer","The Hayseed","The Hierophant","The Judge","The Juggle","The Necromancer","The Problem Sleuth","The Runesmith","The Servant 0.9.4","The Showman","TheFirefly","TheVacant","The_Crusader","Transform Curses"],"gold_per_floor":[118,0,19,94,113,138,172,172,172,198,212,7,26,52,52,149,149,161,161,1,1,13,13,13,13],"floor_reached":23,"playtime":3273,"items_purged":[],"score":259,"play_id":"7b624256-0a2c-49fd-941b-99fc819037e0","local_time":"20201217160104","is_ascension_mode":false,"metric_token":3347,"campfire_choices":[{"floor":8,"key":"REST"},{"floor":15,"key":"REST"}],"dtmod_dragon_data":[49,50,3,-1,14,0],"circlet_count":0,"master_deck":["DTMod:Strike","DTMod:Strike","DTMod:Strike","DTMod:Strike","DTMod:DoubleHit","DTMod:TargetDefense","DTMod:TargetDefense","DTMod:TargetDefense","DTMod:TargetDefense","DTMod:SwitchingTactic","Madness","DTMod:Conduct","DTMod:InvisibleFlame","DTMod:BalancedStrike","DTMod:Training","DTMod:Cover","DTMod:DragonDance","DTMod:BurningEnergy","DTMod:CleansingStrike","DTMod:ComboAttack","DTMod:ComboAttack","DTMod:Safeguard","DTMod:PurifyingFlame","jesterMod:ButterflyDance","DTMod:Threaten","theForsaken:PlagueCurse","DTMod:MagicField+1"],"relics":["DTMod:PactStone","Bromod:ArcaneDeflection","theForsaken:Gavel","FossilizedHelix","DemoMod:MonsterBlood","DemoMod:LamentConfigurum","Busted Crown","Membership Card","theForsaken:PlagueMask"],"acts_visited":["Exordium","TheCity"],"potions_floor_usage":[6,7,10,13,16,18,22,22],"damage_taken":[{"damage":0,"enemies":"Jaw Worm","floor":1,"turns":6},{"damage":0,"enemies":"2 Louse","floor":3,"turns":3},{"damage":0,"enemies":"conspire:RoseBush","floor":5,"turns":3},{"damage":6,"enemies":"HollowMod:MossKnight","floor":6,"turns":12},{"damage":0,"enemies":"conspire:MimicChest","floor":7,"turns":6},{"damage":14,"enemies":"theSlumbering:Adrasteia","floor":10,"turns":6},{"damage":0,"enemies":"Gremlin Gang","floor":11,"turns":4},{"damage":0,"enemies":"Exordium Thugs","floor":13,"turns":6},{"damage":19,"enemies":"Gremlin Nob","floor":14,"turns":5},{"damage":0,"enemies":"Slime Boss","floor":16,"turns":8},{"damage":0,"enemies":"Chosen","floor":18,"turns":4},{"damage":11,"enemies":"Shell Parasite","floor":22,"turns":6},{"damage":43,"enemies":"Book of Stabbing","floor":23,"turns":6}],"seed_played":"2469877204570123479","potions_obtained":[{"floor":3,"key":"LiquidBronze"},{"floor":5,"key":"Swift Potion"},{"floor":7,"key":"Dexterity Potion"},{"floor":14,"key":"Regen Potion"},{"floor":16,"key":"DuplicationPotion"},{"floor":18,"key":"Weak Potion"}],"is_trial":false,"path_per_floor":["M","$","M","?","M","E","?","R","T","E","M","$","M","E","R","B",null,"M","?","$","?","M","E"],"character_chosen":"THE_DT","items_purchased":["DTMod:InvisibleFlame","Strength Potion","DemoMod:MonsterBlood","potionbrewer:AcidPotion","Membership Card","DTMod:Threaten"],"campfire_rested":2,"item_purchase_floors":[2,2,12,12,20,20],"current_hp_per_floor":[45,45,45,41,41,35,35,45,45,31,31,38,38,19,34,49,52,52,52,52,52,41,0,0,0],"gold":13,"neow_bonus":"RANDOM_COLORLESS","is_daily":false,"chose_seed":false,"campfire_upgraded":0,"win_rate":0.0,"timestamp":1608238864,"path_taken":["M","$","M","?","?","E","?","R","T","E","?","?","M","E","R","BOSS","M","?","$","?","M","E"],"items_purchased_type":["Card","Potion","Relic","Potion","Relic","Card"],"build_version":"2020-12-13","purchased_purges":0,"victory":false,"max_hp_per_floor":[45,45,45,45,45,45,45,45,45,45,45,52,52,52,52,52,52,52,52,52,52,52,52,52,52],"card_choices":[{"not_picked":["Deep Breath","Swift Strike"],"picked":"Madness","floor":0},{"not_picked":["DTMod:Hide","DTMod:BlazingStrike"],"picked":"DTMod:Conduct","floor":1},{"not_picked":["DTMod:BurningForce","DTMod:Coolant"],"picked":"DTMod:BalancedStrike","floor":3},{"not_picked":["DTMod:MagicField","DTMod:Punisher"],"picked":"DTMod:Training","floor":5},{"not_picked":["DTMod:ExcessFootwork","DTMod:ComboAttack"],"picked":"DTMod:Cover","floor":6},{"not_picked":["DTMod:CleansingStrike","DTMod:TagTeam"],"picked":"DTMod:DragonDance","floor":7},{"not_picked":["DTMod:CalculatedDefense","DTMod:BuildUp"],"picked":"DTMod:BurningEnergy","floor":10},{"not_picked":["DTMod:DeepFocus","DTMod:BreakAttack"],"picked":"DTMod:CleansingStrike","floor":11},{"not_picked":["DTMod:Dissolve","DTMod:TriAttack"],"picked":"DTMod:ComboAttack","floor":13},{"not_picked":["DTMod:BurningEnergy","DTMod:Cover"],"picked":"DTMod:ComboAttack","floor":14},{"not_picked":["DTMod:GearUp","DTMod:RepeatStrike"],"picked":"DTMod:Safeguard","floor":16},{"not_picked":[],"picked":"DTMod:PurifyingFlame","floor":18},{"not_picked":[],"picked":"DTMod:MagicField+1","floor":22}],"player_experience":812964,"relics_obtained":[{"floor":6,"key":"Bromod:ArcaneDeflection"},{"floor":7,"key":"theForsaken:Gavel"},{"floor":10,"key":"FossilizedHelix"},{"floor":14,"key":"DemoMod:LamentConfigurum"}],"event_choices":[{"damage_healed":0,"gold_gain":75,"player_choice":"Touch","damage_taken":4,"max_hp_gain":0,"max_hp_loss":0,"event_name":"FaceTrader","floor":4,"gold_loss":0},{"cards_removed":["Madness"],"damage_healed":0,"gold_gain":0,"player_choice":"Take \u0026 Give","damage_taken":0,"max_hp_gain":0,"max_hp_loss":0,"event_name":"betterNote:BetterNote","floor":19,"gold_loss":0,"cards_obtained":["jesterMod:ButterflyDance"]},{"damage_healed":0,"gold_gain":0,"player_choice":"Obtain Plague Curse","damage_taken":0,"max_hp_gain":0,"max_hp_loss":0,"event_name":"Plague Doctor","floor":21,"gold_loss":0,"cards_obtained":["theForsaken:PlagueCurse"]}],"is_beta":false,"boss_relics":[{"not_picked":["energizedSpire:RedRose","energizedSpire:NeverEndingSparkler"],"picked":"Busted Crown"}],"items_purged_floors":[],"is_endless":false,"potions_floor_spawned":[3,5,7,14,16,18],"killed_by":"Book of Stabbing","ascension_level":0}}