{"host":"jak4ncvfzor9mys0","time":1608171226,"event":{"mods":["2.2 Compatiblity","AchievementEnabler","BaseMod","Better Altar","Better Match","Better Note","Better Sensory Stone","Better Skull","Better Third Choice","BetterRewards","Block Reminder","Colored Map","Colored Powertips","Energized Spire","Gold Saver","Hubris","Infinite Spire","Key Reminder","Minty Spire (QoL Compilation)","Rare Cards Sparkle","Red Circlet Mod","Relic Sorter","Relic Stats","Replay The Spire","Retaliation","StSLib","SuperFastMode","The Blue Laboratory"],"gold_per_floor":[789,805,824,839,856,856,880,895,895,915,915,926,945,945,945],"floor_reached":14,"playtime":436,"items_purged":["Strike_B"],"score":88,"play_id":"226738d2-3fb6-4ede-a214-2aef6d3f068f","local_time":"20201216181346","is_ascension_mode":false,"campfire_choices":[{"floor":6,"key":"REST"},{"data":"Zap","floor":11,"key":"SMITH"}],"circlet_count":0,"master_deck":["Strike_B","Strike_B","Strike_B","Defend_B","Defend_B","Defend_B","Defend_B","Zap+1","Dualcast","Defragment","Sweeping Beam","Leap","Beam Cell"],"relics":["Cracked Core","Odd Mushroom","Matryoshka"],"acts_visited":["Exordium"],"potions_floor_usage":[],"damage_taken":[{"damage":10,"enemies":"Jaw Worm","floor":1,"turns":5},{"damage":0,"enemies":"Small Slimes","floor":2,"turns":2},{"damage":1,"enemies":"2 Louse","floor":3,"turns":3},{"damage":25,"enemies":"Exordium Thugs","floor":4,"turns":5},{"damage":3,"enemies":"Exordium Wildlife","floor":5,"turns":3},{"damage":13,"enemies":"The Mushroom Lair","floor":7,"turns":5},{"damage":9,"enemies":"3 Louse","floor":8,"turns":3},{"damage":2,"enemies":"Blue Slaver","floor":10,"turns":4},{"damage":7,"enemies":"Exordium Wildlife","floor":12,"turns":4},{"damage":0,"enemies":"Large Slime","floor":13,"turns":3},{"damage":31,"enemies":"Gremlin Nob","floor":14,"turns":3}],"seed_played":"2716229040693322023","potions_obtained":[{"floor":3,"key":"Swift Potion"},{"floor":5,"key":"blueLaboratory:LouseDecoction"},{"floor":8,"key":"blueLaboratory:PhilterOfMotion"},{"floor":10,"key":"blueLaboratory:ConsumingVoid"}],"is_trial":false,"path_per_floor":["M","M","M","M","M","R","?","M","T","M","R","M","M","E"],"character_chosen":"DEFECT","items_purchased":["Defragment","Sweeping Beam"],"campfire_rested":1,"item_purchase_floors":[0,0],"current_hp_per_floor":[65,65,64,39,36,58,45,36,36,34,34,27,27,0,0],"gold":945,"neow_bonus":"","is_daily":false,"chose_seed":false,"campfire_upgraded":1,"win_rate":0.0,"timestamp":1608171226,"path_taken":["M","M","M","M","M","R","?","M","T","M","R","M","M","E"],"items_purchased_type":["Card","Card"],"build_version":"2020-12-13","purchased_purges":1,"victory":false,"max_hp_per_floor":[75,75,75,75,75,75,75,75,75,75,75,75,75,75,75],"relic_stats":{"counters":[27,113],"obtain_stats":[{"Potion Belt":26,"Replay:Bandana":6,"energizedSpire:CursedPentagram":17,"Matryoshka":9,"Golden Idol":10,"hubris:SphereOfDissonance":9,"PreservedInsect":2,"Membership Card":2,"Raider\u0027s Mask":22,"Odd Mushroom":7,"Cracked Core":0,"Smiling Mask":13},{"Potion Belt":11,"Replay:Bandana":4,"energizedSpire:CursedPentagram":8,"Matryoshka":23,"Golden Idol":4,"hubris:SphereOfDissonance":4,"PreservedInsect":1,"Membership Card":1,"Raider\u0027s Mask":10,"Odd Mushroom":22,"Cracked Core":0,"Smiling Mask":6},{"Potion Belt":44,"Replay:Bandana":12,"energizedSpire:CursedPentagram":32,"Matryoshka":99,"Golden Idol":12,"hubris:SphereOfDissonance":12,"PreservedInsect":3,"Membership Card":3,"Raider\u0027s Mask":40,"Odd Mushroom":96,"Cracked Core":0,"Smiling Mask":17}]},"card_choices":[{"not_picked":["Turbo","Stack"],"picked":"Leap","floor":1},{"not_picked":["Hologram","Rebound","Reinforced Body"],"picked":"SKIP","floor":2},{"not_picked":["Turbo","Scrape","Rebound"],"picked":"SKIP","floor":3},{"not_picked":["hubris:PowerSurge","Hologram","Compile Driver"],"picked":"SKIP","floor":4},{"not_picked":["Gash","Coolheaded","Steam Power"],"picked":"SKIP","floor":5},{"not_picked":["ReplayTheSpireMod:GoodbyeWorld","Storm"],"picked":"Beam Cell","floor":7},{"not_picked":["Reinforced Body","Panic Button","Multi-Cast"],"picked":"SKIP","floor":8},{"not_picked":["Compile Driver","Turbo","BasicCrystalCard"],"picked":"SKIP","floor":10},{"not_picked":["Recycle","Reinforced Body","Sweeping Beam"],"picked":"SKIP","floor":12},{"not_picked":["Beam Cell","Barrage","Compile Driver"],"picked":"SKIP","floor":13}],"player_experience":2630727,"relics_obtained":[{"floor":7,"key":"Odd Mushroom"},{"floor":9,"key":"Matryoshka"}],"event_choices":[{"damage_healed":0,"gold_gain":0,"player_choice":"Fought Mushrooms","damage_taken":0,"max_hp_gain":0,"max_hp_loss":0,"event_name":"Mushrooms","floor":7,"gold_loss":0}],"is_beta":false,"boss_relics":[],"items_purged_floors":[0],"is_endless":false,"potions_floor_spawned":[3,5,8,10,13],"killed_by":"Gremlin Nob","ascension_level":0}}