{"host":"haozahzn9om5c7l8","time":1608222512,"event":{"mods":["Act Like it!","Alarm Clock","BaseMod","Better-Laid Plans","Colored Powertips","Minty Spire (QoL Compilation)","Quick Restart","Relic Stats","Replay The Spire","Spicy Shops","StSLib","The Poker Player","UnlockEverythingMod","óô»ðÖ¸ÄÏ"],"gold_per_floor":[117,130,142,160,173,203,203,50,50,83,94,109,109,136,136,232,232,232,3,3,3],"floor_reached":20,"playtime":1154,"items_purged":[],"score":269,"play_id":"c705afca-5385-41c4-b4ae-c66674c46e1e","local_time":"20201218002832","is_ascension_mode":false,"campfire_choices":[{"floor":13.0,"key":"REST"}],"circlet_count":0,"master_deck":["Strike_R","Strike_R","Strike_R","Strike_R","Strike_R","Defend_R","Defend_R","Defend_R","Defend_R","Bash","Pommel Strike","Flex+1","Anger","Battle Trance+1","Clash","Flex","Life Link+1","Clothesline+1","Combust+1","Thunderclap+1","Iron Wave+1","Shrug It Off","Double Tap"],"relics":["Burning Blood","NeowsBlessing","Frozen Egg 2","Orichalcum","Molten Egg 2","Dream Catcher","Bottled Tornado","Black Star","Membership Card","Boot"],"acts_visited":["TheEnding"],"potions_floor_usage":[20,20,20],"damage_taken":[{"damage":0.0,"enemies":"2 Louse","floor":1.0,"turns":1.0},{"damage":0.0,"enemies":"Cultist","floor":2.0,"turns":1.0},{"damage":0.0,"enemies":"Small Slimes","floor":3.0,"turns":1.0},{"damage":6.0,"enemies":"3 Louse","floor":4.0,"turns":3.0},{"damage":8.0,"enemies":"Large Slime","floor":5.0,"turns":6.0},{"damage":35.0,"enemies":"3 Sentries","floor":6.0,"turns":9.0},{"damage":0.0,"enemies":"Gremlin Nob","floor":10.0,"turns":2.0},{"damage":0.0,"enemies":"Gremlin Gang","floor":11.0,"turns":3.0},{"damage":7.0,"enemies":"2 Fungi Beasts","floor":12.0,"turns":3.0},{"damage":10.0,"enemies":"3 Sentries","floor":14.0,"turns":5.0},{"damage":4.0,"enemies":"Slime Boss","floor":16.0,"turns":5.0},{"damage":97,"enemies":"Shield and Spear","floor":20,"turns":3}],"seed_played":"-7524392723957274156","potions_obtained":[{"floor":1.0,"key":"Block Potion"},{"floor":6.0,"key":"SteroidPotion"},{"floor":10.0,"key":"AttackPotion"},{"floor":11.0,"key":"Doom Potion"},{"floor":14.0,"key":"Fire Potion"},{"floor":16.0,"key":"SteroidPotion"}],"is_trial":false,"path_per_floor":["M","M","M","M","M","E","?","$","T","E","M","M","R","E","R","B",null,"R","$","E"],"character_chosen":"IRONCLAD","items_purchased":["Orichalcum","Membership Card","Boot"],"campfire_rested":1,"item_purchase_floors":[8,19,19],"current_hp_per_floor":[80,80,80,80,78,49,49,49,49,55,61,60,80,76,80,80,80,80,80,0,0],"gold":3,"neow_bonus":"THREE_ENEMY_KILL","is_daily":false,"chose_seed":false,"campfire_upgraded":0,"win_rate":0.0,"timestamp":1608222512,"path_taken":["M","M","M","M","M","E","?","$","T","E","?","M","R","E","R","BOSS","R","$","E"],"items_purchased_type":["Relic","Relic","Relic"],"build_version":"2020-12-13","purchased_purges":0,"victory":false,"max_hp_per_floor":[80,80,80,80,80,80,80,80,80,80,80,80,80,80,80,80,80,80,80,80,80],"relic_stats":{"Dream Catcher":2,"counters":[6,21],"Black Star":0,"Orichalcum":[48],"Boot":[0],"obtain_stats":[{"Dream Catcher":10,"NeowsBlessing":0,"Molten Egg 2":0,"Black Star":17,"Membership Card":19,"Frozen Egg 2":0,"Orichalcum":0,"Bottled Tornado":14,"Boot":19,"Burning Blood":0},{"Dream Catcher":1,"NeowsBlessing":0,"Molten Egg 2":0,"Black Star":5,"Membership Card":5,"Frozen Egg 2":0,"Orichalcum":0,"Bottled Tornado":4,"Boot":5,"Burning Blood":0},{"Dream Catcher":2,"NeowsBlessing":0,"Molten Egg 2":0,"Black Star":18,"Membership Card":18,"Frozen Egg 2":0,"Orichalcum":0,"Bottled Tornado":13,"Boot":18,"Burning Blood":0}],"Burning Blood":28},"card_choices":[{"not_picked":["Shockwave","Sentinel"],"picked":"Pommel Strike","floor":1.0},{"not_picked":["Headbutt","Heavy Blade"],"picked":"Flex","floor":2.0},{"not_picked":["Dual Wield","Warcry"],"picked":"Anger","floor":3.0},{"not_picked":["Bloodletting","Whirlwind"],"picked":"Battle Trance","floor":4.0},{"not_picked":["Havoc","Fire Breathing"],"picked":"Clash","floor":5.0},{"not_picked":["Disarm","Heavy Blade"],"picked":"Flex","floor":6.0},{"not_picked":["Reckless Charge+1","Sentinel"],"picked":"Life Link+1","floor":10.0},{"not_picked":["Shockwave","Offering"],"picked":"Clothesline+1","floor":11.0},{"not_picked":["Thunderclap+1","Twin Strike+1"],"picked":"Combust+1","floor":12.0},{"not_picked":["ReplayTheSpireMod:Corrosion Curse","Massacre+1"],"picked":"Thunderclap+1","floor":13.0},{"not_picked":["Flex","Shrug It Off"],"picked":"Iron Wave+1","floor":14.0},{"not_picked":["Abandon","ReplayTheSpireMod:Corrosion Curse"],"picked":"Shrug It Off","floor":15.0},{"not_picked":["Limit Break","Demonic Infusion"],"picked":"Double Tap","floor":16.0}],"player_experience":6621,"relics_obtained":[{"floor":6.0,"key":"Frozen Egg 2"},{"floor":9.0,"key":"Molten Egg 2"},{"floor":10.0,"key":"Dream Catcher"},{"floor":14.0,"key":"Bottled Tornado"}],"event_choices":[{"damage_healed":0.0,"max_hp_gain":0.0,"max_hp_loss":0.0,"gold_gain":0.0,"event_name":"Accursed Blacksmith","player_choice":"Forge","floor":7.0,"gold_loss":0.0,"damage_taken":0.0,"cards_upgraded":["Flex"]}],"is_beta":false,"boss_relics":[{"not_picked":["Fusion Hammer","Coffee Dripper"],"picked":"Black Star"}],"items_purged_floors":[],"is_endless":false,"potions_floor_spawned":[1,6,10,11,14,16],"killed_by":"Shield and Spear","ascension_level":0}}