{"host":"gluah3fg3437e73p","time":1608213063,"event":{"mods":["AchievementEnabler","Act Like it!","BaseMod","Highlight Path","Minty Spire (QoL Compilation)","StSLib"],"gold_per_floor":[114,114,189,12,12,12,12,31,31,31,206,237,237,12,12,137,137,156,156,246,171,190,190,190,289,314,314,314,314],"floor_reached":28,"playtime":1452,"items_purged":["Doubt"],"score":273,"play_id":"56ad2eb1-b9fa-4a59-a18d-e1ca1743be74","local_time":"20201217215103","daily_mods":["Specialized","Flight","Lethality"],"is_ascension_mode":false,"campfire_choices":[{"floor":6.0,"key":"REST"},{"floor":15.0,"key":"REST"},{"data":"Fission","floor":23.0,"key":"SMITH"}],"circlet_count":0,"master_deck":["Strike_B","Defend_B","Zap","Dualcast","White Noise","White Noise","White Noise","White Noise","White Noise","Self Repair","Stack","Streamline","Conserve Battery","Fission+1","Auto Shields+1","Conserve Battery+1","Beam Cell+1","Stack","Ghostly","Ghostly","Ghostly","Ghostly","Ghostly","Force Field","Melter"],"relics":["Cracked Core","Juzu Bracelet","Golden Idol","Pear","Odd Mushroom","ClockworkSouvenir","Astrolabe","Strawberry"],"acts_visited":["Exordium","TheCity"],"potions_floor_usage":[],"damage_taken":[{"damage":4.0,"enemies":"Cultist","floor":1.0,"turns":3.0},{"damage":0.0,"enemies":"2 Louse","floor":8.0,"turns":2.0},{"damage":45.0,"enemies":"The Mushroom Lair","floor":12.0,"turns":4.0},{"damage":65.0,"enemies":"Hexaghost","floor":16.0,"turns":4.0},{"damage":78.0,"enemies":"3 Byrds","floor":18.0,"turns":5.0},{"damage":0.0,"enemies":"Chosen","floor":22.0,"turns":5.0},{"damage":25,"enemies":"Masked Bandits","floor":28,"turns":2}],"seed_played":"-4230686447748436371","potions_obtained":[{"floor":16.0,"key":"ColorlessPotion"},{"floor":18.0,"key":"EssenceOfSteel"}],"is_trial":false,"path_per_floor":["M","?","?","$","?","R","?","M","T","$","?","?","?","$","R","B",null,"M","?","?","?","M","R","?","?","T","?","?"],"character_chosen":"DEFECT","items_purchased":["Juzu Bracelet","Stack","ClockworkSouvenir"],"campfire_rested":2,"item_purchase_floors":[4,4,14],"current_hp_per_floor":[71,71,60,60,42,64,64,64,74,74,74,36,41,41,68,10,90,22,22,10,10,17,17,17,17,24,24,0,0],"gold":314,"neow_bonus":"","is_daily":true,"chose_seed":false,"campfire_upgraded":1,"win_rate":0.0,"timestamp":1608213063,"path_taken":["M","?","?","?","?","R","?","M","T","?","?","?","?","$","R","BOSS","M","?","?","?","M","R","?","?","T","?","?"],"items_purchased_type":["Relic","Card","Relic"],"build_version":"2020-12-13","purchased_purges":1,"victory":false,"max_hp_per_floor":[75,75,75,75,75,75,75,75,85,85,85,85,90,90,90,90,90,90,45,45,45,45,45,45,45,52,52,52,52],"card_choices":[{"not_picked":["Redo","Ball Lightning"],"picked":"Self Repair","floor":1.0},{"not_picked":["Redo","Compile Driver"],"picked":"Streamline","floor":8.0},{"not_picked":["Cold Snap","Rebound"],"picked":"Conserve Battery","floor":12.0},{"not_picked":["Rainbow","Multi-Cast"],"picked":"Fission","floor":16.0},{"not_picked":["Recycle+1","Compile Driver"],"picked":"Stack","floor":18.0},{"not_picked":["Stack","Hologram"],"picked":"Force Field","floor":22.0}],"player_experience":52794,"relics_obtained":[{"floor":9.0,"key":"Pear"},{"floor":12.0,"key":"Odd Mushroom"},{"floor":26.0,"key":"Strawberry"}],"event_choices":[{"cards_removed":["Defend_B"],"damage_healed":0.0,"max_hp_gain":0.0,"max_hp_loss":0.0,"gold_gain":0.0,"event_name":"Living Wall","player_choice":"Forget","floor":2.0,"gold_loss":0.0,"damage_taken":0.0},{"damage_healed":0.0,"max_hp_gain":0.0,"max_hp_loss":0.0,"gold_gain":75.0,"event_name":"World of Goop","player_choice":"Gather Gold","floor":3.0,"gold_loss":0.0,"damage_taken":11.0},{"damage_healed":0.0,"max_hp_gain":0.0,"max_hp_loss":0.0,"gold_gain":0.0,"event_name":"Golden Idol","player_choice":"Take Damage","floor":5.0,"gold_loss":0.0,"damage_taken":18.0,"relics_obtained":["Golden Idol"]},{"damage_healed":0.0,"max_hp_gain":0.0,"max_hp_loss":0.0,"gold_gain":0.0,"event_name":"Dead Adventurer","player_choice":"Searched \u00270\u0027 times","floor":7.0,"gold_loss":0.0,"damage_taken":0.0},{"damage_healed":0.0,"max_hp_gain":0.0,"max_hp_loss":0.0,"gold_gain":175.0,"event_name":"Liars Game","player_choice":"AGREE","floor":11.0,"gold_loss":0.0,"damage_taken":0.0,"cards_obtained":["Doubt"]},{"damage_healed":0.0,"max_hp_gain":0.0,"max_hp_loss":0.0,"gold_gain":0.0,"event_name":"Mushrooms","player_choice":"Fought Mushrooms","floor":12.0,"gold_loss":0.0,"damage_taken":0.0},{"damage_healed":0.0,"max_hp_gain":5.0,"max_hp_loss":0.0,"gold_gain":0.0,"event_name":"Big Fish","player_choice":"Donut","floor":13.0,"gold_loss":0.0,"damage_taken":0.0},{"damage_healed":0.0,"max_hp_gain":0.0,"max_hp_loss":45.0,"gold_gain":0.0,"event_name":"Ghosts","player_choice":"Became a Ghost","floor":19.0,"gold_loss":0.0,"damage_taken":0.0,"cards_obtained":["Ghostly","Ghostly","Ghostly","Ghostly","Ghostly"]},{"damage_healed":0.0,"max_hp_gain":0.0,"max_hp_loss":0.0,"gold_gain":90.0,"event_name":"Knowing Skull","player_choice":"GOLD ","floor":20.0,"potions_obtained":[],"gold_loss":0.0,"damage_taken":12.0,"cards_obtained":[]},{"cards_removed":["Defend_B"],"damage_healed":0.0,"max_hp_gain":0.0,"max_hp_loss":0.0,"gold_gain":0.0,"event_name":"Beggar","player_choice":"Gave Gold","floor":21.0,"gold_loss":75.0,"damage_taken":0.0},{"cards_removed":["Strike_B"],"damage_healed":0.0,"max_hp_gain":0.0,"max_hp_loss":0.0,"gold_gain":0.0,"event_name":"Purifier","player_choice":"Purged","floor":24.0,"gold_loss":0.0,"damage_taken":0.0},{"damage_healed":0.0,"max_hp_gain":0.0,"max_hp_loss":0.0,"gold_gain":99.0,"event_name":"Nest","player_choice":"Stole From Cult","floor":25.0,"gold_loss":0.0,"damage_taken":0.0},{"damage_healed":0.0,"max_hp_gain":0.0,"max_hp_loss":0.0,"gold_gain":0.0,"event_name":"The Library","player_choice":"Read","floor":27.0,"gold_loss":0.0,"damage_taken":0.0,"cards_obtained":["Melter"]},{"damage_healed":0,"gold_gain":0,"player_choice":"Fought Bandits","damage_taken":0,"max_hp_gain":0,"max_hp_loss":0,"event_name":"Masked Bandits","floor":28,"gold_loss":0}],"is_beta":false,"boss_relics":[{"not_picked":["Runic Pyramid","Busted Crown"],"picked":"Astrolabe"}],"items_purged_floors":[14],"is_endless":false,"potions_floor_spawned":[16,18],"killed_by":"Masked Bandits","ascension_level":0}}