{"host":"rbccvrvdyhsypb23","time":1608221469,"event":{"mods":["AchievementEnabler","Act Like it!","Aspiration","BaseMod","Better Third Choice","BetterRewards","Downfall","Friendly Minions","Infinite Spire","Ironclad Rager","KomeijiMod","Minty Spire (QoL Compilation)","Replay The Spire","Shade Mod","StSLib","The Blackbeard","The Mystic","The Runesmith","TheBandit","Wandering Minibosses","vexMod"],"gold_per_floor":[112,37,54,54,73,106,126,161,184,184,184,219,219,219,219,219,219],"floor_reached":16,"playtime":344,"items_purged":["Defend_R"],"score":150,"play_id":"240a43a7-75c0-4eda-8527-edd5d886a12b","local_time":"20201217191109","is_ascension_mode":true,"campfire_choices":[{"data":"Offering","floor":11.0,"key":"SMITH"},{"data":"Bash","floor":13.0,"key":"SMITH"},{"data":"ReplayTheSpireMod:Stacked","floor":15.0,"key":"SMITH"}],"circlet_count":0,"master_deck":["Strike_R","Strike_R","Strike_R+1","Strike_R","Strike_R","Defend_R","Defend_R","Defend_R","Bash+1","Thunderclap","Iron Wave","Pummel","ReplayTheSpireMod:Stacked+1","Offering+1"],"relics":["Burning Blood","aspiration:Nostalgia","Ring of the Snake","Akabeko","ReplayTheSpireMod:Spearhead","Ancient Tea Set","Counterbalance"],"acts_visited":["Exordium"],"potions_floor_usage":[],"damage_taken":[{"damage":5.0,"enemies":"Small Slimes","floor":1.0,"turns":3.0},{"damage":6.0,"enemies":"Jaw Worm","floor":3.0,"turns":3.0},{"damage":1.0,"enemies":"Cultist","floor":5.0,"turns":3.0},{"damage":26.0,"enemies":"3 Sentries","floor":6.0,"turns":6.0},{"damage":0.0,"enemies":"3 Louse","floor":7.0,"turns":1.0},{"damage":21.0,"enemies":"Replay:BlueRogue","floor":8.0,"turns":7.0},{"damage":6.0,"enemies":"Gremlin Nob","floor":12.0,"turns":2.0},{"damage":6,"enemies":"The Guardian","floor":16,"turns":1}],"seed_played":"6017203074240967058","potions_obtained":[{"floor":5.0,"key":"AttackPotion"},{"floor":6.0,"key":"champ:CounterPotion"},{"floor":7.0,"key":"AttackPotion"}],"is_trial":false,"path_per_floor":["M","$","M","?","M","E","M","E","T","?","R","E","R","$","R","B"],"character_chosen":"IRONCLAD","items_purchased":[],"campfire_rested":0,"item_purchase_floors":[],"current_hp_per_floor":[80,80,80,80,80,60,66,51,51,51,51,51,51,51,51,45,45],"gold":219,"neow_bonus":"NOSTALGIA","is_daily":false,"chose_seed":false,"campfire_upgraded":3,"win_rate":0.0,"timestamp":1608221469,"path_taken":["M","$","M","?","M","E","M","E","T","?","R","E","R","$","R","BOSS"],"items_purchased_type":[],"build_version":"2020-12-13","purchased_purges":1,"victory":false,"max_hp_per_floor":[80,80,80,80,80,80,80,80,80,80,80,80,80,80,80,80,80],"card_choices":[{"not_picked":["Clash","ReplayTheSpireMod:Strike From Hell"],"picked":"Thunderclap","floor":1.0},{"not_picked":["ReplayTheSpireMod:LeadingStrike","Heavy Blade","Run Through"],"picked":"SKIP","floor":3.0},{"not_picked":["Fire Breathing","Armaments"],"picked":"Iron Wave","floor":5.0},{"not_picked":["Barricade","Rampage"],"picked":"Pummel","floor":6.0},{"not_picked":["Clash","Reckless Charge","ReplayTheSpireMod:Stacked"],"picked":"SKIP","floor":7.0},{"not_picked":["Clash","Reckless Charge"],"picked":"ReplayTheSpireMod:Stacked","floor":7.0},{"not_picked":["ReplayTheSpireMod:Strike From Hell","Wild Strike"],"picked":"Offering","floor":8.0},{"not_picked":["Bloodletting","Iron Wave","Burning Pact"],"picked":"SKIP","floor":12.0}],"player_experience":948572,"relics_obtained":[{"floor":6.0,"key":"Akabeko"},{"floor":8.0,"key":"ReplayTheSpireMod:Spearhead"},{"floor":9.0,"key":"Ancient Tea Set"},{"floor":12.0,"key":"Counterbalance"}],"event_choices":[],"is_beta":false,"boss_relics":[],"items_purged_floors":[2],"is_endless":false,"potions_floor_spawned":[5,6,7],"killed_by":"The Guardian","ascension_level":1}}