{"host":"7krnriczr1b2ou5r","time":1608177049,"event":{"mods":["BaseMod","Keyboard Shortcuts","Minty Spire (QoL Compilation)","Relic Stats","StSLib","The Dragon Tamer","The Poker Player"],"gold_per_floor":[110,130,145,36,46,72,72,100,126,29,57,57,68,83,83,179,179,190,90,90,90,90,117,117,148,195,225,244,51,81,92,92,197,197,212,264,280,294,294,294,313,339,393,410,410,439,140,140,140,140,140,140,8,39,39],"floor_reached":56,"playtime":3069,"items_purged":["DTMod:Strike","DTMod:TargetDefense","DTMod:Strike","DTMod:TargetDefense+1"],"score":1869,"play_id":"1cfe83d5-6433-4dcd-bfc8-b8241df54926","local_time":"20201217125049","is_ascension_mode":true,"metric_token":479,"campfire_choices":[{"data":"DTMod:Overwhelm","floor":12,"key":"SMITH"},{"data":"DTMod:SwitchingTactic","floor":15,"key":"SMITH"},{"data":"DTMod:CalculatedDefense","floor":24,"key":"SMITH"},{"data":"DTMod:HeatWave","floor":32,"key":"SMITH"},{"data":"DTMod:Threaten","floor":40,"key":"SMITH"},{"floor":49,"key":"RECALL"},{"floor":52,"key":"REST"}],"dtmod_dragon_data":[50,50,2,3,4,2],"circlet_count":0,"master_deck":["DTMod:DoubleHit+1","DTMod:TargetDefense+1","DTMod:TargetDefense+1","DTMod:SwitchingTactic+1","Sadistic Nature+1","DTMod:Coolant+1","DTMod:Weaken+1","DTMod:Punisher+1","DTMod:CalculatedDefense+1","DTMod:Overwhelm+1","DTMod:HeatWave+1","DTMod:Safeguard+1","DTMod:Cover+1","DTMod:Weaken+1","DTMod:Multitask+1","DTMod:TagTeam+1","DTMod:CalculatedDefense+1","DTMod:Cover+1","DTMod:CrossStep+1","DTMod:Threaten+1","Master of Strategy+1","Secret Technique+1","DTMod:HeatWave+1","DTMod:Weaken+1","DTMod:LowKick"],"relics":["DTMod:PactStone","Bottled Tornado","Toy Ornithopter","DTMod:BasicTextbook","Omamori","Empty Cage","Lizard Tail","Matryoshka","Gambling Chip","Boot","Oddly Smooth Stone","Calipers","Vajra","SlaversCollar","CaptainsWheel","Letter Opener","HornCleat","Mark of the Bloom","Strawberry","OrangePellets","Blood Vial"],"acts_visited":["Exordium","TheCity","TheBeyond","TheEnding"],"potions_floor_usage":[6,11,18,23,25,27,30,42,42,55,55,55],"damage_taken":[{"damage":0,"enemies":"Cultist","floor":1,"turns":3},{"damage":0,"enemies":"2 Louse","floor":2,"turns":2},{"damage":0,"enemies":"Jaw Worm","floor":3,"turns":4},{"damage":0,"enemies":"Looter","floor":5,"turns":3},{"damage":14,"enemies":"Gremlin Nob","floor":6,"turns":4},{"damage":3,"enemies":"Lagavulin","floor":8,"turns":6},{"damage":5,"enemies":"3 Sentries","floor":11,"turns":5},{"damage":12,"enemies":"Gremlin Gang","floor":13,"turns":4},{"damage":0,"enemies":"Large Slime","floor":14,"turns":3},{"damage":0,"enemies":"Hexaghost","floor":16,"turns":9},{"damage":0,"enemies":"3 Byrds","floor":18,"turns":3},{"damage":0,"enemies":"Slavers","floor":23,"turns":5},{"damage":0,"enemies":"Gremlin Leader","floor":25,"turns":6},{"damage":4,"enemies":"Slavers","floor":27,"turns":6},{"damage":0,"enemies":"Spheric Guardian","floor":28,"turns":5},{"damage":0,"enemies":"Gremlin Leader","floor":30,"turns":5},{"damage":0,"enemies":"Snake Plant","floor":31,"turns":4},{"damage":0,"enemies":"Automaton","floor":33,"turns":12},{"damage":7,"enemies":"Orb Walker","floor":35,"turns":4},{"damage":0,"enemies":"2 Orb Walkers","floor":36,"turns":1},{"damage":0,"enemies":"3 Darklings","floor":37,"turns":1},{"damage":0,"enemies":"Maw","floor":38,"turns":7},{"damage":0,"enemies":"Spire Growth","floor":41,"turns":6},{"damage":9,"enemies":"Reptomancer","floor":42,"turns":8},{"damage":15,"enemies":"Transient","floor":44,"turns":5},{"damage":0,"enemies":"Nemesis","floor":46,"turns":5},{"damage":0,"enemies":"Donu and Deca","floor":50,"turns":7},{"damage":0,"enemies":"Shield and Spear","floor":54,"turns":5},{"damage":14,"enemies":"The Heart","floor":55,"turns":6}],"seed_played":"-2778534031401514412","potions_obtained":[{"floor":1,"key":"AttackPotion"},{"floor":3,"key":"Dexterity Potion"},{"floor":8,"key":"SkillPotion"},{"floor":14,"key":"DistilledChaos"},{"floor":16,"key":"Swift Potion"},{"floor":18,"key":"Explosive Potion"},{"floor":23,"key":"Weak Potion"},{"floor":28,"key":"CultistPotion"},{"floor":33,"key":"Regen Potion"},{"floor":37,"key":"ColorlessPotion"},{"floor":42,"key":"Weak Potion"},{"floor":46,"key":"FairyPotion"}],"is_trial":false,"path_per_floor":["M","M","M","$","M","E","$","E","T","$","E","R","M","M","R","B",null,"M","$","?","$","?","E","R","E","T","E","M","$","E","M","R","B",null,"M","?","M","M","?","R","M","E","T","M","?","E","$","?","R","B",null,"R","$","E","B",null],"character_chosen":"THE_DT","items_purchased":["DTMod:CalculatedDefense","DTMod:Overwhelm","DTMod:HeatWave","DTMod:CrossStep","OrangePellets","DTMod:LowKick","Swift Potion"],"campfire_rested":1,"item_purchase_floors":[4,10,10,29,47,53,53],"current_hp_per_floor":[33,33,33,33,33,19,19,16,16,16,16,16,4,4,4,4,45,45,45,45,45,45,45,45,45,45,45,45,45,45,45,45,45,45,38,38,38,38,33,33,33,45,45,30,30,30,30,30,30,30,30,30,30,30,16],"gold":39,"neow_bonus":"RANDOM_COLORLESS_2","is_daily":false,"chose_seed":false,"campfire_upgraded":5,"win_rate":0.0,"timestamp":1608177049,"path_taken":["M","M","M","$","M","E","$","E","T","$","E","R","M","M","R","BOSS","M","?","?","?","?","E","R","E","T","E","?","$","E","M","R","BOSS","M","?","M","M","?","R","M","E","T","?","?","E","?","?","R","BOSS","R","$","E","BOSS"],"items_purchased_type":["Card","Card","Card","Card","Relic","Card","Potion"],"build_version":"2020-12-13","purchased_purges":4,"victory":true,"max_hp_per_floor":[45,45,45,45,45,45,45,45,45,45,45,45,45,45,45,45,45,45,45,45,45,45,45,45,45,45,45,45,45,45,45,45,45,45,45,45,45,45,45,45,45,45,45,45,45,52,52,49,49,49,49,49,49,49,49],"relic_stats":{"Blood Vial":0,"OrangePellets":[0],"Lizard Tail":0,"Mark of the Bloom":87,"counters":[29,144],"Gambling Chip":[18],"Letter Opener":[194],"Boot":[12],"obtain_stats":[{"Mark of the Bloom":45,"Calipers":27,"Oddly Smooth Stone":26,"Vajra":30,"Omamori":11,"Letter Opener":42,"Bottled Tornado":6,"Empty Cage":17,"Boot":26,"Blood Vial":54,"SlaversCollar":34,"OrangePellets":47,"Lizard Tail":20,"CaptainsWheel":36,"Matryoshka":23,"HornCleat":43,"DTMod:PactStone":0,"Gambling Chip":25,"Strawberry":46,"DTMod:BasicTextbook":9,"Toy Ornithopter":8},{"Mark of the Bloom":25,"Calipers":14,"Oddly Smooth Stone":13,"Vajra":16,"Omamori":7,"Letter Opener":24,"Bottled Tornado":5,"Empty Cage":10,"Boot":13,"Blood Vial":28,"SlaversCollar":18,"OrangePellets":26,"Lizard Tail":11,"CaptainsWheel":20,"Matryoshka":12,"HornCleat":24,"DTMod:PactStone":0,"Gambling Chip":13,"Strawberry":26,"DTMod:BasicTextbook":6,"Toy Ornithopter":6},{"Mark of the Bloom":121,"Calipers":63,"Oddly Smooth Stone":57,"Vajra":73,"Omamori":27,"Letter Opener":116,"Bottled Tornado":16,"Empty Cage":43,"Boot":57,"Blood Vial":138,"SlaversCollar":89,"OrangePellets":126,"Lizard Tail":46,"CaptainsWheel":94,"Matryoshka":51,"HornCleat":116,"DTMod:PactStone":0,"Gambling Chip":57,"Strawberry":126,"DTMod:BasicTextbook":22,"Toy Ornithopter":22}],"Toy Ornithopter":19},"card_choices":[{"not_picked":["Panache","Secret Technique"],"picked":"Sadistic Nature","floor":0},{"not_picked":["DTMod:BreakAttack","DTMod:QuickFly"],"picked":"DTMod:Coolant","floor":1},{"not_picked":["DTMod:Cover","DTMod:LastStand"],"picked":"DTMod:Weaken","floor":2},{"not_picked":["DTMod:GhostSkin","DTMod:RepeatStrike"],"picked":"DTMod:Punisher","floor":3},{"not_picked":["DTMod:BizarreTactic","DTMod:QuickFly","DTMod:MasterPlan"],"picked":"SKIP","floor":5},{"not_picked":["DTMod:GhostSkin","DTMod:Conduct","DTMod:Weaken"],"picked":"SKIP","floor":6},{"not_picked":["DTMod:BreakAttack","DTMod:Hide","DTMod:DragonDance"],"picked":"SKIP","floor":8},{"not_picked":["DTMod:Hide","DTMod:BlueScale"],"picked":"DTMod:Safeguard","floor":11},{"not_picked":["DTMod:Punisher","DTMod:MaximumCharge"],"picked":"DTMod:Cover","floor":13},{"not_picked":["DTMod:Punisher","DTMod:StarRain"],"picked":"DTMod:Weaken","floor":14},{"not_picked":["DTMod:TriAttack","DTMod:RepeatStrike"],"picked":"DTMod:Multitask","floor":16},{"not_picked":["DTMod:StarRain+1","DTMod:InvisibleFlame+1"],"picked":"DTMod:TagTeam","floor":18},{"not_picked":["DTMod:BalancedStrike","DTMod:Conduct+1","DTMod:FlameSlash"],"picked":"SKIP","floor":23},{"not_picked":["DTMod:Observe+1","DTMod:BlazingStrike","DTMod:MasterPlan"],"picked":"SKIP","floor":25},{"not_picked":["DTMod:InvisibleFlame","DTMod:Training","DTMod:GearUp"],"picked":"SKIP","floor":27},{"not_picked":["DTMod:MagicField","DTMod:QuickFly+1"],"picked":"DTMod:Cover+1","floor":28},{"not_picked":["DTMod:Adaptation","DTMod:Hide","DTMod:Feint"],"picked":"SKIP","floor":30},{"not_picked":["DTMod:Training+1","DTMod:BlazingStrike+1","DTMod:ForkedFire"],"picked":"SKIP","floor":31},{"not_picked":["DTMod:BlazingStrike","DTMod:Punisher","DTMod:HeatWave"],"picked":"SKIP","floor":35},{"not_picked":["DTMod:Astonish","DTMod:Weaken+1"],"picked":"DTMod:Threaten","floor":37},{"not_picked":["DTMod:BreakAttack+1","DTMod:SealedStrike","DTMod:ComboAttack+1"],"picked":"SKIP","floor":38},{"not_picked":["Mind Blast","Chrysalis"],"picked":"Master of Strategy","floor":39},{"not_picked":["Dramatic Entrance","Mayhem"],"picked":"Secret Technique","floor":39},{"not_picked":["DTMod:MasterPlan+1","DTMod:QuickFly","DTMod:BizarreTactic+1"],"picked":"SKIP","floor":41},{"not_picked":["DTMod:ResonanceForm","DTMod:BreakAttack"],"picked":"DTMod:HeatWave+1","floor":42},{"not_picked":["DTMod:Training","DTMod:BuildUp+1"],"picked":"DTMod:Weaken+1","floor":44},{"not_picked":["DTMod:Weaken","DTMod:GhostSkin+1","DTMod:BurningForce+1"],"picked":"SKIP","floor":46},{"not_picked":["DTMod:Threaten","DTMod:ShieldDrain","DTMod:MasterPlan+1"],"picked":"SKIP","floor":54}],"player_experience":1104854,"relics_obtained":[{"floor":6,"key":"Bottled Tornado"},{"floor":8,"key":"Toy Ornithopter"},{"floor":9,"key":"DTMod:BasicTextbook"},{"floor":11,"key":"Omamori"},{"floor":23,"key":"Matryoshka"},{"floor":25,"key":"Gambling Chip"},{"floor":26,"key":"Boot"},{"floor":26,"key":"Oddly Smooth Stone"},{"floor":27,"key":"Calipers"},{"floor":30,"key":"Vajra"},{"floor":36,"key":"CaptainsWheel"},{"floor":42,"key":"Letter Opener"},{"floor":43,"key":"HornCleat"},{"floor":46,"key":"Strawberry"},{"floor":54,"key":"Blood Vial"}],"event_choices":[{"damage_healed":0,"gold_gain":0,"player_choice":"Opened","damage_taken":0,"relics_obtained":["Lizard Tail"],"max_hp_gain":0,"max_hp_loss":0,"event_name":"The Mausoleum","floor":20,"gold_loss":0,"cards_obtained":["Writhe"]},{"damage_healed":0,"gold_gain":0,"player_choice":"Copied","damage_taken":0,"max_hp_gain":0,"max_hp_loss":0,"event_name":"Duplicator","floor":22,"gold_loss":0,"cards_obtained":["DTMod:CalculatedDefense"]},{"damage_healed":0,"gold_gain":0,"player_choice":"Fight","damage_taken":0,"max_hp_gain":0,"max_hp_loss":0,"event_name":"Mysterious Sphere","floor":36,"gold_loss":0},{"damage_healed":0,"gold_gain":0,"player_choice":"Memory 2","damage_taken":5,"max_hp_gain":0,"max_hp_loss":0,"event_name":"SensoryStone","floor":39,"gold_loss":0},{"damage_healed":0,"gold_gain":0,"player_choice":"Upgrade","damage_taken":0,"relics_obtained":["Mark of the Bloom"],"max_hp_gain":0,"max_hp_loss":0,"event_name":"MindBloom","floor":45,"gold_loss":0,"cards_upgraded":["DTMod:DoubleHit","DTMod:TargetDefense","DTMod:TargetDefense","DTMod:TargetDefense","Sadistic Nature","DTMod:Coolant","DTMod:Weaken","DTMod:Punisher","DTMod:Safeguard","DTMod:Cover","DTMod:Weaken","DTMod:Multitask","DTMod:TagTeam","DTMod:CalculatedDefense","DTMod:CrossStep","Master of Strategy","Secret Technique"]},{"damage_healed":0,"gold_gain":0,"player_choice":"Max HP","damage_taken":0,"max_hp_gain":0,"max_hp_loss":3,"event_name":"Winding Halls","floor":48,"gold_loss":0}],"is_beta":false,"boss_relics":[{"not_picked":["Busted Crown","DTMod:MagicStone"],"picked":"Empty Cage"},{"not_picked":["Runic Dome","Fusion Hammer"],"picked":"SlaversCollar"}],"items_purged_floors":[4,19,29,47],"is_endless":false,"potions_floor_spawned":[1,3,8,14,16,18,23,28,33,37,42,46],"ascension_level":4}}