{"host":"bux1pdxjwq4dkad9","time":1608184651,"event":{"mods":["BaseMod","Colored Map","Minty Spire (QoL Compilation)","Quick Restart","Robot Space Explorer","StSLib","SuperFastMode","°æ“≈ŒÔMod°øºÚµ•”Œœ∑"],"gold_per_floor":[362,378,390,390,390,419,419,433,433,433,358,401,415,425,425,502,502,519,529,547,547,557,582,591,591,614,639,405,438,438,479,479,560,560,583,633,642,642,660,693,693,727,788,800,749,774,774,774,774,774,774,774,694,720,720],"floor_reached":56,"playtime":1111,"items_purged":["RobotSpaceExplorer:Strike","RobotSpaceExplorer:Strike","RobotSpaceExplorer:Defend"],"score":3119,"play_id":"e464ae78-acad-46f4-9a50-d7d07ebf9434","local_time":"20201217135731","is_ascension_mode":true,"campfire_choices":[{"data":"RobotSpaceExplorer:MiniLasers","floor":7,"key":"SMITH"},{"floor":10,"key":"RECALL"},{"data":"RobotSpaceExplorer:MiniDrones","floor":15,"key":"SMITH"},{"data":"RobotSpaceExplorer:GlueShot","floor":25,"key":"SMITH"},{"data":"RobotSpaceExplorer:ExhaustFan","floor":30,"key":"SMITH"},{"data":"RobotSpaceExplorer:Scan","floor":32,"key":"SMITH"},{"data":"RobotSpaceExplorer:Strike","floor":41,"key":"PURGE"},{"data":"RobotSpaceExplorer:Strike","floor":44,"key":"PURGE"},{"data":"RobotSpaceExplorer:Multitool","floor":47,"key":"SMITH"},{"data":"RobotSpaceExplorer:Defend","floor":49,"key":"SMITH"},{"data":"RobotSpaceExplorer:Defend","floor":52,"key":"SMITH"}],"circlet_count":0,"master_deck":["AscendersBane","RobotSpaceExplorer:Defend+1","RobotSpaceExplorer:Defend+1","RobotSpaceExplorer:Defend+1","RobotSpaceExplorer:Scan+1","RobotSpaceExplorer:MiniLasers+1","RobotSpaceExplorer:MiniDrones+1","RobotSpaceExplorer:GlueShot+1","RobotSpaceExplorer:ExhaustFan+1","RobotSpaceExplorer:MiniBoosters+1","RobotSpaceExplorer:Multitool+1","RobotSpaceExplorer:PowerCollector+1","Madness+1"],"relics":["RobotSpaceExplorer:RoboCore","ImprovedEquipment","RobotSpaceExplorer:FoglandsKnife","CeramicFish","Pocketwatch","RobotSpaceExplorer:PlasmaHourglass","Boot","Coffee Dripper","Matryoshka","Toy Ornithopter","InkBottle","Membership Card","Orichalcum","Bottled Tornado","Black Star","Peace Pipe","Gremlin Horn","Pantograph","MawBank","Happy Flower","Anchor","War Paint","Letter Opener","Dream Catcher","RobotSpaceExplorer:ClockworkSextant","Bag of Preparation","White Beast Statue"],"acts_visited":["Exordium","TheCity","TheBeyond","TheEnding"],"potions_floor_usage":[55,55],"damage_taken":[{"damage":0.0,"enemies":"Cultist","floor":1.0,"turns":3.0},{"damage":0.0,"enemies":"Jaw Worm","floor":2.0,"turns":2.0},{"damage":0.0,"enemies":"2 Louse","floor":3.0,"turns":2.0},{"damage":0,"enemies":"3 Sentries","floor":6,"turns":7},{"damage":0,"enemies":"Red Slaver","floor":8,"turns":2},{"damage":0,"enemies":"Lagavulin","floor":12,"turns":4},{"damage":0,"enemies":"Blue Slaver","floor":13,"turns":1},{"damage":0,"enemies":"Looter","floor":14,"turns":2},{"damage":0,"enemies":"Hexaghost","floor":16,"turns":2},{"damage":0,"enemies":"2 Thieves","floor":18,"turns":1},{"damage":0,"enemies":"Spheric Guardian","floor":19,"turns":1},{"damage":0,"enemies":"3 Cultists","floor":20,"turns":2},{"damage":0,"enemies":"Snecko","floor":22,"turns":1},{"damage":0,"enemies":"Slavers","floor":23,"turns":1},{"damage":0,"enemies":"Gremlin Leader","floor":27,"turns":1},{"damage":0,"enemies":"Slavers","floor":29,"turns":1},{"damage":0,"enemies":"Gremlin Leader","floor":31,"turns":1},{"damage":0,"enemies":"Champ","floor":33,"turns":1},{"damage":0,"enemies":"3 Darklings","floor":35,"turns":1},{"damage":0,"enemies":"2 Orb Walkers","floor":36,"turns":2},{"damage":0,"enemies":"3 Shapes","floor":39,"turns":2},{"damage":0,"enemies":"Giant Head","floor":40,"turns":1},{"damage":0,"enemies":"Reptomancer","floor":42,"turns":1},{"damage":0,"enemies":"Nemesis","floor":46,"turns":1},{"damage":0,"enemies":"Time Eater","floor":50,"turns":3},{"damage":0,"enemies":"Shield and Spear","floor":54,"turns":1},{"damage":0,"enemies":"The Heart","floor":55,"turns":3}],"seed_played":"4778163053043905592","potions_obtained":[{"floor":1.0,"key":"CultistPotion"},{"floor":13,"key":"AttackPotion"},{"floor":22,"key":"FearPotion"}],"is_trial":false,"path_per_floor":["M","M","M","?","?","E","R","M","T","R","$","E","M","M","R","B",null,"M","M","M","?","M","E","?","R","T","E","$","E","R","E","R","B",null,"M","?","?","?","M","E","R","E","T","R","$","E","R","?","R","B",null,"R","$","E","B",null],"character_chosen":"RobotSpaceExplorer","items_purchased":["Membership Card","RobotSpaceExplorer:ExhaustFan","RobotSpaceExplorer:ClockworkSextant"],"campfire_rested":0,"item_purchase_floors":[28,28,53],"current_hp_per_floor":[64,64,64,59,59,59,59,59,59,59,59,59,59,59,59,59,63,63,63,63,63,63,63,63,63,63,63,63,63,63,63,63,63,64,64,64,54,54,54,54,54,54,54,54,54,54,54,54,54,64,64,64,64,64,64],"gold":720,"neow_bonus":"TWO_FIFTY_GOLD","is_daily":false,"chose_seed":false,"campfire_upgraded":8,"win_rate":0.0,"timestamp":1608184651,"path_taken":["M","?","M","?","?","E","R","?","T","R","$","E","M","M","R","BOSS","M","M","M","?","M","E","?","R","T","E","$","E","R","E","R","BOSS","M","?","?","?","M","E","R","E","T","R","$","E","R","?","R","BOSS","R","$","E","BOSS"],"items_purchased_type":["Relic","Card","Relic"],"build_version":"2020-12-13","purchased_purges":3,"victory":true,"max_hp_per_floor":[64,64,64,64,64,64,64,64,64,64,64,64,64,64,64,64,64,64,64,64,64,64,64,64,64,64,64,64,64,64,64,64,64,64,64,64,64,64,64,64,64,64,64,64,64,64,64,64,64,64,64,64,64,64,64],"card_choices":[{"not_picked":["RobotSpaceExplorer:StarLightning","RobotSpaceExplorer:Ammunition","RobotSpaceExplorer:SlimeMissile"],"picked":"SKIP","floor":1.0},{"not_picked":["RobotSpaceExplorer:DoubleFind","RobotSpaceExplorer:MetalStrike","RobotSpaceExplorer:Counterblock"],"picked":"SKIP","floor":2.0},{"not_picked":["RobotSpaceExplorer:Electropulse","RobotSpaceExplorer:ScrapMissile","RobotSpaceExplorer:ShockKick"],"picked":"SKIP","floor":3.0},{"not_picked":["RobotSpaceExplorer:FrostMissile","RobotSpaceExplorer:ShockKick","RobotSpaceExplorer:Ammunition"],"picked":"SKIP","floor":6},{"not_picked":["RobotSpaceExplorer:ShockKick","RobotSpaceExplorer:ScrapMissile","RobotSpaceExplorer:Jetpack"],"picked":"SKIP","floor":8},{"not_picked":["RobotSpaceExplorer:MetalStrike","RobotSpaceExplorer:Electroshield"],"picked":"RobotSpaceExplorer:MiniDrones","floor":12},{"not_picked":["RobotSpaceExplorer:ImprovisedAttack","RobotSpaceExplorer:BigMissile","RobotSpaceExplorer:Scanner"],"picked":"SKIP","floor":13},{"not_picked":["RobotSpaceExplorer:GlueSpray","RobotSpaceExplorer:SlimeMissile","RobotSpaceExplorer:DoubleFind"],"picked":"SKIP","floor":14},{"not_picked":["RobotSpaceExplorer:DoubleFind","RobotSpaceExplorer:Smokescreen+1","RobotSpaceExplorer:StarDust"],"picked":"SKIP","floor":18},{"not_picked":["RobotSpaceExplorer:Calculate","RobotSpaceExplorer:GlueShot","RobotSpaceExplorer:SurgingStrike+1"],"picked":"SKIP","floor":19},{"not_picked":["RobotSpaceExplorer:Probe","RobotSpaceExplorer:DoubleBlock","RobotSpaceExplorer:ScrapShield"],"picked":"SKIP","floor":20},{"not_picked":["RobotSpaceExplorer:ScrapMissile","RobotSpaceExplorer:Comet","RobotSpaceExplorer:SurgingStrike"],"picked":"SKIP","floor":22},{"not_picked":["RobotSpaceExplorer:SurgingStrike+1","RobotSpaceExplorer:DoubleBlock","RobotSpaceExplorer:GearShield"],"picked":"SKIP","floor":23},{"not_picked":["RobotSpaceExplorer:GlueShot","RobotSpaceExplorer:FranticSearch","RobotSpaceExplorer:MiniDrones"],"picked":"SKIP","floor":27},{"not_picked":["RobotSpaceExplorer:StarLightning","RobotSpaceExplorer:ExhaustFan","RobotSpaceExplorer:Accelerator"],"picked":"SKIP","floor":29},{"not_picked":["RobotSpaceExplorer:Fix","RobotSpaceExplorer:SlimeMissile+1"],"picked":"RobotSpaceExplorer:MiniBoosters+1","floor":31},{"not_picked":["RobotSpaceExplorer:ChargingLaser","RobotSpaceExplorer:Accelerator"],"picked":"RobotSpaceExplorer:Multitool","floor":33},{"not_picked":["RobotSpaceExplorer:TurboDodge","RobotSpaceExplorer:ExhaustFan+1"],"picked":"RobotSpaceExplorer:PowerCollector","floor":35},{"not_picked":["PanicButton","Trip"],"picked":"Madness","floor":37},{"not_picked":["RobotSpaceExplorer:SurgingStrike","RobotSpaceExplorer:StunGrenade","RobotSpaceExplorer:DualCore"],"picked":"SKIP","floor":39},{"not_picked":["RobotSpaceExplorer:GlueShot","RobotSpaceExplorer:DualCore","RobotSpaceExplorer:TurboDodge"],"picked":"SKIP","floor":40},{"not_picked":["RobotSpaceExplorer:Electropulse","RobotSpaceExplorer:MetalStrike","RobotSpaceExplorer:SwiftStep"],"picked":"SKIP","floor":42},{"not_picked":["RobotSpaceExplorer:GlueSpray","RobotSpaceExplorer:Asteroid","RobotSpaceExplorer:FrostMissile"],"picked":"SKIP","floor":46},{"not_picked":["RobotSpaceExplorer:StunGrenade","RobotSpaceExplorer:SurgingShield","RobotSpaceExplorer:Multitool"],"picked":"SKIP","floor":54}],"player_experience":2327657,"relics_obtained":[{"floor":6,"key":"CeramicFish"},{"floor":6,"key":"Pocketwatch"},{"floor":9,"key":"RobotSpaceExplorer:PlasmaHourglass"},{"floor":12,"key":"Boot"},{"floor":23,"key":"Matryoshka"},{"floor":26,"key":"Toy Ornithopter"},{"floor":27,"key":"InkBottle"},{"floor":29,"key":"Orichalcum"},{"floor":31,"key":"Bottled Tornado"},{"floor":36,"key":"Peace Pipe"},{"floor":40,"key":"Gremlin Horn"},{"floor":40,"key":"Pantograph"},{"floor":42,"key":"MawBank"},{"floor":42,"key":"Happy Flower"},{"floor":43,"key":"Anchor"},{"floor":43,"key":"War Paint"},{"floor":46,"key":"Letter Opener"},{"floor":46,"key":"Dream Catcher"},{"floor":54,"key":"Bag of Preparation"},{"floor":54,"key":"White Beast Statue"}],"event_choices":[{"damage_healed":0.0,"max_hp_gain":0.0,"max_hp_loss":0.0,"gold_gain":0.0,"event_name":"Scrap Ooze","player_choice":"Success","floor":4.0,"gold_loss":0.0,"damage_taken":5.0,"relics_obtained":["RobotSpaceExplorer:FoglandsKnife"]},{"damage_healed":0,"gold_gain":0,"player_choice":"1 cards matched","damage_taken":0,"max_hp_gain":0,"max_hp_loss":0,"event_name":"Match and Keep!","floor":5,"gold_loss":0,"cards_obtained":["RobotSpaceExplorer:LuckyFind"]},{"damage_healed":0,"gold_gain":0,"player_choice":"Ignored","damage_taken":0,"max_hp_gain":0,"max_hp_loss":0,"event_name":"The Mausoleum","floor":21,"gold_loss":0},{"damage_healed":0,"gold_gain":0,"player_choice":"Read","damage_taken":0,"max_hp_gain":0,"max_hp_loss":0,"event_name":"The Library","floor":24,"gold_loss":0,"cards_obtained":["RobotSpaceExplorer:GlueShot"]},{"damage_healed":0,"gold_gain":0,"player_choice":"Fight","damage_taken":0,"max_hp_gain":0,"max_hp_loss":0,"event_name":"Mysterious Sphere","floor":36,"gold_loss":0},{"damage_healed":0,"gold_gain":0,"player_choice":"Memory 3","damage_taken":10,"max_hp_gain":0,"max_hp_loss":0,"event_name":"SensoryStone","floor":37,"gold_loss":0},{"damage_healed":0,"gold_gain":0,"player_choice":"Ignored","damage_taken":0,"max_hp_gain":0,"max_hp_loss":0,"event_name":"Tomb of Lord Red Mask","floor":38,"gold_loss":0},{"damage_healed":0,"gold_gain":0,"player_choice":"Upgraded","damage_taken":0,"max_hp_gain":0,"max_hp_loss":0,"event_name":"Upgrade Shrine","floor":48,"gold_loss":0,"cards_upgraded":["RobotSpaceExplorer:PowerCollector"]}],"is_beta":false,"boss_relics":[{"not_picked":["Velvet Choker","Busted Crown"],"picked":"Coffee Dripper"},{"not_picked":["Astrolabe","RobotSpaceExplorer:TurboCore"],"picked":"Black Star"}],"items_purged_floors":[11,28,45],"is_endless":false,"potions_floor_spawned":[1,13,16,18,22,23,29,39,40,46],"ascension_level":16}}