{"host":"aunmuzt9j70r7vun","time":1608163943,"event":{"mods":["BaseMod","Better Altar","Better Third Choice","BetterRewards","Clockwork Mod","Curses Come First","Downfall","Infinite Spire","LagranYue(???·?)","Mad Scientist","Marisa????????","Minty Spire (QoL Compilation)","Rare Cards Sparkle","Relic Sorter","Say the Spire","Shop Mod","Spicy Shops","StSLib","The Cursed","The Disciple","The Edgeheg","The Mystic","The Servant 0.9.4"],"gold_per_floor":[119,119,119,119,4,4,4,38,50,81,112,142,154,179,191,327,339,374,402,17,17,17,17,41,41,67,67,105,105,128,171,171,171,171],"floor_reached":33,"playtime":2017,"items_purged":["Injury"],"score":368,"play_id":"a06d65e0-cb93-47be-91ed-49bebf18e140","local_time":"20201216201223","is_ascension_mode":true,"campfire_choices":[{"data":"Seek","floor":6,"key":"SMITH"},{"floor":13,"key":"REST"},{"data":"Zap","floor":15,"key":"SMITH"},{"data":"Scrape","floor":23,"key":"SMITH"},{"floor":27,"key":"REST"},{"floor":32,"key":"REST"}],"circlet_count":0,"master_deck":["Defend_B","Defend_B","Defend_B","Defend_B","Zap+1","Dualcast","Scrape+1","Seek+1","Go for the Eyes","Doom and Gloom","Self Repair","Core Surge","Gash+1","Injury","Normality","infinitespire:Gouge+1","Genetic Algorithm","Rebound","Slimebound:Tackle+1","Slimebound:Tackle+1","Slimebound:Tackle+1","Static Discharge+1","Skim"],"relics":["FrozenCore","LagranYue:RandomDrawCardRelic","Golden Idol","PreservedInsect","infinitespire:Lucky Rock","MawBank","Ginger","MerchantsRug","Juzu Bracelet","infinitespire:CursedDice","Whetstone","Calipers","HornCleat"],"acts_visited":["Exordium","TheCity"],"potions_floor_usage":[11,16,16,24,28,31],"damage_taken":[{"damage":3,"enemies":"2 Louse","floor":1,"turns":3},{"damage":25,"enemies":"Lagavulin","floor":8,"turns":7},{"damage":4,"enemies":"Jaw Worm","floor":10,"turns":2},{"damage":0,"enemies":"Small Slimes","floor":11,"turns":1},{"damage":7,"enemies":"Blue Slaver","floor":12,"turns":3},{"damage":3,"enemies":"Looter","floor":14,"turns":3},{"damage":42,"enemies":"The Guardian","floor":16,"turns":9},{"damage":11,"enemies":"3 Byrds","floor":18,"turns":4},{"damage":24,"enemies":"2 Thieves","floor":19,"turns":5},{"damage":30,"enemies":"Snake Plant","floor":24,"turns":4},{"damage":7,"enemies":"Gremlin Leader","floor":28,"turns":6},{"damage":30,"enemies":"Cultist and Chosen","floor":30,"turns":5},{"damage":23,"enemies":"Book of Stabbing","floor":31,"turns":3},{"damage":16,"enemies":"Collector","floor":33,"turns":5}],"seed_played":"859257062943414669","potions_obtained":[{"floor":1,"key":"LiquidMemories"},{"floor":11,"key":"LiquidBronze"},{"floor":12,"key":"Fire Potion"},{"floor":19,"key":"PowerPotion"},{"floor":24,"key":"ColorlessPotion"}],"is_trial":false,"path_per_floor":["M","?","?","?","$","R","?","E","T","M","M","M","R","M","R","B",null,"M","M","$","?","?","R","M","?","T","R","E","?","M","E","R","B"],"character_chosen":"DEFECT","items_purchased":["Doom and Gloom","MerchantsRug","Gash","Juzu Bracelet","FearPotion"],"campfire_rested":3,"item_purchase_floors":[5,20,20,20,20],"current_hp_per_floor":[65,65,65,62,62,62,56,31,31,27,27,20,42,46,46,11,59,55,31,31,56,56,56,26,26,26,48,48,48,25,9,31,15,15],"gold":171,"neow_bonus":"TRANSFORM_TWO_CARDS","is_daily":false,"chose_seed":false,"campfire_upgraded":3,"win_rate":0.0,"timestamp":1608163943,"path_taken":["M","?","?","?","$","R","?","E","T","M","M","M","R","M","R","BOSS","M","M","$","?","?","R","M","?","T","R","E","?","M","E","R","BOSS"],"items_purchased_type":["Card","Relic","Card","Relic","Potion"],"build_version":"2020-12-13","purchased_purges":1,"victory":false,"max_hp_per_floor":[75,75,75,75,75,75,75,75,75,75,75,75,75,75,75,75,75,75,75,75,75,75,75,75,75,75,75,75,75,75,75,75,75,75],"card_choices":[{"not_picked":["Leap","Defragment"],"picked":"Go for the Eyes","floor":1},{"not_picked":["Stack","Reprogram","Fusion"],"picked":"SKIP","floor":8},{"not_picked":["Skim","Redo","Barrage"],"picked":"SKIP","floor":10},{"not_picked":["Turbo","Defragment","Stack"],"picked":"SKIP","floor":11},{"not_picked":["Coolheaded","Compile Driver"],"picked":"Self Repair","floor":12},{"not_picked":["Sunder","Hologram"],"picked":"Go for the Eyes","floor":14},{"not_picked":["Biased Cognition","Rainbow"],"picked":"Core Surge","floor":16},{"not_picked":["Leap+1","Hologram","Steam"],"picked":"SKIP","floor":18},{"not_picked":["Ball Lightning","Sweeping Beam","Leap"],"picked":"SKIP","floor":19},{"not_picked":["infinitespire:FinalStrike","infinitespire:UltimateForm"],"picked":"infinitespire:Gouge","floor":22},{"not_picked":["Reprogram","Stack+1"],"picked":"Genetic Algorithm","floor":24},{"not_picked":["Compile Driver","Defragment"],"picked":"Rebound","floor":28},{"not_picked":["Leap","Tempest"],"picked":"Static Discharge+1","floor":30},{"not_picked":["Sunder","Consume"],"picked":"Skim","floor":31}],"player_experience":736672,"relics_obtained":[{"floor":8,"key":"MawBank"},{"floor":9,"key":"Ginger"},{"floor":26,"key":"Whetstone"},{"floor":28,"key":"Calipers"},{"floor":31,"key":"HornCleat"}],"event_choices":[{"damage_healed":0,"gold_gain":0,"player_choice":"Take Wound","damage_taken":0,"relics_obtained":["Golden Idol"],"max_hp_gain":0,"max_hp_loss":0,"event_name":"Golden Idol","floor":2,"gold_loss":0,"cards_obtained":["Injury"]},{"cards_removed":["Doubt"],"damage_healed":0,"gold_gain":0,"player_choice":"Forget","damage_taken":0,"max_hp_gain":0,"max_hp_loss":0,"event_name":"Living Wall","floor":3,"gold_loss":0},{"damage_healed":0,"gold_gain":0,"player_choice":"Relic ","damage_taken":3,"max_hp_gain":0,"max_hp_loss":0,"event_name":"betterThird:BetterScrap","floor":4,"gold_loss":0,"cards_obtained":["Concentrate"]},{"damage_healed":25,"gold_gain":0,"player_choice":"Heal","damage_taken":0,"max_hp_gain":0,"max_hp_loss":0,"event_name":"The Library","floor":21,"gold_loss":0},{"cards_removed":["Go for the Eyes"],"damage_healed":0,"gold_gain":0,"player_choice":"Gave Card","damage_taken":0,"relics_obtained":["infinitespire:CursedDice"],"max_hp_gain":0,"max_hp_loss":0,"event_name":"WeMeetAgain","floor":25,"gold_loss":0}],"is_beta":false,"boss_relics":[{"not_picked":["Fusion Hammer","Ectoplasm"],"picked":"FrozenCore"}],"items_purged_floors":[5],"is_endless":false,"potions_floor_spawned":[1,11,12,19,24],"killed_by":"Collector","ascension_level":6}}