{"host":"90jl2h70xtuoeg0i","time":1608241851,"event":{"mods":["AchievementEnabler","BaseMod","Colored Map","Colored Powertips","Minty Spire (QoL Compilation)","Relic Stats","ojb\u0027s Better Paths Mod","ojb\u0027s Info Mod"],"gold_per_floor":[117,127,127,141,189,218,218,245,270,298,316,241,269,284,284,357,357,367,382,69,83,83,83,118,118,168,188,188,241,266,56,56,133,133,147,147,147,147,47,72,104,0,12,24,8,8,8,8],"floor_reached":47,"playtime":6771,"items_purged":["Strike_G","Strike_G"],"score":1184,"play_id":"ad694a56-1a0a-4c52-9160-3d5a30c0e947","local_time":"20201217165051","is_ascension_mode":true,"campfire_choices":[{"data":"Skewer","floor":7.0,"key":"SMITH"},{"data":"Terror","floor":15.0,"key":"SMITH"},{"floor":23.0,"key":"REST"},{"data":"1","floor":25.0,"key":"LIFT"},{"data":"2","floor":28.0,"key":"LIFT"},{"data":"3","floor":32.0,"key":"LIFT"},{"data":"Footwork","floor":44.0,"key":"SMITH"},{"floor":46.0,"key":"RECALL"}],"circlet_count":0,"master_deck":["AscendersBane","Strike_G+1","Strike_G","Defend_G","Defend_G","Defend_G","Defend_G","Defend_G","Survivor","Neutralize","Underhanded Strike","Terror+1","Dash+1","Skewer+1","Malaise","Eviscerate","Footwork+1","Acrobatics","Glass Knife","Well Laid Plans","Calculated Gamble","Necronomicurse","Expertise","Backflip","Concentrate+1","Skewer","Riddle With Holes","Trip","Blind","Bandage Up","Acrobatics"],"relics":["Sozu","Matryoshka","Meat on the Bone","Happy Flower","Torii","Anchor","Nunchaku","Whetstone","Art of War","Singing Bowl","HoveringKite","MealTicket","Necronomicon","Girya","Akabeko","Dream Catcher","Orichalcum","Runic Dome","MawBank","Red Mask","Blood Vial"],"acts_visited":["Exordium","TheCity","TheBeyond"],"potions_floor_usage":[],"damage_taken":[{"damage":1.0,"enemies":"2 Louse","floor":1.0,"turns":4.0},{"damage":4.0,"enemies":"Jaw Worm","floor":2.0,"turns":4.0},{"damage":0.0,"enemies":"Small Slimes","floor":4.0,"turns":2.0},{"damage":30.0,"enemies":"3 Sentries","floor":6.0,"turns":12.0},{"damage":19.0,"enemies":"Gremlin Nob","floor":8.0,"turns":4.0},{"damage":1.0,"enemies":"3 Sentries","floor":10.0,"turns":6.0},{"damage":1.0,"enemies":"Looter","floor":11.0,"turns":2.0},{"damage":0.0,"enemies":"Lagavulin","floor":13.0,"turns":7.0},{"damage":2.0,"enemies":"Red Slaver","floor":14.0,"turns":4.0},{"damage":0.0,"enemies":"The Guardian","floor":16.0,"turns":8.0},{"damage":30.0,"enemies":"2 Thieves","floor":18.0,"turns":4.0},{"damage":13.0,"enemies":"3 Byrds","floor":19.0,"turns":9.0},{"damage":16.0,"enemies":"Snecko","floor":21.0,"turns":5.0},{"damage":9.0,"enemies":"Book of Stabbing","floor":24.0,"turns":8.0},{"damage":0.0,"enemies":"Shelled Parasite and Fungi","floor":27.0,"turns":2.0},{"damage":11.0,"enemies":"Gremlin Leader","floor":30.0,"turns":4.0},{"damage":8.0,"enemies":"Champ","floor":33.0,"turns":4.0},{"damage":20.0,"enemies":"3 Darklings","floor":35.0,"turns":7.0},{"damage":1.0,"enemies":"Giant Head","floor":40.0,"turns":4.0},{"damage":27.0,"enemies":"3 Shapes","floor":41.0,"turns":3.0},{"damage":79,"enemies":"Reptomancer","floor":47,"turns":3}],"seed_played":"-6422070722302911688","potions_obtained":[],"is_trial":false,"path_per_floor":["M","M","?","M","T","E","R","E","T","E","M","?","E","M","R","B",null,"M","M","$","M","?","R","E","R","T","M","R","T","E","$","R","B",null,"M","?","?","?","$","E","M","?","T","R","$","R","E"],"character_chosen":"THE_SILENT","items_purchased":["MealTicket","Calculated Gamble","Orichalcum","Skewer","Acrobatics"],"campfire_rested":1,"item_purchase_floors":[20,20,31,31,45],"current_hp_per_floor":[58,54,49,49,49,31,31,24,24,35,34,34,36,46,46,46,63,47,46,46,44,23,44,47,47,47,47,47,47,48,63,63,55,68,48,48,38,38,53,58,45,45,45,45,60,60,0,0],"gold":8,"neow_bonus":"BOSS_RELIC","is_daily":false,"chose_seed":false,"campfire_upgraded":3,"win_rate":0.0,"timestamp":1608241851,"path_taken":["M","M","?","M","?","E","R","E","T","E","M","?","E","M","R","BOSS","M","M","$","M","?","R","E","R","T","M","R","?","E","?","R","BOSS","M","?","?","?","$","E","?","?","T","R","?","R","E"],"items_purchased_type":["Relic","Card","Relic","Card","Card"],"build_version":"2020-12-13","purchased_purges":2,"victory":false,"max_hp_per_floor":[66,66,66,66,66,66,66,66,66,66,66,66,68,68,68,68,68,70,70,70,72,72,72,72,72,72,72,72,72,72,72,72,72,72,72,72,72,72,72,74,76,76,76,76,76,76,76,76],"relic_stats":{"Happy Flower":[32],"Torii":42,"Singing Bowl":10,"counters":[21,106],"HoveringKite":[19],"Whetstone":["Strike_G","Dash"],"Orichalcum":[18],"MawBank":60,"Sozu":7,"Blood Vial":2,"Nunchaku":[14],"Dream Catcher":0,"MealTicket":45,"Art of War":[13],"Necronomicon":[25],"obtain_stats":[{"Girya":24,"Happy Flower":5,"Torii":6,"Singing Bowl":13,"HoveringKite":17,"Whetstone":9,"Orichalcum":31,"MawBank":40,"Akabeko":26,"Sozu":0,"Blood Vial":43,"Runic Dome":34,"Anchor":8,"Nunchaku":9,"Dream Catcher":30,"Matryoshka":3,"MealTicket":20,"Art of War":10,"Necronomicon":22,"Red Mask":42,"Ring of the Snake":0,"Meat on the Bone":5},{"Girya":14,"Happy Flower":3,"Torii":4,"Singing Bowl":8,"HoveringKite":10,"Whetstone":5,"Orichalcum":16,"MawBank":19,"Akabeko":14,"Sozu":0,"Blood Vial":20,"Runic Dome":17,"Anchor":5,"Nunchaku":5,"Dream Catcher":16,"Matryoshka":2,"MealTicket":12,"Art of War":6,"Necronomicon":13,"Red Mask":20,"Ring of the Snake":0,"Meat on the Bone":3},{"Girya":79,"Happy Flower":10,"Torii":22,"Singing Bowl":41,"HoveringKite":53,"Whetstone":26,"Orichalcum":85,"MawBank":100,"Akabeko":79,"Sozu":0,"Blood Vial":103,"Runic Dome":89,"Anchor":26,"Nunchaku":26,"Dream Catcher":85,"Matryoshka":8,"MealTicket":66,"Art of War":32,"Necronomicon":71,"Red Mask":103,"Ring of the Snake":0,"Meat on the Bone":10}],"Meat on the Bone":120},"card_choices":[{"not_picked":["Slice","Caltrops"],"picked":"Underhanded Strike","floor":1.0},{"not_picked":["Prepared","Bane"],"picked":"Terror","floor":2.0},{"not_picked":["Footwork","Blur"],"picked":"Dash","floor":4.0},{"not_picked":["Crippling Poison","Prepared"],"picked":"Skewer","floor":6.0},{"not_picked":["Noxious Fumes","Dagger Throw"],"picked":"Malaise","floor":8.0},{"not_picked":["Deflect","Underhanded Strike"],"picked":"Eviscerate","floor":10.0},{"not_picked":["Dodge and Roll","Dagger Throw"],"picked":"Footwork","floor":11.0},{"not_picked":["Escape Plan","Masterful Stab","Slice"],"picked":"Singing Bowl","floor":13.0},{"not_picked":["Heel Hook","Dodge and Roll"],"picked":"Acrobatics","floor":14.0},{"not_picked":["Grand Finale","After Image"],"picked":"Glass Knife","floor":16.0},{"not_picked":["Cloak And Dagger","Quick Slash","Poisoned Stab"],"picked":"Singing Bowl","floor":18.0},{"not_picked":["Crippling Poison","Noxious Fumes"],"picked":"Well Laid Plans","floor":19.0},{"not_picked":["Masterful Stab","Dash","Blade Dance"],"picked":"Singing Bowl","floor":21.0},{"not_picked":["Cloak And Dagger","Heel Hook"],"picked":"Expertise","floor":24.0},{"not_picked":["Accuracy","Infinite Blades"],"picked":"Backflip","floor":27.0},{"not_picked":["Dagger Throw","Poisoned Stab"],"picked":"Concentrate","floor":30.0},{"not_picked":["Night Terror","Tools of the Trade"],"picked":"Wraith Form v2","floor":33.0},{"not_picked":["Deflect","Outmaneuver"],"picked":"Riddle With Holes","floor":35.0},{"not_picked":["Swift Strike","Apotheosis"],"picked":"Trip","floor":37.0},{"not_picked":["Bandage Up","Mayhem"],"picked":"Blind","floor":37.0},{"not_picked":["Transmutation","Thinking Ahead"],"picked":"Bandage Up","floor":37.0},{"not_picked":["Calculated Gamble","Concentrate","Terror"],"picked":"Singing Bowl","floor":40.0},{"not_picked":["Slice","Outmaneuver+1","Quick Slash+1"],"picked":"Singing Bowl","floor":41.0}],"player_experience":1359736,"relics_obtained":[{"floor":5.0,"key":"Meat on the Bone"},{"floor":5.0,"key":"Happy Flower"},{"floor":6.0,"key":"Torii"},{"floor":8.0,"key":"Anchor"},{"floor":9.0,"key":"Nunchaku"},{"floor":9.0,"key":"Whetstone"},{"floor":10.0,"key":"Art of War"},{"floor":13.0,"key":"Singing Bowl"},{"floor":22.0,"key":"Necronomicon"},{"floor":24.0,"key":"Girya"},{"floor":26.0,"key":"Akabeko"},{"floor":30.0,"key":"Dream Catcher"},{"floor":40.0,"key":"MawBank"},{"floor":43.0,"key":"Blood Vial"}],"event_choices":[{"damage_healed":0.0,"max_hp_gain":0.0,"max_hp_loss":0.0,"gold_gain":0.0,"event_name":"Scrap Ooze","player_choice":"Success","floor":3.0,"gold_loss":0.0,"damage_taken":5.0,"relics_obtained":["Matryoshka"]},{"cards_removed":["Strike_G"],"damage_healed":0.0,"max_hp_gain":0.0,"max_hp_loss":0.0,"gold_gain":0.0,"event_name":"The Cleric","player_choice":"Card Removal","floor":12.0,"gold_loss":75.0,"damage_taken":0.0},{"damage_healed":0.0,"max_hp_gain":0.0,"max_hp_loss":0.0,"gold_gain":0.0,"event_name":"Cursed Tome","player_choice":"Obtained Book","floor":22.0,"gold_loss":0.0,"damage_taken":21.0},{"cards_removed":["Wraith Form v2"],"damage_healed":0.0,"max_hp_gain":0.0,"max_hp_loss":0.0,"gold_gain":0.0,"event_name":"Falling","player_choice":"Removed Power","floor":36.0,"gold_loss":0.0,"damage_taken":0.0},{"damage_healed":0.0,"max_hp_gain":0.0,"max_hp_loss":0.0,"gold_gain":0.0,"event_name":"SensoryStone","player_choice":"Memory 3","floor":37.0,"gold_loss":0.0,"damage_taken":10.0},{"damage_healed":0.0,"max_hp_gain":0.0,"max_hp_loss":0.0,"gold_gain":0.0,"event_name":"Upgrade Shrine","player_choice":"Upgraded","floor":38.0,"gold_loss":0.0,"damage_taken":0.0,"cards_upgraded":["Concentrate"]},{"damage_healed":0.0,"max_hp_gain":0.0,"max_hp_loss":0.0,"gold_gain":0.0,"event_name":"Tomb of Lord Red Mask","player_choice":"Paid","floor":42.0,"gold_loss":116.0,"damage_taken":0.0,"relics_obtained":["Red Mask"]}],"is_beta":false,"boss_relics":[{"not_picked":["WristBlade","Pandora\u0027s Box"],"picked":"HoveringKite"},{"not_picked":["Calling Bell","Empty Cage"],"picked":"Runic Dome"}],"items_purged_floors":[20,39],"is_endless":false,"potions_floor_spawned":[6,11,14,18,19,27,41],"killed_by":"Reptomancer","ascension_level":20}}