{"host":"no0bdlpxzp7bzzks","time":1608168915,"event":{"mods":["BaseMod","Better Match","Block Reminder","Colored Map","Curses Come First","DeckTracker","Downfall","Duelist Mod","Filter the Spire","Highlight Path","Key Reminder","Minty Spire (QoL Compilation)","Permanent Neow","Relic Sorter","Relic Stats","Replay The Spire","StSLib"],"gold_per_floor":[110,123,95,112,75,75,102,122,122,154,154,154,154,25,25,127,127,169,29,29,29,29,48,147,164,195,238,238,238],"floor_reached":28,"playtime":2241,"items_purged":["Parasite","Strike_P"],"score":285,"play_id":"1c545aa6-eb6a-410b-b434-01e0fb628208","local_time":"20201216193515","is_ascension_mode":true,"campfire_choices":[{"data":"TalkToTheHand","floor":6.0,"key":"SMITH"},{"floor":11.0,"key":"RECALL"},{"data":"PathToVictory","floor":13.0,"key":"SMITH"},{"data":"HandOfGreed","floor":15.0,"key":"SMITH"}],"circlet_count":0,"master_deck":["Strike_P","Strike_P","Strike_P","Defend_P","Defend_P","Defend_P","Defend_P","Eruption","Vigilance","Protect","PathToVictory+1","CutThroughFate","PathToVictory+1","TalkToTheHand+1","EmptyBody","EmptyBody","CutThroughFate","Weave","Worship","HandOfGreed+1","Midas Touch","Finesse","DevaForm","Replay:Anticipation","Replay:Anticipation","Replay:ManipulateFuture+1","Replay:AtTheReady+1","Replay:Vibes"],"relics":["Painkiller Herb","ReplayTheSpireMod:ShopPack","ReplayTheSpireMod:CursedCoin","Omamori","PreservedInsect","ReplayTheSpireMod:Shallot","keyreminder:keyreminder","Sozu","Kunai"],"acts_visited":["TheCity"],"potions_floor_usage":[],"damage_taken":[{"damage":7.0,"enemies":"Cultist","floor":1.0,"turns":3.0},{"damage":0.0,"enemies":"2 Louse","floor":2.0,"turns":4.0},{"damage":0.0,"enemies":"Small Slimes","floor":4.0,"turns":3.0},{"damage":20.0,"enemies":"Gremlin Nob","floor":7.0,"turns":3.0},{"damage":6.0,"enemies":"Exordium Thugs","floor":8.0,"turns":4.0},{"damage":3.0,"enemies":"Lagavulin","floor":10.0,"turns":3.0},{"damage":14.0,"enemies":"Fading Forest","floor":16.0,"turns":11.0},{"damage":0.0,"enemies":"Spheric Guardian","floor":18.0,"turns":3.0},{"damage":0,"enemies":"Chosen","floor":23,"turns":4},{"damage":25,"enemies":"Snecko","floor":25,"turns":9},{"damage":0,"enemies":"theDuelist:KaibaA2","floor":26,"turns":3},{"damage":1,"enemies":"Chosen and Byrds","floor":27,"turns":6},{"damage":48,"enemies":"Gremlin Leader","floor":28,"turns":5}],"seed_played":"611758655420276581","potions_obtained":[{"floor":1.0,"key":"Adrenaline Potion"},{"floor":10.0,"key":"BlessingOfTheForge"}],"is_trial":false,"path_per_floor":["?","?","T","?","T","T","E","?","T","E","T","?","T","T","T","B",null,"?","T","PTL","PTL","PTL","?","?","?","E","?","E"],"character_chosen":"WATCHER","items_purchased":["ReplayTheSpireMod:CursedCoin","CutThroughFate","PathToVictory","EmptyBody","ReplayTheSpireMod:ShopPack","Replay:Anticipation"],"campfire_rested":0,"item_purchase_floors":[3,3,3,5,14,19],"current_hp_per_floor":[65,65,65,65,65,65,45,39,39,36,36,36,36,36,36,22,69,69,69,69,69,69,69,69,44,44,43,0,0],"gold":238,"neow_bonus":"BOSS_RELIC","is_daily":false,"chose_seed":false,"campfire_upgraded":3,"win_rate":0.0,"timestamp":1608168915,"path_taken":["?","?","?","?","T","T","E","?","T","E","T","?","T","T","T","BOSS","?","T","PTL","PTL","PTL","?","?","?","E","?","E"],"items_purchased_type":["Relic","Card","Card","Card","Relic","Card"],"build_version":"2020-12-13","purchased_purges":2,"victory":false,"max_hp_per_floor":[72,72,69,69,69,69,69,69,69,69,69,69,69,69,69,69,69,69,69,69,69,69,69,69,69,69,69,69,69],"relic_stats":{"Sozu":2,"counters":[13,61],"PreservedInsect":98,"Kunai":[1],"obtain_stats":[{"keyreminder:keyreminder":11,"Sozu":17,"ReplayTheSpireMod:Shallot":10,"ReplayTheSpireMod:CursedCoin":3,"Painkiller Herb":0,"PreservedInsect":9,"Omamori":7,"Kunai":26,"PureWater":0,"ReplayTheSpireMod:ShopPack":14},{"keyreminder:keyreminder":6,"Sozu":7,"ReplayTheSpireMod:Shallot":6,"ReplayTheSpireMod:CursedCoin":2,"Painkiller Herb":0,"PreservedInsect":5,"Omamori":4,"Kunai":11,"PureWater":0,"ReplayTheSpireMod:ShopPack":6},{"keyreminder:keyreminder":20,"Sozu":31,"ReplayTheSpireMod:Shallot":20,"ReplayTheSpireMod:CursedCoin":7,"Painkiller Herb":0,"PreservedInsect":17,"Omamori":13,"Kunai":50,"PureWater":0,"ReplayTheSpireMod:ShopPack":20}]},"card_choices":[{"not_picked":["WaveOfTheHand","Crescendo"],"picked":"Protect","floor":1.0},{"not_picked":["EmptyBody","FearNoEvil"],"picked":"PathToVictory","floor":2.0},{"not_picked":["Consecrate","FearNoEvil"],"picked":"TalkToTheHand","floor":4.0},{"not_picked":["PathToVictory","Perseverance"],"picked":"CutThroughFate","floor":7.0},{"not_picked":["ThirdEye","JustLucky"],"picked":"Weave","floor":8.0},{"not_picked":["JustLucky","CutThroughFate"],"picked":"Worship","floor":10.0},{"not_picked":["Crow Ritual","Secret Weapon"],"picked":"HandOfGreed","floor":14.0},{"not_picked":["Bandage Up","expansioncontent:DarkVoid"],"picked":"Midas Touch","floor":14.0},{"not_picked":["Bandage Up","expansioncontent:DefensiveMode"],"picked":"Finesse","floor":14.0},{"not_picked":["Judgement","Devotion"],"picked":"DevaForm","floor":16.0},{"not_picked":["WaveOfTheHand+1","EmptyBody"],"picked":"Replay:Anticipation","floor":18.0},{"not_picked":["Replay:Battleflow","PathToVictory","MentalFortress+1"],"picked":"SKIP","floor":23},{"not_picked":["SashWhip","Replay:Vibes+1"],"picked":"Replay:ManipulateFuture+1","floor":25},{"not_picked":["Replay:Battleflow","Tantrum"],"picked":"Replay:AtTheReady+1","floor":26},{"not_picked":["JustLucky","Consecrate"],"picked":"Replay:Vibes","floor":27}],"player_experience":102598,"relics_obtained":[{"floor":7.0,"key":"Omamori"},{"floor":9.0,"key":"PreservedInsect"},{"floor":10.0,"key":"ReplayTheSpireMod:Shallot"},{"floor":26,"key":"Kunai"}],"event_choices":[{"damage_healed":0,"gold_gain":99,"player_choice":"Stole From Cult","damage_taken":0,"max_hp_gain":0,"max_hp_loss":0,"event_name":"Nest","floor":24,"gold_loss":0}],"is_beta":false,"boss_relics":[{"not_picked":["Snecko Eye","Philosopher\u0027s Stone"],"picked":"Sozu"}],"items_purged_floors":[3,19],"is_endless":false,"potions_floor_spawned":[1,10,25,26],"killed_by":"Gremlin Leader","ascension_level":1}}