{"host":"2hea6pl5vmah38iy","time":1608193494,"event":{"mods":["AchievementEnabler","BaseMod","Colored Map","DeckTracker","Keyboard Shortcuts","Minty Spire (QoL Compilation)","Rare Cards Sparkle","StSLib","SuperFastMode","everything is the same but u backflip on backflip"],"gold_per_floor":[113,125,137,11,25,59,59,86,163,163,163],"floor_reached":10,"playtime":814,"items_purged":["Defend_P"],"score":170,"play_id":"59f2664f-4564-4cb4-a5d5-b9618a8a5c6c","local_time":"20201217172454","is_ascension_mode":true,"campfire_choices":[{"data":"Pray","floor":7,"key":"SMITH"}],"circlet_count":0,"master_deck":["AscendersBane","Strike_P","Strike_P","Strike_P","Defend_P","Defend_P","Eruption","Vigilance","WheelKick","SashWhip","SpiritShield","Prostrate","Pray+1","Sanctity","Prostrate"],"relics":["PureWater","PreservedInsect","Turnip","Molten Egg 2"],"acts_visited":["Exordium"],"potions_floor_usage":[8],"damage_taken":[{"damage":0,"enemies":"Cultist","floor":1,"turns":2},{"damage":0,"enemies":"2 Louse","floor":2,"turns":2},{"damage":10,"enemies":"Small Slimes","floor":3,"turns":3},{"damage":5,"enemies":"2 Fungi Beasts","floor":5,"turns":4},{"damage":20,"enemies":"3 Sentries","floor":6,"turns":6},{"damage":0,"enemies":"Lagavulin","floor":8,"turns":4},{"damage":31,"enemies":"Gremlin Nob","floor":10,"turns":2}],"seed_played":"-6131067989053130504","potions_obtained":[{"floor":1,"key":"LiquidMemories"},{"floor":3,"key":"SmokeBomb"}],"is_trial":false,"path_per_floor":["M","M","M","$","M","E","R","E","T","E"],"character_chosen":"WATCHER","items_purchased":["Prostrate"],"campfire_rested":0,"item_purchase_floors":[4],"current_hp_per_floor":[65,65,55,55,50,30,30,30,30,0,0],"gold":163,"neow_bonus":"TRANSFORM_TWO_CARDS","is_daily":false,"chose_seed":false,"campfire_upgraded":1,"win_rate":0.0,"timestamp":1608193494,"path_taken":["M","?","M","$","?","E","R","E","T","E"],"items_purchased_type":["Card"],"build_version":"2020-12-13","purchased_purges":1,"victory":false,"max_hp_per_floor":[65,65,65,65,65,65,65,65,65,65,65],"card_choices":[{"not_picked":["Swivel","FollowUp","Sanctity"],"picked":"SKIP","floor":1},{"not_picked":["EmptyBody","ThirdEye","JustLucky"],"picked":"SKIP","floor":2},{"not_picked":["Evaluate","FollowUp"],"picked":"SpiritShield","floor":3},{"not_picked":["JustLucky","Halt"],"picked":"Pray","floor":5},{"not_picked":["FollowUp","InnerPeace"],"picked":"Sanctity","floor":6},{"not_picked":["CrushJoints","MasterReality"],"picked":"Prostrate","floor":8}],"player_experience":422454,"relics_obtained":[{"floor":6,"key":"PreservedInsect"},{"floor":8,"key":"Turnip"},{"floor":9,"key":"Molten Egg 2"}],"event_choices":[],"is_beta":false,"boss_relics":[],"items_purged_floors":[4],"is_endless":false,"potions_floor_spawned":[1,3,6],"killed_by":"Gremlin Nob","ascension_level":13}}