{"host":"ab2s6ezjqdgtrlyf","time":1608218623,"event":{"mods":["BaseMod","Colored Map","Downfall","Highlight Path","Marked Mod","Minty Spire (QoL Compilation)","Quick Restart","Relic Stats","Spicy Shops","StSLib","Waifu the Spire","vexMod","¡¾ÒÅÎï¿¨ÅÆ¡¿REMEMod"],"gold_per_floor":[118,76,26,26,44,44,62,62,62,15,31,31,31,31,31,136,136,146,161,16,35,35,67,67,67,91,91,101,117,42,142,142,142,142],"floor_reached":33,"playtime":1108,"items_purged":["Strike_B"],"score":303,"play_id":"d0d5510c-a5ca-4551-9ab9-494964acaa22","local_time":"20201217232343","is_ascension_mode":false,"campfire_choices":[{"data":"Conserve Battery","floor":6.0,"key":"SMITH"},{"data":"Coolheaded","floor":8.0,"key":"SMITH"},{"data":"Defragment","floor":13.0,"key":"SMITH"},{"data":"Zap","floor":15.0,"key":"SMITH"},{"data":"Rainbow","floor":24.0,"key":"SMITH"},{"data":"Capacitor","floor":27.0,"key":"SMITH"},{"data":"1","floor":32,"key":"LIFT"}],"circlet_count":0,"master_deck":["Strike_B","Defend_B","Defend_B","Defend_B","Zap+1","Dualcast","Conserve Battery+1","Capacitor+1","Blizzard","Coolheaded+1","Defragment+1","Rainbow+1","Strike_B","Consume+1","Cold Snap+1"],"relics":["Cracked Core","REME_ComplimentaryCards","NeowsBlessing","vexMod:InvisibilityCloak","Astrolabe","Runic Capacitor","Mango","Nunchaku","Girya","Eternal Feather"],"acts_visited":["Exordium","TheCity"],"potions_floor_usage":[29,31,33],"damage_taken":[{"damage":0.0,"enemies":"Cultist","floor":1.0,"turns":1.0},{"damage":0.0,"enemies":"2 Louse","floor":5.0,"turns":1.0},{"damage":0.0,"enemies":"Small Slimes","floor":7.0,"turns":1.0},{"damage":4.0,"enemies":"Red Slaver","floor":11.0,"turns":5.0},{"damage":1.0,"enemies":"The Guardian","floor":16.0,"turns":11.0},{"damage":4.0,"enemies":"Chosen","floor":18.0,"turns":6.0},{"damage":2.0,"enemies":"Spheric Guardian","floor":19.0,"turns":4.0},{"damage":14.0,"enemies":"Snake Plant","floor":21.0,"turns":4.0},{"damage":0.0,"enemies":"Book of Stabbing","floor":23.0,"turns":4.0},{"damage":0.0,"enemies":"Centurion and Healer","floor":28.0,"turns":7.0},{"damage":3,"enemies":"Sentry and Sphere","floor":29,"turns":5},{"damage":16,"enemies":"Colosseum Slavers","floor":31,"turns":5},{"damage":9,"enemies":"Colosseum Nobs","floor":31,"turns":5},{"damage":33,"enemies":"Collector","floor":33,"turns":3}],"seed_played":"3547736170103734648","potions_obtained":[{"floor":16.0,"key":"Ancient Potion"},{"floor":19.0,"key":"DuplicationPotion"},{"floor":21.0,"key":"Fire Potion"},{"floor":29,"key":"SkillPotion"},{"floor":31,"key":"EssenceOfSteel"}],"is_trial":false,"path_per_floor":["M","$","?","?","M","R","M","R","T","$","M","?","R","$","R","B",null,"M","M","$","M","?","E","R","?","T","R","M","M","$","?","R","B"],"character_chosen":"DEFECT","items_purchased":["Capacitor","Defragment","Runic Capacitor"],"campfire_rested":0,"item_purchase_floors":[2,10,20],"current_hp_per_floor":[75,75,75,75,75,75,75,75,75,75,71,71,71,71,71,70,75,71,69,69,55,55,69,69,52,52,52,52,49,49,24,33,0,0],"gold":142,"neow_bonus":"THREE_ENEMY_KILL","is_daily":false,"chose_seed":false,"campfire_upgraded":6,"win_rate":0.0,"timestamp":1608218623,"path_taken":["M","?","?","?","?","R","M","R","T","$","?","?","R","$","R","BOSS","M","M","$","M","?","E","R","?","T","R","M","M","$","?","R","BOSS"],"items_purchased_type":["Card","Card","Relic"],"build_version":"2020-12-13","purchased_purges":1,"victory":false,"max_hp_per_floor":[75,75,75,75,75,75,75,75,75,75,75,75,75,75,75,75,75,75,75,75,75,75,89,89,94,94,94,94,94,94,94,94,94,94],"relic_stats":{"Nunchaku":[2],"counters":[14,62],"Astrolabe":[],"Eternal Feather":9,"obtain_stats":[{"vexMod:InvisibilityCloak":9,"Girya":31,"Nunchaku":26,"NeowsBlessing":0,"Astrolabe":17,"Mango":23,"Eternal Feather":31,"Runic Capacitor":20,"Cracked Core":0,"REME_ComplimentaryCards":0},{"vexMod:InvisibilityCloak":3,"Girya":13,"Nunchaku":9,"NeowsBlessing":0,"Astrolabe":5,"Mango":9,"Eternal Feather":13,"Runic Capacitor":7,"Cracked Core":0,"REME_ComplimentaryCards":0},{"vexMod:InvisibilityCloak":3,"Girya":59,"Nunchaku":37,"NeowsBlessing":0,"Astrolabe":19,"Mango":37,"Eternal Feather":59,"Runic Capacitor":29,"Cracked Core":0,"REME_ComplimentaryCards":0}]},"card_choices":[{"not_picked":["Compile Driver","Hologram"],"picked":"Conserve Battery","floor":1.0},{"not_picked":["Go for the Eyes","Reinforced Body","Sweeping Beam"],"picked":"SKIP","floor":5.0},{"not_picked":["Storm","Barrage"],"picked":"Coolheaded","floor":7.0},{"not_picked":["Stack","Undo","Conserve Battery"],"picked":"SKIP","floor":11.0},{"not_picked":["Fission","All For One"],"picked":"Rainbow","floor":16.0},{"not_picked":["Rebound+1","Conserve Battery","Turbo"],"picked":"SKIP","floor":18.0},{"not_picked":["Beam Cell","Loop"],"picked":"Consume+1","floor":19.0},{"not_picked":["Rebound","Hologram","Genetic Algorithm+1"],"picked":"SKIP","floor":21.0},{"not_picked":["Leap","Turbo","Heatsinks+1"],"picked":"SKIP","floor":23.0},{"not_picked":["Scrape+1","REME_SelfUpgrade","Go for the Eyes"],"picked":"SKIP","floor":28.0},{"not_picked":["Turbo","Meteor Strike"],"picked":"Cold Snap+1","floor":29}],"player_experience":631376,"relics_obtained":[{"floor":9.0,"key":"vexMod:InvisibilityCloak"},{"floor":23.0,"key":"Mango"},{"floor":26.0,"key":"Nunchaku"},{"floor":31,"key":"Girya"},{"floor":31,"key":"Eternal Feather"}],"event_choices":[{"cards_removed":["Strike_B"],"damage_healed":0.0,"max_hp_gain":0.0,"max_hp_loss":0.0,"gold_gain":0.0,"event_name":"The Cleric","player_choice":"Card Removal","floor":3.0,"gold_loss":50.0,"damage_taken":0.0},{"damage_healed":0.0,"max_hp_gain":0.0,"max_hp_loss":0.0,"gold_gain":0.0,"cards_transformed":["Defend_B"],"event_name":"Transmorgrifier","player_choice":"Transformed","floor":4.0,"gold_loss":0.0,"damage_taken":0.0,"cards_obtained":["Blizzard"]},{"damage_healed":0.0,"max_hp_gain":0.0,"max_hp_loss":0.0,"gold_gain":0.0,"event_name":"Liars Game","player_choice":"Ignored","floor":12.0,"gold_loss":0.0,"damage_taken":0.0},{"damage_healed":0.0,"max_hp_gain":5.0,"max_hp_loss":0.0,"gold_gain":0.0,"event_name":"Forgotten Altar","player_choice":"Shed Blood","floor":25.0,"gold_loss":0.0,"damage_taken":22.0},{"damage_healed":0,"gold_gain":0,"player_choice":"Fight","damage_taken":0,"max_hp_gain":0,"max_hp_loss":0,"event_name":"Colosseum","floor":31,"gold_loss":0},{"damage_healed":0,"gold_gain":0,"player_choice":"Fought Nobs","damage_taken":0,"max_hp_gain":0,"max_hp_loss":0,"event_name":"Colosseum","floor":31,"gold_loss":0}],"is_beta":false,"boss_relics":[{"not_picked":["vexMod:RockOfEvil","Runic Pyramid"],"picked":"Astrolabe"}],"items_purged_floors":[30],"is_endless":false,"potions_floor_spawned":[16,19,21,29,31],"killed_by":"Collector","ascension_level":0}}