{"host":"7y3xcojbvgknqiob","time":1608182404,"event":{"mods":["Aspiration","BaseMod","Best Route Mod","Downfall","Hermit","Magitek Elite","Minty Spire (QoL Compilation)","Potionbrewer","Quick Restart","StSLib","The Bug Knight"],"gold_per_floor":[99,126,126,144,165,165,190,40,57,98,110,130,130,156,173,173,173],"floor_reached":16,"playtime":1096,"items_purged":[],"score":114,"play_id":"93880af2-4bec-4888-a613-764a6503450b","local_time":"20201216212004","is_ascension_mode":false,"campfire_choices":[{"data":"Madness","floor":1,"key":"SMITH"},{"floor":6,"key":"RECALL"},{"floor":8,"key":"REST"}],"circlet_count":0,"master_deck":["hexamod:Strike","hexamod:Strike","hexamod:Strike","hexamod:Defend","hexamod:Defend","hexamod:Defend","hexamod:Defend","hexamod:Sear","hexamod:Float","Madness+1","hexamod:SecondSeal","hexamod:FastForward","hexamod:RadiantFlame","hexamod:InspiringFlames","hexamod:VolcanoVisage","hexamod:HauntingEcho+1","hexamod:FirstSeal","hexamod:SecondSeal","hexamod:Firestarter+1","hexamod:AdvancingGuard"],"relics":["hexamod:SpiritBrand","Molten Egg 2","downfall:HeartBlessingRed","downfall:HeartBlessingBlue","Bag of Preparation"],"acts_visited":["Exordium"],"potions_floor_usage":[15,16],"damage_taken":[{"damage":36,"enemies":"3 Sentries","floor":2,"turns":10},{"damage":1,"enemies":"2 Louse","floor":4,"turns":3},{"damage":3,"enemies":"Cultist","floor":5,"turns":4},{"damage":0,"enemies":"Small Slimes","floor":9,"turns":5},{"damage":40,"enemies":"Gremlin Nob","floor":10,"turns":6},{"damage":11,"enemies":"Exordium Thugs","floor":11,"turns":5},{"damage":1,"enemies":"Blue Slaver","floor":12,"turns":4},{"damage":10,"enemies":"Large Slime","floor":14,"turns":6},{"damage":0,"enemies":"3 Louse","floor":15,"turns":3},{"damage":22,"enemies":"downfall:Silent","floor":16,"turns":2}],"seed_played":"9058374183796295341","potions_obtained":[{"floor":4,"key":"ColorlessPotion"},{"floor":5,"key":"potionbrewer:CleansingPotion"},{"floor":11,"key":"potionbrewer:CleansingPotion"},{"floor":14,"key":"champ:CounterPotion"}],"is_trial":false,"path_per_floor":["R","E","?","M","M","R","T","R","M","E","M","M","?","M","M","B"],"character_chosen":"THE_SPIRIT","items_purchased":[],"campfire_rested":1,"item_purchase_floors":[],"current_hp_per_floor":[70,34,34,33,30,30,30,64,64,24,13,12,12,9,16,0,0],"gold":173,"neow_bonus":"RANDOM_COLORLESS","is_daily":false,"chose_seed":false,"campfire_upgraded":1,"win_rate":0.0,"timestamp":1608182404,"path_taken":["R","E","?","M","M","R","T","R","?","E","M","M","?","M","M","BOSS"],"items_purchased_type":[],"build_version":"2020-12-13","purchased_purges":0,"victory":false,"max_hp_per_floor":[70,70,70,70,70,70,70,80,80,80,80,80,80,80,80,80,80],"card_choices":[{"not_picked":["Bandage Up","Deep Breath"],"picked":"Madness","floor":0},{"not_picked":["hexamod:EmpoweredFlame","hexamod:BacktrackSmack+1"],"picked":"hexamod:SecondSeal","floor":2},{"not_picked":["hexamod:GhostLash+1","hexamod:NightmareGuise"],"picked":"hexamod:FastForward","floor":4},{"not_picked":["hexamod:PhantomCloak","hexamod:DynamicBlow+1"],"picked":"hexamod:RadiantFlame","floor":5},{"not_picked":["hexamod:GhostOfSpirePresent","hexamod:DynamicBlow+1"],"picked":"hexamod:InspiringFlames","floor":9},{"not_picked":["hexamod:ExtraCrispy","hexamod:CatchUp"],"picked":"hexamod:VolcanoVisage","floor":10},{"not_picked":["hexamod:ChargedBarrage","hexamod:AdvancingGuard"],"picked":"hexamod:HauntingEcho+1","floor":11},{"not_picked":["hexamod:ExtraCrispy","hexamod:HauntingEcho+1"],"picked":"hexamod:FirstSeal","floor":12},{"not_picked":["hexamod:RainOfEmbers+1","hexamod:GhostOfSpirePast"],"picked":"hexamod:Firestarter+1","floor":14},{"not_picked":["hexamod:HeatShield","hexamod:RadiantFlame"],"picked":"hexamod:AdvancingGuard","floor":15}],"player_experience":318404,"relics_obtained":[{"floor":2,"key":"Molten Egg 2"},{"floor":10,"key":"Bag of Preparation"}],"event_choices":[{"damage_healed":0,"gold_gain":0,"player_choice":"Ignored","damage_taken":0,"max_hp_gain":0,"max_hp_loss":0,"event_name":"NoteForYourself","floor":3,"gold_loss":0},{"damage_healed":0,"gold_gain":0,"cards_transformed":["hexamod:Strike"],"player_choice":"Transformed","damage_taken":0,"max_hp_gain":0,"max_hp_loss":0,"event_name":"Transmorgrifier","floor":13,"gold_loss":0,"cards_obtained":["hexamod:SecondSeal"]}],"is_beta":false,"boss_relics":[],"items_purged_floors":[],"is_endless":false,"potions_floor_spawned":[4,5,11,14],"killed_by":"downfall:Silent","ascension_level":0}}