{"host":"sum4dy402bbv9y4o","time":1608228892,"event":{"mods":["Aspiration","BaseMod","Conspire","Highlight Path","Minty Spire (QoL Compilation)","StSLib"],"gold_per_floor":[114,114,264,281,185,185,210,210,210,210,222,249,249,249,249,328,328,338,338,350,350,350],"floor_reached":21,"playtime":604,"items_purged":[],"score":420,"play_id":"28c1875b-37ba-4007-afd7-a582407bc4f1","local_time":"20201217211452","is_ascension_mode":true,"campfire_choices":[{"data":"Eruption","floor":6,"key":"SMITH"},{"data":"Adaptation","floor":8,"key":"SMITH"},{"data":"SashWhip","floor":10,"key":"SMITH"},{"floor":15,"key":"REST"}],"circlet_count":0,"master_deck":["AscendersBane","Strike_P","Strike_P","Strike_P","Strike_P+1","Defend_P+1","Defend_P","Defend_P","Defend_P","Eruption+1","Vigilance","SashWhip+1","Doubt","Adaptation+1","ReachHeaven","FlurryOfBlows","FearNoEvil","EmptyFist"],"relics":["PureWater","NeowsBlessing","Nunchaku","aspiration:ChemicalBlood","Bottled Tornado","StoneCalendar"],"acts_visited":["Exordium","TheCity"],"potions_floor_usage":[12,16,16,16,18,20,20,21,21],"damage_taken":[{"damage":0,"enemies":"2 Louse","floor":1,"turns":1},{"damage":0,"enemies":"Small Slimes","floor":4,"turns":1},{"damage":0,"enemies":"Lagavulin","floor":7,"turns":1},{"damage":0,"enemies":"Cultist","floor":11,"turns":3},{"damage":31,"enemies":"3 Sentries","floor":12,"turns":8},{"damage":29,"enemies":"The Guardian","floor":16,"turns":9},{"damage":0,"enemies":"Chosen","floor":18,"turns":4},{"damage":23,"enemies":"Shell Parasite","floor":20,"turns":4},{"damage":43,"enemies":"3 Cultists","floor":21,"turns":5}],"seed_played":"-9104266041320673048","potions_obtained":[{"floor":4,"key":"Swift Potion"},{"floor":16,"key":"SkillPotion"},{"floor":19,"key":"Weak Potion"},{"floor":19,"key":"LiquidBronze"},{"floor":20,"key":"SteroidPotion"}],"is_trial":false,"path_per_floor":["M","?","?","M","?","R","E","R","T","R","M","E","?","?","R","B",null,"M","?","M","M"],"character_chosen":"WATCHER","items_purchased":[],"campfire_rested":1,"item_purchase_floors":[],"current_hp_per_floor":[61,41,41,41,41,41,41,41,41,41,41,10,10,10,30,1,51,51,51,28,0,0],"gold":350,"neow_bonus":"THREE_ENEMY_KILL","is_daily":false,"chose_seed":false,"campfire_upgraded":3,"win_rate":0.0,"timestamp":1608228892,"path_taken":["M","?","?","M","?","R","E","R","T","R","?","E","?","?","R","BOSS","M","?","M","M"],"items_purchased_type":[],"build_version":"2020-12-13","purchased_purges":0,"victory":false,"max_hp_per_floor":[68,68,68,68,68,68,68,68,68,68,68,68,68,68,68,68,68,68,68,68,68,68],"card_choices":[{"not_picked":["Protect","FlyingSleeves"],"picked":"SashWhip","floor":1},{"not_picked":["Prostrate","ThirdEye"],"picked":"Adaptation","floor":4},{"not_picked":["EmptyFist","CrushJoints"],"picked":"ReachHeaven","floor":7},{"not_picked":["DevaForm","CrushJoints","FlyingSleeves"],"picked":"SKIP","floor":11},{"not_picked":["FlyingSleeves","SignatureMove"],"picked":"FlurryOfBlows","floor":12},{"not_picked":["EmptyFist","Halt"],"picked":"FearNoEvil","floor":18},{"not_picked":["FearNoEvil","Crescendo"],"picked":"EmptyFist","floor":20}],"player_experience":2812224,"relics_obtained":[{"floor":7,"key":"aspiration:ChemicalBlood"},{"floor":9,"key":"Bottled Tornado"},{"floor":12,"key":"StoneCalendar"}],"event_choices":[{"damage_healed":0,"gold_gain":0,"player_choice":"Entered Light","damage_taken":20,"max_hp_gain":0,"max_hp_loss":0,"event_name":"Shining Light","floor":2,"gold_loss":0,"cards_upgraded":["Defend_P","Strike_P"]},{"damage_healed":0,"gold_gain":150,"player_choice":"AGREE","damage_taken":0,"max_hp_gain":0,"max_hp_loss":0,"event_name":"Liars Game","floor":3,"gold_loss":0,"cards_obtained":["Doubt"]},{"damage_healed":0,"gold_gain":0,"player_choice":"Paid Gold","damage_taken":0,"relics_obtained":["Nunchaku"],"max_hp_gain":0,"max_hp_loss":0,"event_name":"WeMeetAgain","floor":5,"gold_loss":96},{"damage_healed":0,"gold_gain":0,"player_choice":"Fled","damage_taken":0,"max_hp_gain":0,"max_hp_loss":0,"event_name":"Scrap Ooze","floor":13,"gold_loss":0},{"damage_healed":0,"gold_gain":0,"player_choice":"Got Potions","damage_taken":0,"max_hp_gain":0,"max_hp_loss":0,"event_name":"Lab","floor":19,"gold_loss":0}],"is_beta":false,"boss_relics":[{"not_picked":["aspiration:RandomNobGenerator","Snecko Eye","Philosopher\u0027s Stone"]}],"items_purged_floors":[],"is_endless":false,"potions_floor_spawned":[4,16,20],"killed_by":"3 Cultists","ascension_level":20}}