{"host":"z9grmtg2w0nmz8n1","time":1608244258,"event":{"mods":["Aspiration","Bard","BaseMod","Beaked The Cultist","Better Altar","Better Match","Better Third Choice","BetterRewards","CCEM","Colored Map","Conspire","Downfall","GifTheSpireLib","Googly Eyes","Halation","Highlight Path","Hubris","Jedi Mod","Jorbs\u0027s Wanderer Trilogy","Minty Spire (QoL Compilation)","Permanent Neow","Replay The Spire","Spicy Shops","StSLib","Stuff the Spire","The Bug Knight"],"gold_per_floor":[99,129,54,54,66,66,66,93,93,123,137,48,63,81,93,195,195,120,120,30,61,74,93,93,120,45,76,61,79,93,93,105,207,207,207,207,240,240,240],"floor_reached":38,"playtime":2489,"items_purged":["Slimebound:Strike_Slimebound"],"score":470,"play_id":"a234a112-e28c-4e9c-a69c-a0f749fc4147","local_time":"20201217203058","is_ascension_mode":false,"campfire_choices":[{"floor":1,"key":"RECALL"},{"data":"1","floor":3,"key":"LIFT"},{"data":"2","floor":6,"key":"LIFT"},{"data":"3","floor":18,"key":"LIFT"},{"floor":26,"key":"REST"},{"data":"Slimebound:SplitMire","floor":35,"key":"SMITH"}],"circlet_count":0,"master_deck":["Slimebound:Defend_Slimebound","Slimebound:Defend_Slimebound","Slimebound:Defend_Slimebound","Slimebound:Defend_Slimebound","Slimebound:Split","Slimebound:CorrosiveSpit","Slimebound:SlimeBrawl+1","Slimebound:SplitAcid","Slimebound:OneTwoCombo","Slimebound:SplitLeeching","Slimebound:SplitMire+1","Slimebound:GoopSpray+1","Slimebound:LeechingTouch","Slimebound:Overexert","Slimebound:SelfFormingGoo","Slimebound:RejuvenatingLick","Slimebound:Schlurp+1","Slimebound:GrowthPunch","Slimebound:HauntingLick","Slimebound:Gluttony","Slimebound:AcidTongue+1"],"relics":["Slimebound:AbsorbEndCombat","Girya","Replay:Accelerometer","downfall:HeartBlessingRed","CCEMRelics:JestersCrown","aspiration:Lifesprig","aspiration:HiddenCompartment","conspire:SpecialSausage","downfall:HeartBlessingBlue","Counterbalance","StuffTheSpire:GrapeVine","Nunchaku","downfall:HeartBlessingGreen","Blue Doll","hubris:Icosahedron","jedi:paperlyon","Ancient Tea Set"],"acts_visited":["Exordium","TheCity","TheBeyond"],"potions_floor_usage":[12,16,21],"damage_taken":[{"damage":10,"enemies":"Jaw Worm","floor":5,"turns":5},{"damage":12,"enemies":"HollowMod:MossKnight","floor":8,"turns":7},{"damage":24,"enemies":"3 Sentries","floor":10,"turns":5},{"damage":8,"enemies":"Small Slimes","floor":11,"turns":2},{"damage":16,"enemies":"downfall:FleeingMerchant","floor":12,"turns":4},{"damage":8,"enemies":"2 Louse","floor":13,"turns":1},{"damage":21,"enemies":"Red Slaver","floor":14,"turns":3},{"damage":12,"enemies":"Exordium Wildlife","floor":15,"turns":2},{"damage":49,"enemies":"downfall:Ironclad","floor":16,"turns":6},{"damage":22,"enemies":"downfall:FleeingMerchant","floor":20,"turns":4},{"damage":56,"enemies":"Gremlin Leader","floor":21,"turns":5},{"damage":16,"enemies":"Spheric Guardian","floor":22,"turns":3},{"damage":20,"enemies":"Chosen","floor":23,"turns":4},{"damage":49,"enemies":"Book of Stabbing","floor":25,"turns":6},{"damage":16,"enemies":"conspire:SneckoGhost","floor":27,"turns":4},{"damage":21,"enemies":"downfall:FleeingMerchant","floor":28,"turns":4},{"damage":24,"enemies":"3 Cultists","floor":29,"turns":3},{"damage":24,"enemies":"conspire:HollyBat","floor":30,"turns":6},{"damage":40,"enemies":"Cultist and Chosen","floor":32,"turns":6},{"damage":61,"enemies":"downfall:Watcher","floor":33,"turns":7},{"damage":61,"enemies":"Nemesis","floor":37,"turns":5},{"damage":38,"enemies":"3 Darklings","floor":38,"turns":2}],"seed_played":"7699119088310506932","potions_obtained":[{"floor":5,"key":"Languid Potion"},{"floor":11,"key":"Swift Potion"},{"floor":13,"key":"DistilledChaos"},{"floor":14,"key":"PowerPotion"},{"floor":16,"key":"Strength Potion"},{"floor":22,"key":"SteroidPotion"}],"is_trial":false,"path_per_floor":["R","?","R","?","M","R","T","E","?","E","M","$","M","M","M","B",null,"R","?","$","E","M","M","T","E","R","E","$","M","M","?","M","B",null,"R","?","E","M"],"character_chosen":"SLIMEBOUND","items_purchased":["aspiration:HiddenCompartment"],"campfire_rested":1,"item_purchase_floors":[12],"current_hp_per_floor":[54,54,54,54,53,53,53,54,54,38,38,54,54,49,53,45,54,64,56,64,32,38,44,44,29,48,64,64,62,60,60,40,21,64,64,64,27,0,0],"gold":240,"neow_bonus":"ONE_RARE_RELIC","is_daily":false,"chose_seed":false,"campfire_upgraded":1,"win_rate":0.0,"timestamp":1608244258,"path_taken":["R","?","R","?","M","R","T","E","?","E","M","$","?","M","M","BOSS","R","?","$","E","M","?","T","E","R","E","?","M","M","?","M","BOSS","R","?","E","M"],"items_purchased_type":["Relic"],"build_version":"2020-12-13","purchased_purges":1,"victory":false,"max_hp_per_floor":[54,54,54,54,54,54,54,54,54,54,54,54,54,54,54,54,54,64,64,64,64,64,64,64,64,64,64,64,64,64,64,64,64,64,64,64,64,64,64],"card_choices":[{"not_picked":["Slimebound:RollThrough","Slimebound:SlimeTap"],"picked":"Slimebound:SplitAcid","floor":5},{"not_picked":["Slimebound:FinishingTackle","Slimebound:MegaLick"],"picked":"Slimebound:OneTwoCombo","floor":8},{"not_picked":["Slimebound:ViciousTackle","Slimebound:GrowthPunch"],"picked":"Slimebound:SplitLeeching","floor":10},{"not_picked":["Slimebound:ComboTackle","Slimebound:SplitBruiser"],"picked":"Slimebound:SplitMire","floor":11},{"not_picked":["Slimebound:FormOfPuddle","Slimebound:Chomp","Slimebound:Grow"],"picked":"SKIP","floor":12},{"not_picked":["Slimebound:Replication","Slimebound:SamplingLick"],"picked":"Slimebound:GoopSpray","floor":13},{"not_picked":["Slimebound:SamplingLick","Slimebound:ViciousTackle"],"picked":"Slimebound:LeechingTouch","floor":14},{"not_picked":["Slimebound:Prepare","Slimebound:SplitMire"],"picked":"Slimebound:Overexert","floor":15},{"not_picked":["Slimebound:DuplicatedForm","Slimebound:MinionMaster"],"picked":"Slimebound:SelfFormingGoo","floor":16},{"not_picked":["Slimebound:FinishingTackle+1","Slimebound:RainOfGoop","Slimebound:ComboTackle+1"],"picked":"SKIP","floor":20},{"not_picked":["Slimebound:GrowthPunch","Slimebound:Prepare"],"picked":"Slimebound:RejuvenatingLick","floor":21},{"not_picked":["Slimebound:FinishingTackle+1","Slimebound:RollThrough"],"picked":"Slimebound:Schlurp+1","floor":22},{"not_picked":["Slimebound:SpikyOuterGoop","Slimebound:SlimeSpikes"],"picked":"Slimebound:GrowthPunch","floor":23},{"not_picked":["Slimebound:SlimeTap","Slimebound:SlimeBrawl"],"picked":"Slimebound:SlimeBarrage+1","floor":25},{"not_picked":["Slimebound:TongueLash","Slimebound:Schlurp"],"picked":"Slimebound:HauntingLick","floor":27},{"not_picked":["Slimebound:Schlurp","Slimebound:SplitMire"],"picked":"Slimebound:Gluttony","floor":28},{"not_picked":["Slimebound:ViciousTackle","Slimebound:SplitAcid+1","Slimebound:ForwardTackle"],"picked":"SKIP","floor":29},{"not_picked":["Slimebound:GoopTackle","Slimebound:OozeBath","Slimebound:LeechingTouch+1"],"picked":"SKIP","floor":30},{"not_picked":["Slimebound:GoopSpray","Slimebound:FlameTackle"],"picked":"Slimebound:AcidTongue+1","floor":32},{"not_picked":["Slimebound:SlimeBarrage+1","Slimebound:GoopSpray+1","Slimebound:ViciousTackle+1"],"picked":"SKIP","floor":37}],"player_experience":582765,"relics_obtained":[{"floor":8,"key":"CCEMRelics:JestersCrown"},{"floor":10,"key":"aspiration:Lifesprig"},{"floor":21,"key":"Counterbalance"},{"floor":24,"key":"StuffTheSpire:GrapeVine"},{"floor":25,"key":"Nunchaku"},{"floor":27,"key":"Blue Doll"},{"floor":37,"key":"Ancient Tea Set"}],"event_choices":[{"cards_removed":["Slimebound:Strike_Slimebound"],"damage_healed":0,"gold_gain":0,"player_choice":"Offered Basic","damage_taken":0,"max_hp_gain":0,"max_hp_loss":0,"event_name":"Bonfire Elementals","floor":9,"gold_loss":0},{"cards_removed":["Slimebound:SlimeBarrage"],"damage_healed":0,"gold_gain":0,"player_choice":"Removed Attack","damage_taken":0,"max_hp_gain":0,"max_hp_loss":0,"event_name":"Falling","floor":36,"gold_loss":0}],"is_beta":false,"boss_relics":[{"not_picked":["aspiration:SecretTechniqueScroll","halation:LoveArrow"],"picked":"conspire:SpecialSausage"},{"not_picked":["hubris:RunicObelisk","halation:Yufonium"],"picked":"jedi:paperlyon"}],"items_purged_floors":[20],"is_endless":false,"potions_floor_spawned":[5,11,13,14,15,16,22,23,29,32,33],"killed_by":"3 Darklings","ascension_level":0}}