{"host":"aj7el8l5kufbk20z","time":1608199239,"event":{"mods":["AchievementEnabler","BaseMod","Colored Map","Colored Powertips","Curses Come First","Highlight Path","Minty Spire (QoL Compilation)","Quick Restart","Rare Cards Sparkle","Relic Stats","StSLib","SuperFastMode"],"gold_per_floor":[114,114,129,204,54,54,54,69,69,69,69,69,19,19,19,119,119,134,96,96,96,111,111,111,111,136,136,61,61,61,61,61,61,61],"floor_reached":33,"playtime":1282,"items_purged":[],"score":275,"play_id":"7e3d1688-55f8-48de-be34-bd85ee83b25d","local_time":"20201217180039","daily_mods":["Specialized","Flight","Lethality"],"is_ascension_mode":false,"campfire_choices":[{"data":"Storm","floor":6,"key":"SMITH"},{"data":"White Noise","floor":7,"key":"SMITH"},{"data":"Genetic Algorithm","floor":11,"key":"SMITH"},{"data":"White Noise","floor":12,"key":"SMITH"},{"data":"White Noise","floor":15,"key":"SMITH"},{"data":"Stack","floor":23,"key":"SMITH"},{"data":"Loop","floor":24,"key":"SMITH"},{"data":"White Noise","floor":25,"key":"SMITH"},{"data":"White Noise","floor":27,"key":"SMITH"},{"data":"Self Repair","floor":29,"key":"SMITH"},{"data":"Zap","floor":30,"key":"SMITH"},{"data":"Dualcast","floor":32,"key":"SMITH"}],"circlet_count":0,"master_deck":["Strike_B","Defend_B","Zap+1","Dualcast+1","White Noise+1","White Noise+1","White Noise+1","White Noise+1","White Noise+1","Self Repair+1","Storm+1","Genetic Algorithm+1","Multi-Cast","Auto Shields+1","Conserve Battery+1","Beam Cell+1","Stack+1","Loop+1","Reinforced Body+1"],"relics":["Cracked Core","Juzu Bracelet","Pear","Astrolabe","Strawberry","MealTicket"],"acts_visited":["Exordium","TheCity"],"potions_floor_usage":[16,33],"damage_taken":[{"damage":9,"enemies":"Cultist","floor":1,"turns":3},{"damage":8,"enemies":"2 Louse","floor":3,"turns":3},{"damage":4,"enemies":"Jaw Worm","floor":8,"turns":3},{"damage":49,"enemies":"Hexaghost","floor":16,"turns":6},{"damage":84,"enemies":"3 Byrds","floor":18,"turns":4},{"damage":0,"enemies":"Chosen","floor":22,"turns":4},{"damage":0,"enemies":"Colosseum Slavers","floor":31,"turns":3},{"damage":33,"enemies":"Champ","floor":33,"turns":8}],"seed_played":"-4230686447748436371","potions_obtained":[{"floor":8,"key":"FearPotion"},{"floor":16,"key":"EssenceOfSteel"},{"floor":18,"key":"SpeedPotion"}],"is_trial":false,"path_per_floor":["M","?","M","?","$","R","R","M","T","$","R","R","?","$","R","B",null,"M","$","?","?","M","R","R","R","T","R","?","R","R","?","R","B"],"character_chosen":"DEFECT","items_purchased":["Juzu Bracelet","Loop"],"campfire_rested":0,"item_purchase_floors":[5,19],"current_hp_per_floor":[66,66,65,54,54,54,54,50,60,60,60,60,60,60,60,11,85,8,8,15,15,22,22,22,22,22,22,22,22,22,32,32,0,0],"gold":61,"neow_bonus":"","is_daily":true,"chose_seed":false,"campfire_upgraded":12,"win_rate":0.0,"timestamp":1608199239,"path_taken":["M","?","M","?","$","R","R","M","T","?","R","R","?","$","R","BOSS","M","$","?","?","M","R","R","R","T","R","?","R","R","?","R","BOSS"],"items_purchased_type":["Relic","Card"],"build_version":"2020-12-13","purchased_purges":0,"victory":false,"max_hp_per_floor":[75,75,75,75,75,75,75,75,85,85,85,85,85,85,85,85,85,85,85,92,92,92,92,92,92,92,92,92,92,92,92,92,92,92],"relic_stats":{"counters":[8,34],"Astrolabe":["Auto Shields","Conserve Battery","Beam Cell"],"MealTicket":0,"Juzu Bracelet":1,"obtain_stats":[{"Pear":9,"Astrolabe":17,"Strawberry":20,"MealTicket":26,"Juzu Bracelet":5,"Cracked Core":0},{"Pear":3,"Astrolabe":4,"Strawberry":5,"MealTicket":6,"Juzu Bracelet":2,"Cracked Core":0},{"Pear":9,"Astrolabe":15,"Strawberry":19,"MealTicket":23,"Juzu Bracelet":6,"Cracked Core":0}]},"card_choices":[{"not_picked":["Redo","Ball Lightning"],"picked":"Self Repair","floor":1},{"not_picked":["Barrage","Blizzard"],"picked":"Storm","floor":3},{"not_picked":["Auto Shields","Reinforced Body"],"picked":"Genetic Algorithm","floor":8},{"not_picked":["Rainbow","Fission"],"picked":"Multi-Cast","floor":16},{"not_picked":["Recycle+1","Compile Driver"],"picked":"Stack","floor":18},{"not_picked":["Beam Cell","Reprogram+1"],"picked":"Reinforced Body+1","floor":22}],"player_experience":257671,"relics_obtained":[{"floor":9,"key":"Pear"},{"floor":26,"key":"MealTicket"}],"event_choices":[{"cards_removed":["Strike_B"],"damage_healed":0,"gold_gain":0,"player_choice":"Forget","damage_taken":0,"max_hp_gain":0,"max_hp_loss":0,"event_name":"Living Wall","floor":2,"gold_loss":0},{"damage_healed":0,"gold_gain":75,"player_choice":"Gather Gold","damage_taken":11,"max_hp_gain":0,"max_hp_loss":0,"event_name":"World of Goop","floor":4,"gold_loss":0},{"cards_removed":["Strike_B"],"damage_healed":0,"gold_gain":0,"player_choice":"Card Removal","damage_taken":0,"max_hp_gain":0,"max_hp_loss":0,"event_name":"The Cleric","floor":13,"gold_loss":50},{"damage_healed":0,"gold_gain":0,"player_choice":"Opened","damage_taken":0,"relics_obtained":["Strawberry"],"max_hp_gain":0,"max_hp_loss":0,"event_name":"The Mausoleum","floor":20,"gold_loss":0,"cards_obtained":["Writhe"]},{"cards_removed":["Writhe"],"damage_healed":0,"gold_gain":0,"player_choice":"Purged","damage_taken":0,"max_hp_gain":0,"max_hp_loss":0,"event_name":"Purifier","floor":21,"gold_loss":0},{"cards_removed":["Defend_B"],"damage_healed":0,"gold_gain":0,"player_choice":"Gave Gold","damage_taken":0,"max_hp_gain":0,"max_hp_loss":0,"event_name":"Beggar","floor":28,"gold_loss":75},{"damage_healed":0,"gold_gain":0,"player_choice":"Fight","damage_taken":0,"max_hp_gain":0,"max_hp_loss":0,"event_name":"Colosseum","floor":31,"gold_loss":0},{"damage_healed":0,"gold_gain":0,"player_choice":"Fled From Nobs","damage_taken":0,"max_hp_gain":0,"max_hp_loss":0,"event_name":"Colosseum","floor":31,"gold_loss":0}],"is_beta":false,"boss_relics":[{"not_picked":["Runic Pyramid","Busted Crown"],"picked":"Astrolabe"}],"items_purged_floors":[],"is_endless":false,"potions_floor_spawned":[8,16,18],"killed_by":"Champ","ascension_level":0}}