{"host":"a1eatafr7pisesky","time":1608197675,"event":{"mods":["BaseMod","Colored Map","DeckTracker","Highlight Path","Keyboard Shortcuts","Minty Spire (QoL Compilation)","Permanent Neow","Random Character Button","StSLib","SuperFastMode","everything is the same but u backflip on backflip"],"gold_per_floor":[118,118,141,159,173,173,196,82,82,82,95,45,86,101,101,227,227,251,264,280,298,122,122,122],"floor_reached":23,"playtime":643,"items_purged":["Strike_G","Strike_G"],"score":236,"play_id":"08bc5791-7849-47bd-885b-fc6d78c40999","local_time":"20201217183435","is_ascension_mode":true,"campfire_choices":[{"floor":6.0,"key":"REST"},{"floor":10.0,"key":"REST"},{"data":"Tactician","floor":15.0,"key":"SMITH"}],"circlet_count":0,"master_deck":["Strike_G","Defend_G","Defend_G","Defend_G","Defend_G","Survivor","Neutralize","Tactician+1","Dash","Noxious Fumes","Cloak And Dagger","Bouncing Flask","Backstab","Dash","Dagger Throw","Adrenaline","Cloak And Dagger","Deadly Poison+1","Footwork"],"relics":["Ring of the Snake","Golden Idol","Thread and Needle","Torii","Philosopher\u0027s Stone"],"acts_visited":["Exordium","TheCity"],"potions_floor_usage":[23,23],"damage_taken":[{"damage":8.0,"enemies":"Jaw Worm","floor":1.0,"turns":5.0},{"damage":0.0,"enemies":"2 Louse","floor":3.0,"turns":3.0},{"damage":4.0,"enemies":"Small Slimes","floor":4.0,"turns":5.0},{"damage":20.0,"enemies":"2 Fungi Beasts","floor":5.0,"turns":4.0},{"damage":20.0,"enemies":"Gremlin Gang","floor":7.0,"turns":5.0},{"damage":3.0,"enemies":"Blue Slaver","floor":11.0,"turns":3.0},{"damage":2.0,"enemies":"Gremlin Nob","floor":13.0,"turns":3.0},{"damage":0.0,"enemies":"Large Slime","floor":14.0,"turns":5.0},{"damage":8.0,"enemies":"The Guardian","floor":16.0,"turns":10.0},{"damage":11.0,"enemies":"2 Thieves","floor":18.0,"turns":5.0},{"damage":0.0,"enemies":"Shell Parasite","floor":19.0,"turns":5.0},{"damage":9.0,"enemies":"Snecko","floor":20.0,"turns":5.0},{"damage":16.0,"enemies":"Snake Plant","floor":21.0,"turns":4.0},{"damage":55,"enemies":"Gremlin Leader","floor":23,"turns":7}],"seed_played":"-6088941669933933851","potions_obtained":[{"floor":1.0,"key":"Strength Potion"},{"floor":7.0,"key":"DistilledChaos"},{"floor":11.0,"key":"Strength Potion"},{"floor":14.0,"key":"Strength Potion"},{"floor":16.0,"key":"FairyPotion"}],"is_trial":false,"path_per_floor":["M","?","M","M","M","R","M","$","T","R","M","?","E","M","R","B",null,"M","M","M","M","$","E"],"character_chosen":"THE_SILENT","items_purchased":["Bouncing Flask","Footwork"],"campfire_rested":2,"item_purchase_floors":[8,22],"current_hp_per_floor":[55,40,40,36,16,34,14,14,14,32,29,29,27,27,27,19,63,52,52,43,27,27,0,0],"gold":122,"neow_bonus":"REMOVE_TWO","is_daily":false,"chose_seed":false,"campfire_upgraded":1,"win_rate":0.0,"timestamp":1608197675,"path_taken":["M","?","M","M","M","R","M","$","T","R","M","?","E","M","R","BOSS","M","M","M","M","$","E"],"items_purchased_type":["Card","Card"],"build_version":"2020-12-13","purchased_purges":2,"victory":false,"max_hp_per_floor":[63,63,63,63,63,63,63,63,63,63,63,63,63,63,63,63,63,63,63,63,63,63,63,63],"card_choices":[{"not_picked":["Infinite Blades","Flying Knee","Slice"],"picked":"SKIP","floor":1.0},{"not_picked":["Bane","Prepared"],"picked":"Tactician","floor":3.0},{"not_picked":["Distraction","PiercingWail"],"picked":"Dash","floor":4.0},{"not_picked":["Calculated Gamble","Prepared"],"picked":"Noxious Fumes","floor":5.0},{"not_picked":["Dodge and Roll","Quick Slash"],"picked":"Cloak And Dagger","floor":7.0},{"not_picked":["Tools of the Trade","Tactician"],"picked":"Backstab","floor":11.0},{"not_picked":["Sucker Punch","Tactician"],"picked":"Dash","floor":13.0},{"not_picked":["Sucker Punch","Distraction"],"picked":"Dagger Throw","floor":14.0},{"not_picked":["Burst","Night Terror"],"picked":"Adrenaline","floor":16.0},{"not_picked":["Expertise","Blade Dance"],"picked":"Cloak And Dagger","floor":18.0},{"not_picked":["Dodge and Roll","Riddle With Holes"],"picked":"Deadly Poison+1","floor":19.0},{"not_picked":["Infinite Blades","Blade Dance+1","Tactician+1"],"picked":"SKIP","floor":20.0},{"not_picked":["Accuracy","Deflect+1","Sucker Punch"],"picked":"SKIP","floor":21.0}],"player_experience":212244,"relics_obtained":[{"floor":9.0,"key":"Thread and Needle"},{"floor":13.0,"key":"Torii"}],"event_choices":[{"damage_healed":0.0,"max_hp_gain":0.0,"max_hp_loss":0.0,"gold_gain":0.0,"event_name":"Golden Idol","player_choice":"Take Damage","floor":2.0,"gold_loss":0.0,"damage_taken":15.0,"relics_obtained":["Golden Idol"]},{"cards_removed":["Strike_G"],"damage_healed":0.0,"max_hp_gain":0.0,"max_hp_loss":0.0,"gold_gain":0.0,"event_name":"The Cleric","player_choice":"Card Removal","floor":12.0,"gold_loss":50.0,"damage_taken":0.0}],"is_beta":false,"boss_relics":[{"not_picked":["Fusion Hammer","Ring of the Serpent"],"picked":"Philosopher\u0027s Stone"}],"items_purged_floors":[8,22],"is_endless":false,"potions_floor_spawned":[1,7,11,14,16,18],"killed_by":"Gremlin Leader","ascension_level":4}}