{"host":"h7xtspmc2x3i8s2i","time":1608167133,"event":{"mods":["2.2 Compatiblity","AchievementEnabler","Act Like it!","AlwaysNeverKeys","Aspiration","Astrologer","BaseMod","Beaked The Cultist","Better Match","Better Sensory Stone","Better Third Choice","Better Vampires","BetterRewards","Challenge The Spire","Colored Map","Colored Powertips","Colorless Booster Pack","Curses Come First","Defuse TimeMaze Blight","Dio Mod","Downfall","Duelist Mod","EXCEPTION","Energized Spire","Friendly Minions","GifTheSpireLib","Gold Saver","Gremlin Skip","Halation","Hubris","Jedi Mod","Key Reminder","Marked Mod","Minty Spire (QoL Compilation)","Pale of the Ancients","Permanent Neow","Random Character Button","Random Character Mod","Rare Cards Sparkle","Relic Filter","Relic Stats","Replay The Spire","SacredBarkPlus","Shop Mod","Somnambulant","Spikes Relics","Spire Birthday Party","StSLib","Steal the Spire","Stuff the Spire","SuperFastMode","The Awakened One except there are too many feathers","The Blue Laboratory","The Cursed","The Death Knight","The Dragon Tamer","The Edgeheg","The Hierophant","The Problem Sleuth","The Wild Card","Transform Curses","Unceasing Turn Reminder","everything is the same but u backflip on backflip","slay the spire mod where everything is the same but ironclad has a cowboy hat","vexMod"],"gold_per_floor":[1320,697,729,729,654,654,654,674,599,627,652,27,27,46,58,58,58],"floor_reached":16,"playtime":609,"items_purged":["astrologer:Strike"],"score":106,"play_id":"369e7146-e18c-4186-a423-a796b1a1ec38","local_time":"20201216200533","is_ascension_mode":false,"campfire_choices":[{"floor":1,"key":"RECALL"},{"data":"astrologer:CosmicExpanse","floor":5,"key":"SMITH"},{"data":"astrologer:Novile","floor":9,"key":"SMITH"}],"circlet_count":0,"master_deck":["astrologer:Strike","astrologer:Strike","astrologer:Strike+1","astrologer:Defend+1","astrologer:Defend","astrologer:Defend+1","astrologer:Defend","astrologer:NorthStar+1","astrologer:TheFool","astrologer:ShiningStar","astrologer:SolarFlare","astrologer:CosmicExpanse+1","astrologer:Novile+1","astrologer:Stardust","astrologer:Wish","astrologer:Stardust","astrologer:TheEmpress","astrologer:TheMagician","astrologer:TheEmperor","astrologer:TheStar","astrologer:TheStar"],"relics":["astrologer:SkyMirror","Tiny Chest","StuffTheSpire:GrapeVine","MerchantsRug","StuffTheSpire:ForceGauntlet","downfall:HeartBlessingRed","downfall:BrokenWingStatue","downfall:HeartBlessingBlue","War Paint","Simple Rune","Omamori","Medical Kit","aspiration:HummingbirdHeart"],"acts_visited":["Exordium"],"potions_floor_usage":[16,16],"damage_taken":[{"damage":0,"enemies":"downfall:FleeingMerchant","floor":2,"turns":4},{"damage":40,"enemies":"3 Sentries","floor":3,"turns":11},{"damage":0,"enemies":"2 Louse","floor":8,"turns":2},{"damage":33,"enemies":"Lagavulin","floor":10,"turns":8},{"damage":8,"enemies":"downfall:FleeingMerchant","floor":12,"turns":4},{"damage":3,"enemies":"Jaw Worm","floor":14,"turns":4},{"damage":0,"enemies":"Small Slimes","floor":15,"turns":4},{"damage":19,"enemies":"downfall:Ironclad","floor":16,"turns":5}],"seed_played":"-7699162232016503719","potions_obtained":[{"floor":8,"key":"PowerPotion"},{"floor":14,"key":"Elixir"},{"floor":15,"key":"Doom Potion"}],"is_trial":false,"path_per_floor":["R","$","E","?","R","?","T","M","R","E","T","$","?","M","M","B"],"character_chosen":"ASTROLOGER","items_purchased":["astrologer:CosmicExpanse","Tiny Chest","StuffTheSpire:GrapeVine","MerchantsRug","Omamori","Medical Kit","aspiration:HummingbirdHeart","astrologer:TheEmpress"],"campfire_rested":0,"item_purchase_floors":[2,2,2,2,12,12,12,12],"current_hp_per_floor":[70,70,30,53,53,53,53,53,63,30,30,22,22,19,19,0,0],"gold":58,"neow_bonus":"THREE_CARDS","is_daily":false,"chose_seed":false,"campfire_upgraded":2,"win_rate":0.0,"timestamp":1608167133,"path_taken":["R","$","E","?","R","?","T","?","R","E","?","$","?","?","M","BOSS"],"items_purchased_type":["Card","Relic","Relic","Relic","Relic","Relic","Relic","Card"],"build_version":"2020-12-13","purchased_purges":1,"victory":false,"max_hp_per_floor":[70,70,70,70,70,70,70,70,80,80,80,80,80,80,80,80,80],"relic_stats":{"counters":[8,42],"Tiny Chest":1,"War Paint":["astrologer:Defend","astrologer:NorthStar"],"Medical Kit":[0],"obtain_stats":[{"MerchantsRug":2,"downfall:HeartBlessingRed":5,"StuffTheSpire:ForceGauntlet":3,"StuffTheSpire:GrapeVine":2,"Omamori":12,"aspiration:HummingbirdHeart":12,"War Paint":10,"Medical Kit":12,"keyreminder:keyreminder":1,"downfall:BrokenWingStatue":6,"downfall:HeartBlessingBlue":9,"Tiny Chest":2,"Simple Rune":11,"astrologer:SkyMirror":0},{"MerchantsRug":1,"downfall:HeartBlessingRed":2,"StuffTheSpire:ForceGauntlet":2,"StuffTheSpire:GrapeVine":1,"Omamori":5,"aspiration:HummingbirdHeart":5,"War Paint":4,"Medical Kit":5,"keyreminder:keyreminder":0,"downfall:BrokenWingStatue":2,"downfall:HeartBlessingBlue":3,"Tiny Chest":1,"Simple Rune":4,"astrologer:SkyMirror":0},{"MerchantsRug":4,"downfall:HeartBlessingRed":15,"StuffTheSpire:ForceGauntlet":15,"StuffTheSpire:GrapeVine":4,"Omamori":29,"aspiration:HummingbirdHeart":29,"War Paint":25,"Medical Kit":29,"keyreminder:keyreminder":0,"downfall:BrokenWingStatue":15,"downfall:HeartBlessingBlue":17,"Tiny Chest":4,"Simple Rune":25,"astrologer:SkyMirror":0}]},"card_choices":[{"not_picked":["astrologer:TheEmperor","astrologer:Radiance"],"picked":"astrologer:ShiningStar","floor":0},{"not_picked":["astrologer:Moonlight","astrologer:Stardust"],"picked":"astrologer:SolarFlare","floor":2},{"not_picked":["astrologer:Cataclysm","astrologer:Confirmation"],"picked":"astrologer:Novile","floor":3},{"not_picked":["astrologer:Divination","astrologer:Conjunction"],"picked":"astrologer:Stardust","floor":8},{"not_picked":["astrologer:Conjunction","astrologer:SolarFlare"],"picked":"astrologer:Wish","floor":10},{"not_picked":["astrologer:TheLovers","astrologer:Premeditation"],"picked":"astrologer:Stardust","floor":12},{"not_picked":["astrologer:Stardust","astrologer:Conjunction"],"picked":"astrologer:TheStar","floor":14},{"not_picked":["astrologer:Glimpse","astrologer:Still"],"picked":"astrologer:TheStar","floor":15}],"player_experience":494047,"relics_obtained":[{"floor":3,"key":"StuffTheSpire:ForceGauntlet"},{"floor":10,"key":"War Paint"},{"floor":11,"key":"Simple Rune"}],"event_choices":[{"damage_healed":23,"gold_gain":0,"player_choice":"Banana","damage_taken":0,"max_hp_gain":0,"max_hp_loss":0,"event_name":"Big Fish","floor":4,"gold_loss":0}],"is_beta":false,"boss_relics":[],"items_purged_floors":[2],"is_endless":false,"potions_floor_spawned":[8,14,15],"killed_by":"downfall:Ironclad","ascension_level":0}}