{"host":"hlo0wt5fjlilsn9r","time":1608237526,"event":{"mods":["AchievementEnabler","Aspiration","Bard","BaseMod","Beaked The Cultist","Better Altar","Better Match","Better Note","Better Sensory Stone","Better Skull","Better Third Choice","BetterRewards","CCEM","Colored Map","Conspire","Downfall","Friendly Minions","GifTheSpireLib","Halation","Hermit","Highlight Path","Hubris","Hunter ?人","Jedi Mod","Jorbs\u0027s Wanderer Trilogy","Kiyohime（清?）","Mad Scientist","Marisa（霧雨　魔理沙）","Mimic Mod","Minty Spire (QoL Compilation)","Permanent Neow","Replay The Spire","Shade Mod","Spicy Shops","StSLib","Stuff the Spire","Td1madao Mod","The Administrix","The Blackbeard","The Bug Knight","The Construct","The Cursed","The Disciple","The Gatherer","The Hierophant","The Mystic","The Necromancer","The Runesmith","The Servant 0.9.4","The Spell Scribe","The Witch","Unceasing Turn Reminder"],"gold_per_floor":[111,125,144,144,157,182,198,226,226,226,259,259,259,278,278,375,375,394,394,218,26,26,61,76,86,86,86,97,97,107,122,122,219,219,239,256,256,266,266,281,314,326,349,362,362,48,74,92,92,92],"floor_reached":51,"playtime":6727,"items_purged":["Strike_S","Strike_S","Strike_S","Strike_S+1","Parasite"],"score":803,"play_id":"04a7fcf3-1b19-4a6f-a76d-a5b11e1283aa","local_time":"20201217123846","is_ascension_mode":false,"campfire_choices":[{"floor":12.0,"key":"REST"},{"floor":15.0,"key":"REST"},{"floor":32.0,"key":"REST"},{"floor":45,"key":"REST"},{"floor":49,"key":"REST"}],"circlet_count":0,"master_deck":["Defend_S","Defend_S","Defend_S","Defend_S","KidneyShot","Exchange","TheWorld","Ricochet","Alleviate","ShatteredReality","ShatteredReality","Moonlight+1","BestPractice+1","ShiftingGears","Luminosity","WasteNot","GearUp","GearUp","SilverBlades+1","Luminosity+1","MurderousAura","FlawlessForm","Deny","Comet+1","ShatteredReality+1","StarChef+1","MurderousAura","SilverBlades+1","DualDimension+1"],"relics":["Uniform","CultistMask","StuffTheSpire:DarkSteelAnvil","Oddly Smooth Stone","conspire:DecoderRing","hubris:Towel","aspiration:FrozenJewel","Kunai","Singing Bowl","Mirror","conspire:Flyswatter","hubris:Icosahedron","Iron Hammer","Blue Doll","Lizard Tail","conspire:GlowingRock"],"acts_visited":["Exordium","TheCity","TheBeyond"],"potions_floor_usage":[47,47,50],"damage_taken":[{"damage":0.0,"enemies":"Cultist","floor":1.0,"turns":5.0},{"damage":0.0,"enemies":"conspire:RoseBush","floor":2.0,"turns":4.0},{"damage":0.0,"enemies":"Jaw Worm","floor":3.0,"turns":3.0},{"damage":0.0,"enemies":"Gremlin Gang","floor":5.0,"turns":2.0},{"damage":9.0,"enemies":"Gremlin Nob","floor":6.0,"turns":5.0},{"damage":0.0,"enemies":"Large Slime","floor":7.0,"turns":3.0},{"damage":13.0,"enemies":"Lagavulin","floor":8.0,"turns":8.0},{"damage":0.0,"enemies":"Gremlin Nob","floor":11.0,"turns":3.0},{"damage":11.0,"enemies":"Exordium Thugs","floor":14.0,"turns":3.0},{"damage":33.0,"enemies":"Slime Boss","floor":16.0,"turns":7.0},{"damage":1.0,"enemies":"Chosen","floor":18.0,"turns":5.0},{"damage":0.0,"enemies":"HollowMod:Nosk","floor":23.0,"turns":8.0},{"damage":4.0,"enemies":"3 Byrds","floor":24.0,"turns":6.0},{"damage":1.0,"enemies":"Snecko","floor":25.0,"turns":4.0},{"damage":9.0,"enemies":"Snake Plant","floor":28.0,"turns":5.0},{"damage":10.0,"enemies":"3 Cultists","floor":30.0,"turns":6.0},{"damage":4.0,"enemies":"Sentry and Sphere","floor":31.0,"turns":7.0},{"damage":12.0,"enemies":"conspire:MysteriousRune","floor":33.0,"turns":10.0},{"damage":14.0,"enemies":"3 Shapes","floor":35.0,"turns":4.0},{"damage":0,"enemies":"Orb Walker","floor":36,"turns":5},{"damage":16,"enemies":"Spire Growth","floor":38,"turns":7},{"damage":18,"enemies":"3 Darklings","floor":40,"turns":4},{"damage":0,"enemies":"R_Hoarder","floor":41,"turns":10},{"damage":42,"enemies":"Writhing Mass","floor":42,"turns":6},{"damage":0,"enemies":"Jaw Worm Horde","floor":44,"turns":1},{"damage":29,"enemies":"Reptomancer","floor":47,"turns":6},{"damage":0,"enemies":"Sphere and 2 Shapes","floor":48,"turns":4},{"damage":55,"enemies":"Time Eater","floor":50,"turns":12}],"seed_played":"-2350653678923729764","potions_obtained":[{"floor":2.0,"key":"construct:ShiftPotion"},{"floor":7.0,"key":"FairyPotion"},{"floor":8.0,"key":"hexamod:EctoCoolerPotion"},{"floor":14.0,"key":"Fire Potion"},{"floor":24.0,"key":"ColorlessPotion"},{"floor":28.0,"key":"AttackPotion"},{"floor":30.0,"key":"FearPotion"},{"floor":36,"key":"BlessingOfTheForge"},{"floor":44,"key":"jedi:StrikingPotion"},{"floor":47,"key":"EssenceOfSteel"},{"floor":48,"key":"Flashbang"}],"is_trial":false,"path_per_floor":["M","M","M","?","M","E","M","E","T","?","E","R","$","M","R","B",null,"M","?","$","$","?","E","M","M","T","T","M","?","M","M","R","B",null,"M","M","?","M","?","M","E","M","T","M","R","$","E","M","R","B",null],"character_chosen":"THE_SERVANT","items_purchased":["GearUp","GearUp","Kunai","Lizard Tail"],"campfire_rested":5,"item_purchase_floors":[20,21,21,46],"current_hp_per_floor":[65,65,65,65,65,56,56,43,43,43,43,62,50,39,58,25,65,64,75,75,75,50,50,48,47,47,47,38,38,30,26,49,37,79,65,65,65,49,49,33,35,24,24,24,48,48,19,21,45,34],"gold":92,"neow_bonus":"ONE_RANDOM_RARE_CARD","is_daily":false,"chose_seed":false,"campfire_upgraded":0,"win_rate":0.0,"timestamp":1608237526,"path_taken":["M","M","M","?","?","E","M","E","T","?","E","R","?","?","R","BOSS","M","?","?","$","?","E","M","M","T","?","M","?","?","M","R","BOSS","M","?","?","M","?","M","E","M","T","M","R","$","E","M","R","BOSS"],"items_purchased_type":["Card","Card","Relic","Relic"],"build_version":"2020-12-13","purchased_purges":5,"victory":true,"max_hp_per_floor":[65,65,65,65,65,65,65,65,65,65,65,65,65,65,65,65,65,65,75,75,75,75,75,77,77,77,77,77,77,79,79,79,79,79,79,79,79,79,79,81,83,83,83,83,83,80,80,82,82,82],"card_choices":[{"not_picked":["Potential","BottledTime"],"picked":"Ricochet","floor":1.0},{"not_picked":["Spin","Defy"],"picked":"Alleviate","floor":2.0},{"not_picked":["Unruled","DoubleEdge"],"picked":"ShatteredReality","floor":3.0},{"not_picked":["Defy","Contraction"],"picked":"ShatteredReality","floor":5.0},{"not_picked":["Replace","WasteNot"],"picked":"Moonlight","floor":6.0},{"not_picked":["Rewind","Defy"],"picked":"BestPractice","floor":7.0},{"not_picked":["Rewind","Potential"],"picked":"ShiftingGears","floor":8.0},{"not_picked":["Sabotage","ForgedInTime","Defy"],"picked":"SKIP","floor":11.0},{"not_picked":["Collapse","Starlight"],"picked":"Luminosity","floor":14.0},{"not_picked":["Duplication","ForgedInTime"],"picked":"Initiator","floor":16.0},{"not_picked":["Misdirection+1","Unruled+1"],"picked":"WasteNot","floor":18.0},{"not_picked":["Gouge","Spin+1"],"picked":"SilverBlades+1","floor":23.0},{"not_picked":["SoulSculpture","DoubleEdge+1","Sabotage"],"picked":"Singing Bowl","floor":24.0},{"not_picked":["BottledTime","Replace"],"picked":"Luminosity+1","floor":25.0},{"not_picked":["BottledTime+1","SilverBlades"],"picked":"MurderousAura","floor":28.0},{"not_picked":["Shuttle","Ricochet","ShatteredReality+1"],"picked":"Singing Bowl","floor":30.0},{"not_picked":["Alleviate","BottledTime"],"picked":"FlawlessForm","floor":31.0},{"not_picked":["LightFlow","ForgedInTime"],"picked":"Deny","floor":33.0},{"not_picked":["Desolation+1","Alleviate+1"],"picked":"Comet+1","floor":35.0},{"not_picked":["Hightail","Alleviate"],"picked":"ShatteredReality+1","floor":36},{"not_picked":["Unruled+1","SurpressingFire"],"picked":"StarChef+1","floor":38},{"not_picked":["Hightail","Potential+1","SilverBlades"],"picked":"Singing Bowl","floor":40},{"not_picked":["ShatteredReality+1","FlawlessForm","FastForward+1"],"picked":"Singing Bowl","floor":41},{"not_picked":["Starlight+1","Revamp"],"picked":"MurderousAura","floor":42},{"not_picked":["Luminosity+1","Ricochet+1"],"picked":"SilverBlades+1","floor":44},{"not_picked":["Deny","ShatteredReality"],"picked":"DualDimension+1","floor":47},{"not_picked":["DoubleEdge+1","Alleviate","BottledTime+1"],"picked":"Singing Bowl","floor":48}],"player_experience":208938,"relics_obtained":[{"floor":6.0,"key":"StuffTheSpire:DarkSteelAnvil"},{"floor":8.0,"key":"Oddly Smooth Stone"},{"floor":9.0,"key":"conspire:DecoderRing"},{"floor":11.0,"key":"aspiration:FrozenJewel"},{"floor":23.0,"key":"Singing Bowl"},{"floor":26.0,"key":"Mirror"},{"floor":27.0,"key":"conspire:Flyswatter"},{"floor":41,"key":"Iron Hammer"},{"floor":43,"key":"Blue Doll"},{"floor":47,"key":"conspire:GlowingRock"}],"event_choices":[{"damage_healed":0.0,"max_hp_gain":0.0,"max_hp_loss":0.0,"gold_gain":0.0,"event_name":"FaceTrader","player_choice":"Trade","floor":4.0,"gold_loss":0.0,"damage_taken":0.0,"relics_obtained":["CultistMask"]},{"cards_removed":["Initiator"],"damage_healed":1.0,"max_hp_gain":10.0,"max_hp_loss":0.0,"gold_gain":0.0,"event_name":"Bonfire Elementals","player_choice":"Offered Rare","floor":19.0,"gold_loss":0.0,"damage_taken":0.0},{"damage_healed":0.0,"max_hp_gain":0.0,"max_hp_loss":0.0,"gold_gain":0.0,"event_name":"betterSkull:BetterSkull","player_choice":"UP UP ","floor":22.0,"gold_loss":0.0,"damage_taken":29.0,"cards_upgraded":["Moonlight","Strike_S"],"relics_obtained":[]},{"damage_healed":0.0,"max_hp_gain":0.0,"max_hp_loss":0.0,"gold_gain":0.0,"event_name":"Lab","player_choice":"Got Potions","floor":29.0,"gold_loss":0.0,"damage_taken":0.0},{"damage_healed":0,"gold_gain":0,"player_choice":"Upgraded","damage_taken":0,"max_hp_gain":0,"max_hp_loss":0,"event_name":"Upgrade Shrine","floor":39,"gold_loss":0,"cards_upgraded":["BestPractice"]}],"is_beta":false,"boss_relics":[{"not_picked":["jedi:paperlyon","Velvet Choker","Replay:Wanted Poster"]},{"not_picked":["Snecko Eye","Runic Dome","aspiration:RunicSpoon"]}],"items_purged_floors":[13,13,20,46,46],"is_endless":false,"potions_floor_spawned":[2,7,8,14,16,24,28,30,36,38,44,47,48],"ascension_level":0}}