{"host":"l4kdldlios54gl54","time":1608166396,"event":{"mods":["AchievementEnabler","BaseMod","Colored Map","Colored Powertips","Minty Spire (QoL Compilation)","Random Character Button"],"gold_per_floor":[114,39,89,101,26,26,61,61,61,75,87,87,106,122,122,122,122],"floor_reached":16,"playtime":407,"items_purged":["Strike_G"],"score":248,"play_id":"fdd8da78-b547-4598-a203-eaa70f0dd06a","local_time":"20201217015316","is_ascension_mode":true,"campfire_choices":[{"data":"Blade Dance","floor":6,"key":"SMITH"},{"data":"Slice","floor":8,"key":"SMITH"},{"data":"Predator","floor":12,"key":"SMITH"},{"data":"Backflip","floor":15,"key":"SMITH"}],"circlet_count":0,"master_deck":["AscendersBane","Strike_G","Strike_G","Strike_G","Defend_G","Defend_G","Defend_G","Defend_G","Defend_G","Survivor","Neutralize","Blade Dance+1","Escape Plan","Slice+1","Predator+1","Infinite Blades","Backflip+1"],"relics":["Ring of the Snake","NeowsBlessing","Strawberry","Question Card"],"acts_visited":["Exordium"],"potions_floor_usage":[13,16],"damage_taken":[{"damage":0,"enemies":"2 Louse","floor":1,"turns":1},{"damage":0,"enemies":"Cultist","floor":4,"turns":1},{"damage":0,"enemies":"Gremlin Nob","floor":7,"turns":1},{"damage":0,"enemies":"Small Slimes","floor":10,"turns":3},{"damage":2,"enemies":"Exordium Wildlife","floor":11,"turns":4},{"damage":0,"enemies":"2 Fungi Beasts","floor":13,"turns":2},{"damage":15,"enemies":"Exordium Thugs","floor":14,"turns":4},{"damage":56,"enemies":"Slime Boss","floor":16,"turns":8}],"seed_played":"-8424984038305313792","potions_obtained":[{"floor":7,"key":"SneckoOil"},{"floor":14,"key":"GamblersBrew"}],"is_trial":false,"path_per_floor":["M","?","?","M","$","R","E","R","T","M","M","R","M","M","R","B"],"character_chosen":"THE_SILENT","items_purchased":[],"campfire_rested":0,"item_purchase_floors":[],"current_hp_per_floor":[59,59,59,59,59,59,66,66,66,66,64,64,64,49,49,0,0],"gold":122,"neow_bonus":"THREE_ENEMY_KILL","is_daily":false,"chose_seed":false,"campfire_upgraded":4,"win_rate":0.0,"timestamp":1608166396,"path_taken":["M","?","?","?","$","R","E","R","T","M","M","R","M","M","R","BOSS"],"items_purchased_type":[],"build_version":"2020-12-13","purchased_purges":1,"victory":false,"max_hp_per_floor":[66,66,66,66,66,66,73,73,73,73,73,73,73,73,73,73,73],"card_choices":[{"not_picked":["Sucker Punch","Dagger Throw"],"picked":"Blade Dance","floor":1},{"not_picked":["Reflex","Acrobatics"],"picked":"Escape Plan","floor":4},{"not_picked":["Prepared","Bullet Time"],"picked":"Slice","floor":7},{"not_picked":["Dagger Throw","Prepared","Poisoned Stab"],"picked":"Predator","floor":10},{"not_picked":["Dagger Spray","Underhanded Strike","Concentrate"],"picked":"Infinite Blades","floor":11},{"not_picked":["Blade Dance","Dagger Spray","Sucker Punch"],"picked":"Backflip","floor":13},{"not_picked":["Expertise","Flying Knee","Backflip","Finisher"],"picked":"SKIP","floor":14}],"player_experience":836036,"relics_obtained":[{"floor":7,"key":"Strawberry"},{"floor":9,"key":"Question Card"}],"event_choices":[{"cards_removed":["Strike_G"],"damage_healed":0,"gold_gain":0,"player_choice":"Card Removal","damage_taken":0,"max_hp_gain":0,"max_hp_loss":0,"event_name":"The Cleric","floor":2,"gold_loss":75},{"damage_healed":0,"gold_gain":50,"player_choice":"Pray","damage_taken":0,"max_hp_gain":0,"max_hp_loss":0,"event_name":"Golden Shrine","floor":3,"gold_loss":0}],"is_beta":false,"boss_relics":[],"items_purged_floors":[5],"is_endless":false,"potions_floor_spawned":[7,14],"killed_by":"Slime Boss","ascension_level":19}}