{"host":"svab9sudlrudptws","time":1608241208,"event":{"mods":["BaseMod","Colored Powertips","Minty Spire (QoL Compilation)","Robot Space Explorer","Shade Mod","StSLib","The Blackbeard","The Mystic","The Necromancer","The Poker Player","The Servant 0.9.4"],"gold_per_floor":[109,129,147,159,171,171,197,197,197,210,243,257,272,297,297,399,399,410,10,22,39,53,80,95,95,95,95,128,128,53,63,63,158,158,169,15,15,25,38,66,84,84,84,104,29,64,0,31,31,31,31,31,31,57,57,57],"floor_reached":55,"playtime":4941,"items_purged":["Pain"],"score":905,"play_id":"45e72cba-6331-4e31-bdd4-e1f3502d4674","local_time":"20201217234008","is_ascension_mode":true,"campfire_choices":[{"data":"Shade:TouchOfTheGrave","floor":6,"key":"SMITH"},{"data":"Shade:ExtraLimbs","floor":8,"key":"SMITH"},{"data":"Shade:StitchTogether","floor":15,"key":"SMITH"},{"data":"Shade:LichForm","floor":25,"key":"SMITH"},{"data":"1","floor":27,"key":"LIFT"},{"data":"2","floor":29,"key":"LIFT"},{"data":"3","floor":32,"key":"LIFT"},{"floor":42,"key":"RECALL"},{"data":"Shade:Tombstone","floor":49,"key":"SMITH"},{"data":"Shade:ExtraLimbs","floor":52,"key":"SMITH"}],"circlet_count":0,"master_deck":["Shade:Defend_Shade+1","Shade:Defend_Shade","Shade:Defend_Shade+1","Shade:Defend_Shade","Shade:AnimateDead","Shade:CarefulCut","Shade:TouchOfTheGrave+1","Shade:AncientSpear","Shade:ExtraLimbs+1","Shade:Bonestorm","Shade:ExtraLimbs+1","Shade:StitchTogether+1","Shade:SensePrey","Shade:FuneraryJewels","Shade:LichForm+1","Shade:Brains+1","Shade:FleshLikeOak+1","Shade:DangerousRitual+1","Shade:AncientSpear+1","Shade:ExtraLimbs+1","Shade:LyeBath+1","Shade:ScuttlingHand","Shade:Coordination","Shade:Tombstone+1","Parasite","Shade:CallWraith+1","Shade:CommandSoldier+1","Shade:WallOfFlesh+1"],"relics":["Shade:YorickSkull","War Paint","Darkstone Periapt","TungstenRod","Calipers","Pantograph","Astrolabe","Eternal Feather","Anchor","Mummified Hand","Girya","Ancient Tea Set","SlaversCollar","Lantern","WarpedTongs","Vajra","Smiling Mask","Red Mask","Gremlin Horn","Nunchaku"],"acts_visited":["Exordium","TheCity","TheBeyond","TheEnding"],"potions_floor_usage":[11,13,21,28,46,55,55,55],"damage_taken":[{"damage":0.0,"enemies":"Cultist","floor":1.0,"turns":4.0},{"damage":0.0,"enemies":"Jaw Worm","floor":2.0,"turns":3.0},{"damage":0.0,"enemies":"Small Slimes","floor":3.0,"turns":4.0},{"damage":0.0,"enemies":"2 Fungi Beasts","floor":4.0,"turns":4.0},{"damage":0,"enemies":"Looter","floor":5,"turns":2},{"damage":11,"enemies":"3 Sentries","floor":7,"turns":5},{"damage":1,"enemies":"Red Slaver","floor":10,"turns":2},{"damage":9,"enemies":"Gremlin Nob","floor":11,"turns":3},{"damage":7,"enemies":"Blue Slaver","floor":12,"turns":3},{"damage":0,"enemies":"Exordium Wildlife","floor":13,"turns":2},{"damage":13,"enemies":"Lagavulin","floor":14,"turns":4},{"damage":3,"enemies":"Slime Boss","floor":16,"turns":8},{"damage":4,"enemies":"Shell Parasite","floor":18,"turns":5},{"damage":18,"enemies":"2 Thieves","floor":20,"turns":4},{"damage":6,"enemies":"Snake Plant","floor":21,"turns":5},{"damage":8,"enemies":"3 Cultists","floor":22,"turns":5},{"damage":4,"enemies":"Gremlin Leader","floor":23,"turns":5},{"damage":13,"enemies":"Shelled Parasite and Fungi","floor":24,"turns":4},{"damage":5,"enemies":"Book of Stabbing","floor":28,"turns":3},{"damage":0,"enemies":"Centurion and Healer","floor":31,"turns":3},{"damage":3,"enemies":"Automaton","floor":33,"turns":5},{"damage":8,"enemies":"3 Shapes","floor":35,"turns":3},{"damage":2,"enemies":"3 Darklings","floor":38,"turns":3},{"damage":12,"enemies":"Writhing Mass","floor":39,"turns":5},{"damage":0,"enemies":"Reptomancer","floor":40,"turns":3},{"damage":0,"enemies":"Sphere and 2 Shapes","floor":41,"turns":4},{"damage":4,"enemies":"Maw","floor":44,"turns":3},{"damage":47,"enemies":"Nemesis","floor":46,"turns":7},{"damage":0,"enemies":"Giant Head","floor":48,"turns":4},{"damage":58,"enemies":"Time Eater","floor":50,"turns":9},{"damage":22,"enemies":"Shield and Spear","floor":54,"turns":4},{"damage":91,"enemies":"The Heart","floor":55,"turns":6}],"seed_played":"322891602166467452","potions_obtained":[{"floor":1.0,"key":"DistilledChaos"},{"floor":4.0,"key":"Dexterity Potion"},{"floor":5,"key":"Weak Potion"},{"floor":13,"key":"SpeedPotion"},{"floor":14,"key":"GamblersBrew"},{"floor":18,"key":"Strength Potion"},{"floor":28,"key":"Strength Potion"},{"floor":35,"key":"Fire Potion"},{"floor":40,"key":"DuplicationPotion"},{"floor":44,"key":"ColorlessPotion"},{"floor":54,"key":"SkillPotion"}],"is_trial":false,"path_per_floor":["M","M","M","M","M","R","E","R","T","M","E","M","M","E","R","B",null,"M","$","M","M","M","E","M","R","T","R","E","R","?","M","R","B",null,"M","$","?","M","M","E","M","R","T","M","$","E","?","E","R","B",null,"R","$","E","B"],"character_chosen":"SHADE","items_purchased":["Eternal Feather","Anchor","Lantern"],"campfire_rested":0,"item_purchase_floors":[19,19,36],"current_hp_per_floor":[65,65,65,65,65,65,54,54,54,53,44,37,37,24,24,56,65,61,61,43,37,29,25,12,24,24,36,31,43,43,43,55,62,65,57,57,63,69,65,75,77,77,77,73,73,26,26,36,51,28,77,77,77,55,0,0],"gold":57,"neow_bonus":"RANDOM_COMMON_RELIC","is_daily":false,"chose_seed":false,"campfire_upgraded":6,"win_rate":0.0,"timestamp":1608241208,"path_taken":["M","M","M","M","M","R","E","R","T","M","E","M","M","E","R","BOSS","M","$","M","M","M","E","M","R","T","R","E","R","?","M","R","BOSS","M","$","?","M","?","E","M","R","T","M","$","E","?","E","R","BOSS","R","$","E","BOSS"],"items_purchased_type":["Relic","Relic","Relic"],"build_version":"2020-12-13","purchased_purges":1,"victory":false,"max_hp_per_floor":[65,65,65,65,65,65,65,65,65,65,65,65,65,65,65,65,65,65,65,65,65,65,65,65,65,65,65,65,65,65,65,65,65,65,65,65,71,71,77,77,77,77,77,77,77,77,77,77,77,77,77,77,77,77,77,77],"card_choices":[{"not_picked":["Shade:CommandSoldier","Shade:ClawBack"],"picked":"Shade:TouchOfTheGrave","floor":1.0},{"not_picked":["Shade:FleshOffering","Shade:FleshToFlesh","Shade:Excise"],"picked":"SKIP","floor":2.0},{"not_picked":["Shade:FingerOfDeath","Shade:Patience"],"picked":"Shade:AncientSpear","floor":3.0},{"not_picked":["Shade:StitchTogether","Shade:CommandSoldier"],"picked":"Shade:ExtraLimbs","floor":4.0},{"not_picked":["Shade:Patience","Shade:WallOfFlesh"],"picked":"Shade:Bonestorm","floor":5},{"not_picked":["Shade:CommandSoldier","Shade:CallWraith"],"picked":"Shade:ExtraLimbs","floor":7},{"not_picked":["Shade:LyeBath","Shade:FeralStrike"],"picked":"Shade:StitchTogether","floor":10},{"not_picked":["Shade:RavenousHorde","Shade:GraveStillness","Shade:GreyBargain"],"picked":"SKIP","floor":11},{"not_picked":["Shade:OneIsEnough","Shade:FuneraryJewels"],"picked":"Shade:SensePrey","floor":12},{"not_picked":["Shade:Patience","Shade:CoffinDance","Shade:Frenzy"],"picked":"SKIP","floor":13},{"not_picked":["Shade:FeralStrike","Shade:RavenousHorde"],"picked":"Shade:FuneraryJewels","floor":14},{"not_picked":["Shade:LastGasp","Shade:DarkOfNight"],"picked":"Shade:LichForm","floor":16},{"not_picked":["Shade:BoneShards","Shade:SensePrey+1"],"picked":"Shade:AncientSpear+1","floor":18},{"not_picked":["Shade:WallOfFlesh","Shade:CoffinDance"],"picked":"Shade:ExtraLimbs+1","floor":20},{"not_picked":["Shade:SkeletonHug","Shade:CoffinDance+1","Shade:FleshToFlesh"],"picked":"SKIP","floor":21},{"not_picked":["Shade:Consume","Shade:FreshBones","Shade:WallOfFlesh+1"],"picked":"SKIP","floor":22},{"not_picked":["Shade:GraveStillness","Shade:Premonition"],"picked":"Shade:LyeBath+1","floor":23},{"not_picked":["Shade:CallWraith+1","Shade:ClawBack"],"picked":"Shade:ScuttlingHand","floor":24},{"not_picked":["Shade:Patience","Shade:FuneraryArmor"],"picked":"Shade:Coordination","floor":28},{"not_picked":["Shade:Trample","Shade:ClawBack","Shade:AncientSpear"],"picked":"SKIP","floor":31},{"not_picked":["Shade:SoulPierce","Shade:OneIsEnough"],"picked":"Shade:Tombstone","floor":33},{"not_picked":["Shade:SkeletonHug+1","Shade:SkeletonArmy","Shade:PoundOfFlesh"],"picked":"SKIP","floor":35},{"not_picked":["Shade:LyeBath","Shade:FleshOffering","Shade:Doomsay"],"picked":"SKIP","floor":38},{"not_picked":["Shade:FreshBones+1","Shade:AncientSpear+1","Shade:Bonestorm+1"],"picked":"SKIP","floor":39},{"not_picked":["Shade:Frenzy+1","Shade:FuneraryArmor+1","Shade:Consume"],"picked":"SKIP","floor":40},{"not_picked":["Shade:RavenousHorde+1","Shade:SkeletonHug+1"],"picked":"Shade:CallWraith+1","floor":41},{"not_picked":["Shade:SkeletonHug","Shade:FeralStrike+1"],"picked":"Shade:CommandSoldier+1","floor":44},{"not_picked":["Shade:SpontaneousRitual+1","Shade:Brains","Shade:FingerOfDeath+1"],"picked":"SKIP","floor":46},{"not_picked":["Shade:Haruspicy+1","Shade:Brains"],"picked":"Shade:WallOfFlesh+1","floor":48},{"not_picked":["Shade:GraveStillness","Shade:CommandSoldier","Shade:ClawBack"],"picked":"SKIP","floor":54}],"player_experience":1576444,"relics_obtained":[{"floor":7,"key":"Darkstone Periapt"},{"floor":9,"key":"TungstenRod"},{"floor":11,"key":"Calipers"},{"floor":14,"key":"Pantograph"},{"floor":23,"key":"Mummified Hand"},{"floor":26,"key":"Girya"},{"floor":28,"key":"Ancient Tea Set"},{"floor":40,"key":"Vajra"},{"floor":46,"key":"Smiling Mask"},{"floor":48,"key":"Gremlin Horn"},{"floor":54,"key":"Nunchaku"}],"event_choices":[{"cards_removed":["Shade:Strike_Shade"],"damage_healed":0,"gold_gain":0,"player_choice":"Gave Gold","damage_taken":0,"max_hp_gain":0,"max_hp_loss":0,"event_name":"Beggar","floor":30,"gold_loss":75},{"damage_healed":0,"gold_gain":0,"player_choice":"Rummage","damage_taken":0,"relics_obtained":["WarpedTongs"],"max_hp_gain":0,"max_hp_loss":0,"event_name":"Accursed Blacksmith","floor":37,"gold_loss":0,"cards_obtained":["Pain"]},{"damage_healed":0,"gold_gain":0,"player_choice":"Paid","damage_taken":0,"relics_obtained":["Red Mask"],"max_hp_gain":0,"max_hp_loss":0,"event_name":"Tomb of Lord Red Mask","floor":47,"gold_loss":64}],"is_beta":false,"boss_relics":[{"not_picked":["Coffee Dripper","Snecko Eye"],"picked":"Astrolabe"},{"not_picked":["Black Star","Shade:YorickPolishedSkull"],"picked":"SlaversCollar"}],"items_purged_floors":[45],"is_endless":false,"potions_floor_spawned":[1,4,5,13,14,18,28,35,40,44,54],"killed_by":"The Heart","ascension_level":2}}