{"host":"x5a6cvihdukvwm3n","time":1608210681,"event":{"mods":["AlwaysNeverKeys","Aspiration","BaseMod","BetterRewards","Colored Map","Colored Powertips","Conspire","Curses Come First","Friendly Minions","GifTheSpireLib","Halation","Highlight Path","Hubris","Minty Spire (QoL Compilation)","Replay The Spire","Shop Mod","StSLib","Stuff the Spire","SuperFastMode","Synergy Search","vexMod"],"gold_per_floor":[119,137,137,137,154,154,189,189,189,189,224,75,75,85,85,189,189,203,203,223,198,214,214,249,267,267,124,138,154,79,79,79,176,176,189,201,58,69,84,84,109,128,128,139,139,171,171,171,171,163,163,163,20,55,50,50],"floor_reached":55,"playtime":2733,"items_purged":[],"score":878,"play_id":"1f5efd68-1bd7-45ff-8989-e261a5a2da3c","local_time":"20201217141121","is_ascension_mode":true,"campfire_choices":[{"data":"Distraction","floor":6,"key":"SMITH"},{"floor":13,"key":"RECALL"},{"floor":15,"key":"DIG"},{"data":"Survivor","floor":23,"key":"SMITH"},{"data":"Flying Knee","floor":32,"key":"SMITH"},{"floor":40,"key":"REST"},{"floor":52,"key":"REST"}],"circlet_count":0,"master_deck":["Strike_G+1","Strike_G+1","Strike_G+1","Strike_G+1","Strike_G+1","Defend_G+1","Defend_G+1","Defend_G+1","Defend_G+1","Defend_G+1","Neutralize+1","Distraction+1","Flying Knee+1","Draining Mist+1","Blade Dance+1","Concentrate+1","Crippling Poison+1","Storm of Steel+1","Bouncing Flask+1","Bouncing Flask+1","Survivor+1","StuffTheSpire:Incantation+1","ReplayTheSpireMod:Tripwire+1","StuffTheSpire:Shiver+1","Setup+1","Crippling Poison+1","Accuracy+1","Accuracy+1","Envenom+1","Cloak And Dagger+1","ReplayTheSpireMod:Scrap Shanks+1","Toxin Wave+1","Terror+1"],"relics":["Ring of the Snake","aspiration:Nostalgia","Burning Blood","Toxic Egg 2","aspiration:ChemicalBlood","Golden Egg","ReplayTheSpireMod:Shallot","Sling","Bag of Marbles","vexMod:DeviousBotling","StuffTheSpire:Mouthbags","PreservedInsect","Paper Crane","vexMod:Spyglass","conspire:RoyalGoblet","TwistedFunnel","hubris:CrystalStatue","aspiration:ArtOfWarUpgrade","ReplayFunnel","Centennial Puzzle","StuffTheSpire:Rhapsscallions"],"acts_visited":["Exordium","TheCity","TheBeyond","TheEnding"],"potions_floor_usage":[11,11,16,16,24,29,33,35,39,39,41,44,50,50,54,54,54,54,55,55,55,55,55,55,55,55],"damage_taken":[{"damage":0,"enemies":"2 Louse","floor":1,"turns":3},{"damage":6,"enemies":"Jaw Worm","floor":2,"turns":8},{"damage":0,"enemies":"Cultist","floor":5,"turns":3},{"damage":23,"enemies":"Replay:BlueRogue","floor":7,"turns":8},{"damage":0,"enemies":"Gremlin Nob","floor":11,"turns":2},{"damage":4,"enemies":"Blue Slaver","floor":14,"turns":3},{"damage":39,"enemies":"The Guardian","floor":16,"turns":14},{"damage":1,"enemies":"Spheric Guardian","floor":18,"turns":3},{"damage":0,"enemies":"Shell Parasite","floor":20,"turns":3},{"damage":9,"enemies":"Shelled Parasite and Fungi","floor":22,"turns":4},{"damage":13,"enemies":"Book of Stabbing","floor":24,"turns":3},{"damage":1,"enemies":"Centurion and Healer","floor":25,"turns":4},{"damage":4,"enemies":"Sentry and Sphere","floor":28,"turns":3},{"damage":9,"enemies":"Snecko","floor":29,"turns":4},{"damage":26,"enemies":"conspire:MysteriousRune","floor":33,"turns":7},{"damage":22,"enemies":"3 Darklings","floor":35,"turns":4},{"damage":4,"enemies":"Orb Walker","floor":36,"turns":3},{"damage":6,"enemies":"Jaw Worm Horde","floor":38,"turns":4},{"damage":21,"enemies":"3 Darklings","floor":39,"turns":4},{"damage":2,"enemies":"Reptomancer","floor":41,"turns":3},{"damage":0,"enemies":"Sphere and 2 Shapes","floor":42,"turns":2},{"damage":31,"enemies":"Maw","floor":44,"turns":6},{"damage":5,"enemies":"Nemesis","floor":46,"turns":6},{"damage":23,"enemies":"Time Eater","floor":50,"turns":12},{"damage":15,"enemies":"Shield and Spear","floor":54,"turns":5},{"damage":82,"enemies":"The Heart","floor":55,"turns":7}],"seed_played":"4157010418687401413","potions_obtained":[{"floor":1,"key":"Dexterity Potion"},{"floor":5,"key":"Energy Potion"},{"floor":7,"key":"Dexterity Potion"},{"floor":14,"key":"EntropicBrew"},{"floor":18,"key":"Venom Potion"},{"floor":22,"key":"BlessingOfTheForge"},{"floor":24,"key":"Explosive Potion"},{"floor":29,"key":"ColorlessPotion"},{"floor":33,"key":"LifebloodPotion"},{"floor":35,"key":"Weak Potion"},{"floor":35,"key":"BlessingOfTheForge"},{"floor":39,"key":"Explosive Potion"},{"floor":39,"key":"Toxic Potion"},{"floor":50,"key":"Poison Potion"},{"floor":54,"key":"CunningPotion"}],"is_trial":false,"path_per_floor":["M","M","?","T","M","R","E","?","T","$","E","$","R","M","R_BF","B",null,"M","?","M","?","M","R","E","M","T","$","M","M","$","?","R","B",null,"M","M","$","M","M","R","E","M","T","M","$","E","R","?","R","B",null,"R","$","E","B"],"character_chosen":"THE_SILENT","items_purchased":["Sling","vexMod:Spyglass","Accuracy","TwistedFunnel","Centennial Puzzle"],"campfire_rested":2,"item_purchase_floors":[12,27,30,37,53],"current_hp_per_floor":[70,70,70,70,70,70,53,53,53,53,59,59,59,61,61,28,70,70,70,70,70,67,67,60,65,65,65,67,64,64,64,64,44,70,54,56,56,56,41,62,66,70,70,45,45,46,46,46,46,29,70,70,70,62,0,0],"gold":50,"neow_bonus":"NOSTALGIA","is_daily":false,"chose_seed":false,"campfire_upgraded":3,"win_rate":0.0,"timestamp":1608210681,"path_taken":["M","M","?","?","?","R","E","?","T","$","E","$","R","M","R_BF","BOSS","M","?","M","?","M","R","E","M","T","$","M","M","$","?","R","BOSS","M","?","?","M","M","R","E","M","T","M","$","E","R","?","R","BOSS","R","$","E","BOSS"],"items_purchased_type":["Relic","Relic","Card","Relic","Relic"],"build_version":"2020-12-13","purchased_purges":0,"victory":false,"max_hp_per_floor":[70,70,70,70,70,70,70,70,70,70,70,70,70,70,70,70,70,70,70,70,70,70,70,70,70,70,70,70,70,70,70,70,70,70,70,70,70,70,70,70,70,70,70,70,70,70,70,70,70,70,70,70,70,71,71,71],"card_choices":[{"not_picked":["Predator","Caltrops"],"picked":"Distraction","floor":1},{"not_picked":["StuffTheSpire:Injection","Cloak And Dagger"],"picked":"Flying Knee","floor":2},{"not_picked":["Tactician+1","Flying Knee"],"picked":"Draining Mist+1","floor":5},{"not_picked":["Deadly Poison+1","Cloak And Dagger+1"],"picked":"Blade Dance+1","floor":7},{"not_picked":["aspiration:Lunge","PiercingWail+1"],"picked":"Concentrate+1","floor":11},{"not_picked":["Calculated Gamble+1","Backflip+1"],"picked":"Crippling Poison+1","floor":14},{"not_picked":["Atom Bomb","Adrenaline+1"],"picked":"Storm of Steel+1","floor":16},{"not_picked":["Cloak And Dagger+1","hubris:SlightOfHand+1"],"picked":"Bouncing Flask+1","floor":18},{"not_picked":["Underhanded Strike","Deflect+1"],"picked":"Bouncing Flask+1","floor":20},{"not_picked":["StuffTheSpire:ReptileScales+1","Acrobatics+1"],"picked":"StuffTheSpire:Incantation+1","floor":22},{"not_picked":["Cloak And Dagger+1","Flechettes"],"picked":"ReplayTheSpireMod:Tripwire+1","floor":24},{"not_picked":["ReplayTheSpireMod:Tripwire+1","Prepared+1"],"picked":"StuffTheSpire:Shiver+1","floor":25},{"not_picked":["Prepared+1","Slice"],"picked":"Setup+1","floor":28},{"not_picked":["ReplayTheSpireMod:Speed Training+1","Dagger Throw"],"picked":"Crippling Poison+1","floor":29},{"not_picked":["Phantasmal Killer+1","A Thousand Cuts"],"picked":"Envenom","floor":33},{"not_picked":["Outmaneuver+1","Sucker Punch"],"picked":"Cloak And Dagger+1","floor":35},{"not_picked":["Flechettes+1","Expertise+1","Dagger Throw+1"],"picked":"SKIP","floor":36},{"not_picked":["Crippling Poison+1","Quick Slash+1"],"picked":"ReplayTheSpireMod:Scrap Shanks+1","floor":38},{"not_picked":["Acrobatics+1","PiercingWail+1"],"picked":"StuffTheSpire:Python+1","floor":39},{"not_picked":["Bullet Time+1","StuffTheSpire:Incantation+1"],"picked":"Toxin Wave+1","floor":41},{"not_picked":["StuffTheSpire:Python+1","ReplayTheSpireMod:Tripwire+1","Quick Slash"],"picked":"SKIP","floor":42},{"not_picked":["Acrobatics+1","hubris:Counter+1","StuffTheSpire:Repulse+1"],"picked":"SKIP","floor":44},{"not_picked":["StuffTheSpire:ClusterCrunch","ReplayTheSpireMod:From All Sides","Prepared+1"],"picked":"SKIP","floor":46},{"not_picked":["Dagger Throw","Deadly Poison+1"],"picked":"Terror+1","floor":54}],"player_experience":182749,"relics_obtained":[{"floor":7,"key":"aspiration:ChemicalBlood"},{"floor":9,"key":"Golden Egg"},{"floor":11,"key":"ReplayTheSpireMod:Shallot"},{"floor":15,"key":"Bag of Marbles"},{"floor":24,"key":"PreservedInsect"},{"floor":26,"key":"Paper Crane"},{"floor":41,"key":"hubris:CrystalStatue"},{"floor":43,"key":"Art of War"},{"floor":46,"key":"ReplayFunnel"},{"floor":54,"key":"StuffTheSpire:Rhapsscallions"}],"event_choices":[{"damage_healed":0,"gold_gain":0,"player_choice":"Forge","damage_taken":0,"max_hp_gain":0,"max_hp_loss":0,"event_name":"Accursed Blacksmith","floor":8,"gold_loss":0,"cards_upgraded":["Neutralize"]},{"damage_healed":0,"gold_gain":0,"player_choice":"Simplicity","damage_taken":0,"max_hp_gain":0,"max_hp_loss":0,"event_name":"Back to Basics","floor":19,"gold_loss":0,"cards_upgraded":["Strike_G","Strike_G","Strike_G","Strike_G","Strike_G","Defend_G","Defend_G","Defend_G","Defend_G","Defend_G"]},{"damage_healed":0,"gold_gain":0,"player_choice":"Copied","damage_taken":0,"max_hp_gain":0,"max_hp_loss":0,"event_name":"Duplicator","floor":31,"gold_loss":0,"cards_obtained":["Accuracy"]},{"cards_removed":["Injury"],"damage_healed":0,"gold_gain":0,"player_choice":"Purged","damage_taken":0,"max_hp_gain":0,"max_hp_loss":0,"event_name":"Purifier","floor":48,"gold_loss":0}],"is_beta":false,"boss_relics":[{"not_picked":["hubris:VirtuousBlindfold","hubris:Stopwatch"],"picked":"vexMod:DeviousBotling"},{"not_picked":["StuffTheSpire:Kangaroo","halation:PlatinumPhoenix"],"picked":"conspire:RoyalGoblet"}],"items_purged_floors":[],"is_endless":false,"potions_floor_spawned":[1,5,7,14,18,22,25,33,36,39,54],"killed_by":"The Heart","ascension_level":4}}