{"host":"xz534terrkr331jc","time":1608209538,"event":{"mods":["BaseMod","Better Third Choice","Downfall","Hermit","Jorbs\u0027s Wanderer Trilogy","Marisa????????","Minty Spire (QoL Compilation)","Shade Mod","StSLib","The Cursed","The Hierophant","The Servant 0.9.4","The Wild Card"],"gold_per_floor":[115,115,115,127,127,127,159,176,176,241,251,271,52,67,67,165,165,176,189,189,206,106,106,131,147,147,163,163,175,187,203,203,203,203],"floor_reached":33,"playtime":1903,"items_purged":["Strike_R","Defend_R"],"score":298,"play_id":"34d02bf1-be2b-40c2-99b7-32512ae84a68","local_time":"20201217135218","is_ascension_mode":false,"campfire_choices":[{"data":"Body Slam","floor":6,"key":"SMITH"},{"data":"True Grit","floor":15,"key":"SMITH"},{"floor":23,"key":"RECALL"},{"data":"Shrug It Off","floor":32,"key":"SMITH"}],"circlet_count":0,"master_deck":["Defend_R","Defend_R","Defend_R","Bash","Body Slam+1","True Grit+1","Shrug It Off+1","Whirlwind+1","Reaper+1","Double Tap","Slimebound:Tackle+1","Slimebound:Tackle+1","Slimebound:Tackle+1"],"relics":["Black Blood","NeowsBlessing","Sundial","Molten Egg 2","Anchor","TheAbacus","Vajra","Calipers","MutagenicStrength"],"acts_visited":["Exordium","TheCity"],"potions_floor_usage":[24,27,33],"damage_taken":[{"damage":0,"enemies":"Small Slimes","floor":1,"turns":2},{"damage":0,"enemies":"Jaw Worm","floor":4,"turns":1},{"damage":0,"enemies":"3 Sentries","floor":7,"turns":2},{"damage":0,"enemies":"2 Louse","floor":8,"turns":3},{"damage":19,"enemies":"Gremlin Nob","floor":10,"turns":5},{"damage":3,"enemies":"Exordium Wildlife","floor":11,"turns":4},{"damage":13,"enemies":"Exordium Thugs","floor":12,"turns":5},{"damage":0,"enemies":"2 Fungi Beasts","floor":14,"turns":2},{"damage":26,"enemies":"The Guardian","floor":16,"turns":15},{"damage":6,"enemies":"3 Byrds","floor":18,"turns":3},{"damage":20,"enemies":"2 Thieves","floor":19,"turns":3},{"damage":12,"enemies":"3 Cultists","floor":21,"turns":4},{"damage":55,"enemies":"Slavers","floor":24,"turns":5},{"damage":21,"enemies":"Snake Plant","floor":25,"turns":4},{"damage":41,"enemies":"Centurion and Healer","floor":27,"turns":6},{"damage":16,"enemies":"Chosen and Byrds","floor":29,"turns":3},{"damage":0,"enemies":"Snake Plant","floor":30,"turns":3},{"damage":28,"enemies":"3 Cultists","floor":31,"turns":5},{"damage":108,"enemies":"Collector","floor":33,"turns":6}],"seed_played":"4330871084295459201","potions_obtained":[{"floor":7,"key":"Regen Potion"},{"floor":8,"key":"SteroidPotion"},{"floor":12,"key":"SneckoOil"},{"floor":21,"key":"Energy Potion"},{"floor":25,"key":"Fire Potion"},{"floor":29,"key":"SkillPotion"}],"is_trial":false,"path_per_floor":["M","?","?","M","?","R","E","M","T","?","M","M","$","M","R","B",null,"M","M","?","M","$","R","E","M","T","M","?","M","M","M","R","B"],"character_chosen":"IRONCLAD","items_purchased":["TheAbacus"],"campfire_rested":0,"item_purchase_floors":[13],"current_hp_per_floor":[80,80,77,80,80,80,80,80,80,67,70,63,63,69,69,54,80,80,77,77,77,77,77,58,55,55,32,32,41,53,64,64,0,0],"gold":203,"neow_bonus":"THREE_ENEMY_KILL","is_daily":false,"chose_seed":false,"campfire_upgraded":3,"win_rate":0.0,"timestamp":1608209538,"path_taken":["M","?","?","M","?","R","E","M","T","?","?","M","?","M","R","BOSS","M","M","?","M","$","R","E","M","T","M","?","M","M","M","R","BOSS"],"items_purchased_type":["Relic"],"build_version":"2020-12-13","purchased_purges":2,"victory":false,"max_hp_per_floor":[80,80,80,80,80,80,80,80,80,80,80,80,80,80,80,80,80,80,80,80,80,80,80,80,80,80,80,80,80,80,80,80,80,80],"card_choices":[{"not_picked":["Twin Strike","Wild Strike","Perfected Strike"],"picked":"SKIP","floor":1},{"not_picked":["Spot Weakness","True Grit"],"picked":"Body Slam","floor":4},{"not_picked":["Bludgeon+1","Havoc"],"picked":"True Grit","floor":7},{"not_picked":["Inflame","Clash+1"],"picked":"Shrug It Off","floor":8},{"not_picked":["Twin Strike+1","Clash+1","Rupture"],"picked":"SKIP","floor":11},{"not_picked":["Wild Strike+1","Body Slam+1"],"picked":"Whirlwind+1","floor":12},{"not_picked":["Heavy Blade+1","Clash+1"],"picked":"Reaper+1","floor":14},{"not_picked":["Brutality","Fiend Fire+1"],"picked":"Double Tap","floor":16},{"not_picked":["Shrug It Off","Searing Blow+1","Pummel+1"],"picked":"SKIP","floor":18},{"not_picked":["Seeing Red","Thunderclap+1","Ghostly Armor"],"picked":"SKIP","floor":19},{"not_picked":["Pummel+1","Armaments","Perfected Strike+1"],"picked":"SKIP","floor":21},{"not_picked":["Berserk","Twin Strike+1","Juggernaut"],"picked":"SKIP","floor":24},{"not_picked":["Shockwave","Sword Boomerang+1","Combust+1"],"picked":"SKIP","floor":25},{"not_picked":["Infernal Blade","Anger+1","Rupture"],"picked":"SKIP","floor":27},{"not_picked":["Whirlwind+1","Sword Boomerang+1","True Grit+1"],"picked":"SKIP","floor":29},{"not_picked":["Havoc+1","Sever Soul+1","Body Slam+1"],"picked":"SKIP","floor":30},{"not_picked":["Inflame+1","Clothesline+1","Armaments"],"picked":"SKIP","floor":31}],"player_experience":557915,"relics_obtained":[{"floor":7,"key":"Molten Egg 2"},{"floor":10,"key":"Anchor"},{"floor":24,"key":"Vajra"},{"floor":26,"key":"Calipers"}],"event_choices":[{"cards_removed":["Strike_R"],"damage_healed":0,"gold_gain":0,"player_choice":"Forget","damage_taken":0,"max_hp_gain":0,"max_hp_loss":0,"event_name":"Living Wall","floor":2,"gold_loss":0},{"damage_healed":0,"gold_gain":0,"player_choice":"Relic ","damage_taken":3,"max_hp_gain":0,"max_hp_loss":0,"event_name":"betterThird:BetterScrap","floor":3,"gold_loss":0,"cards_obtained":["WreathOfFlame"]},{"damage_healed":0,"gold_gain":0,"player_choice":"Ignored","damage_taken":127,"max_hp_gain":0,"max_hp_loss":0,"event_name":"betterThird:BetterSerpent","floor":5,"gold_loss":0},{"damage_healed":0,"gold_gain":0,"player_choice":"Searched \u00272\u0027 times","damage_taken":0,"max_hp_gain":0,"max_hp_loss":0,"event_name":"Dead Adventurer","floor":10,"gold_loss":0},{"damage_healed":0,"gold_gain":0,"player_choice":"Inject Mutagens","damage_taken":0,"relics_obtained":["MutagenicStrength"],"max_hp_gain":0,"max_hp_loss":0,"event_name":"Drug Dealer","floor":28,"gold_loss":0}],"is_beta":false,"boss_relics":[{"not_picked":["Black Star","Tiny House"],"picked":"Black Blood"}],"items_purged_floors":[13,22],"is_endless":false,"potions_floor_spawned":[7,8,12,16,21,25,29,31],"killed_by":"Collector","ascension_level":0}}