{"host":"fqid566djxhwi0rl","time":1608204232,"event":{"mods":["2.2 Compatiblity","AchievementEnabler","Aspiration","BaseMod","Downfall","Energized Spire","Faster Ascension Climbing","GifTheSpireLib","Minty Spire (QoL Compilation)","Replay The Spire","StSLib","The Blackbeard","The Gatherer","Trackpad","Yuri Mod"],"gold_per_floor":[109,129,149,169,169,169,199,217,217,217,46,77,77,152,152,229,229,244,255,255,255,255],"floor_reached":21,"playtime":891,"items_purged":["champ:Strike"],"score":396,"play_id":"e4fefce5-d22b-44f3-bf3c-8bae54c5dd26","local_time":"20201217132352","is_ascension_mode":true,"campfire_choices":[{"floor":6.0,"key":"REST"},{"floor":10.0,"key":"REST"},{"floor":13.0,"key":"REST"},{"data":"champ:DefensiveStyle","floor":15.0,"key":"SMITH"}],"circlet_count":0,"master_deck":["AscendersBane","champ:Strike","champ:Strike","champ:Strike","champ:Defend","champ:Defend","champ:Defend","champ:Defend","champ:Execute","champ:Taunt","champ:ShieldSigil","champ:FocusedDefense","champ:TornadoPunch","champ:FalseCounter","champ:EnGarde","champ:DefensiveStyle+1","champ:TornadoPunch+1","champ:SteelEdge+1","champ:Duel+1"],"relics":["champ:ChampionCrown","Calipers","Replay:Towering Pillar of Hats","Molten Egg 2","Snack Pack","Philosopher\u0027s Stone"],"acts_visited":["Exordium","TheCity"],"potions_floor_usage":[16],"damage_taken":[{"damage":16.0,"enemies":"Jaw Worm","floor":1.0,"turns":6.0},{"damage":5.0,"enemies":"Cultist","floor":2.0,"turns":3.0},{"damage":5.0,"enemies":"Small Slimes","floor":3.0,"turns":2.0},{"damage":31.0,"enemies":"Exordium Wildlife","floor":4.0,"turns":5.0},{"damage":37.0,"enemies":"3 Sentries","floor":7.0,"turns":7.0},{"damage":7.0,"enemies":"3 Louse","floor":8.0,"turns":4.0},{"damage":7.0,"enemies":"Replay:BlueRogue","floor":12.0,"turns":7.0},{"damage":30,"enemies":"Slime Boss","floor":16,"turns":6},{"damage":35,"enemies":"2 Thieves","floor":18,"turns":3},{"damage":30,"enemies":"3 Byrds","floor":19,"turns":5},{"damage":13,"enemies":"Snake Plant","floor":21,"turns":1}],"seed_played":"6740345402598089020","potions_obtained":[{"floor":3.0,"key":"ColorlessPotion"},{"floor":4.0,"key":"Regen Potion"},{"floor":5.0,"key":"Flashbang"},{"floor":12.0,"key":"SkillPotion"},{"floor":16,"key":"Ancient Potion"}],"is_trial":false,"path_per_floor":["M","M","M","M","?","R","E","M","T","R","$","E","R","?","R","B",null,"M","M","?","M"],"character_chosen":"THE_CHAMP","items_purchased":["champ:DefensiveStyle","ColorlessPotion"],"campfire_rested":3,"item_purchase_floors":[11,11],"current_hp_per_floor":[44,44,39,13,13,37,15,13,13,37,37,30,54,43,43,13,64,34,7,7,0,0],"gold":255,"neow_bonus":"ONE_RARE_RELIC","is_daily":false,"chose_seed":false,"campfire_upgraded":1,"win_rate":0.0,"timestamp":1608204232,"path_taken":["M","M","M","M","?","R","E","?","T","R","?","E","R","?","R","BOSS","M","M","?","M"],"items_purchased_type":["Card","Potion"],"build_version":"2020-12-13","purchased_purges":1,"victory":false,"max_hp_per_floor":[81,81,81,81,81,81,81,81,81,81,81,81,81,81,81,81,81,81,81,81,81,81],"card_choices":[{"not_picked":["champ:FocusedDefense","champ:RapidStrikes"],"picked":"champ:ShieldSigil","floor":1.0},{"not_picked":["champ:CalledShot","champ:Haymaker"],"picked":"champ:FocusedDefense","floor":2.0},{"not_picked":["champ:DefensiveShout","champ:StanceDance"],"picked":"champ:TornadoPunch","floor":3.0},{"not_picked":["champ:EnGarde","champ:ShieldSigil"],"picked":"champ:FalseCounter","floor":4.0},{"not_picked":["champ:ShieldSigil","champ:CrownThrow"],"picked":"champ:EnGarde","floor":7.0},{"not_picked":["champ:DeathBlow","champ:RageSigil","champ:GladiatorsShout"],"picked":"SKIP","floor":8.0},{"not_picked":["champ:EnGarde","champ:DefensiveShout"],"picked":"champ:TornadoPunch+1","floor":12.0},{"not_picked":["champ:HeavySlash+1","champ:EnchantCrown"],"picked":"champ:SteelEdge+1","floor":16},{"not_picked":["champ:TornadoPunch+1","champ:GladiatorsShout"],"picked":"champ:Duel+1","floor":18},{"not_picked":["champ:IronFortress","champ:Encircle+1","champ:SwordSigil"],"picked":"SKIP","floor":19}],"player_experience":700312,"relics_obtained":[{"floor":7.0,"key":"Replay:Towering Pillar of Hats"},{"floor":9.0,"key":"Molten Egg 2"},{"floor":12.0,"key":"Snack Pack"}],"event_choices":[{"damage_healed":0.0,"max_hp_gain":0.0,"max_hp_loss":0.0,"gold_gain":0.0,"event_name":"Lab","player_choice":"Got Potions","floor":5.0,"gold_loss":0.0,"damage_taken":0.0},{"damage_healed":0.0,"max_hp_gain":0.0,"max_hp_loss":0.0,"gold_gain":75.0,"event_name":"World of Goop","player_choice":"Gather Gold","floor":14.0,"gold_loss":0.0,"damage_taken":11.0},{"damage_healed":0,"gold_gain":0,"player_choice":"Ignored","damage_taken":0,"max_hp_gain":0,"max_hp_loss":0,"event_name":"blackbeard:ShipwreckEvent","floor":20,"gold_loss":0}],"is_beta":false,"boss_relics":[{"not_picked":["aspiration:DefectSkillbook","Replay:Bronze Core"],"picked":"Philosopher\u0027s Stone"}],"items_purged_floors":[11],"is_endless":false,"potions_floor_spawned":[3,4,12,16],"killed_by":"Snake Plant","ascension_level":17}}