{"host":"61pxv8qo5t6mwz68","time":1608169297,"event":{"mods":["BaseMod","Block Reminder","Colored Map","Highlight Path","Minty Spire (QoL Compilation)","Permanent Neow"],"gold_per_floor":[117,137,137,147,147,180,180,191,191,209,228,246,246,262,262,361,361,374,374,385,385,411,411,326,338,365,394,394,115,115,128,128,233,233,245,265,487,235,247,247,267,163,163,196,196,196,226,252,264,276],"floor_reached":51,"playtime":2856,"items_purged":["Writhe"],"score":751,"play_id":"41d86235-b0d4-463e-aec4-ac006fb6dc16","local_time":"20201216204137","is_ascension_mode":false,"campfire_choices":[{"floor":7,"key":"DIG"},{"data":"Perfected Strike","floor":15,"key":"SMITH"},{"floor":23,"key":"DIG"},{"data":"Second Wind","floor":28,"key":"SMITH"},{"floor":30,"key":"DIG"},{"data":"Dark Shackles","floor":32,"key":"SMITH"},{"floor":40,"key":"DIG"},{"floor":46,"key":"DIG"},{"floor":49,"key":"DIG"}],"circlet_count":0,"master_deck":["Strike_R","Strike_R","Strike_R","Strike_R","Strike_R","Defend_R","Defend_R","Bash","Enlightenment","Twin Strike","Twin Strike","Warcry","Perfected Strike+1","Brutality+1","Battle Trance","Pommel Strike","Second Wind+1","Iron Wave","Ghostly Armor","Bludgeon","Iron Wave+1","Combust+1","Second Wind","Infernal Blade+1","Twin Strike+1","Hemokinesis+1","Immolate+1","Flex","Dark Shackles+1","Warcry","Brutality+1","Twin Strike+1","Rupture+1","Rupture+1","Infernal Blade+1","Feed+1","Carnage+1","Brutality+1","Armaments+1","Perfected Strike+1","Warcry+1","Twin Strike+1","Combust+1","Pain","Rupture+1","Clash+1","Burning Pact+1"],"relics":["Burning Blood","Paper Frog","Shovel","Frozen Egg 2","Bird Faced Urn","Mark of Pain","Matryoshka","Red Mask","Eternal Feather","Molten Egg 2","PreservedInsect","Pen Nib","Pantograph","Pear","Cursed Key","Orrery","Red Skull","Thread and Needle","Bottled Tornado","MawBank","Bag of Preparation"],"acts_visited":["Exordium","TheCity","TheBeyond"],"potions_floor_usage":[16,16,16,33,44,44,47],"damage_taken":[{"damage":5,"enemies":"Cultist","floor":1,"turns":4},{"damage":0,"enemies":"Small Slimes","floor":2,"turns":4},{"damage":0,"enemies":"2 Louse","floor":4,"turns":2},{"damage":18,"enemies":"Gremlin Nob","floor":6,"turns":4},{"damage":13,"enemies":"Red Slaver","floor":8,"turns":2},{"damage":8,"enemies":"2 Fungi Beasts","floor":10,"turns":2},{"damage":11,"enemies":"Blue Slaver","floor":11,"turns":3},{"damage":11,"enemies":"Looter","floor":12,"turns":2},{"damage":10,"enemies":"Large Slime","floor":14,"turns":5},{"damage":56,"enemies":"The Guardian","floor":16,"turns":8},{"damage":6,"enemies":"Chosen","floor":18,"turns":2},{"damage":16,"enemies":"3 Byrds","floor":20,"turns":5},{"damage":23,"enemies":"Masked Bandits","floor":22,"turns":5},{"damage":6,"enemies":"Snake Plant","floor":25,"turns":2},{"damage":23,"enemies":"Gremlin Leader","floor":27,"turns":4},{"damage":1,"enemies":"Centurion and Healer","floor":31,"turns":2},{"damage":116,"enemies":"Automaton","floor":33,"turns":10},{"damage":10,"enemies":"Orb Walker","floor":35,"turns":2},{"damage":16,"enemies":"3 Shapes","floor":36,"turns":4},{"damage":48,"enemies":"Jaw Worm Horde","floor":39,"turns":4},{"damage":20,"enemies":"Maw","floor":41,"turns":5},{"damage":23,"enemies":"Nemesis","floor":44,"turns":5},{"damage":31,"enemies":"Transient","floor":47,"turns":5},{"damage":26,"enemies":"Jaw Worm Horde","floor":48,"turns":4},{"damage":54,"enemies":"Awakened One","floor":50,"turns":4}],"seed_played":"8583730549576799408","potions_obtained":[{"floor":1,"key":"BloodPotion"},{"floor":11,"key":"PowerPotion"},{"floor":12,"key":"DistilledChaos"},{"floor":22,"key":"FairyPotion"},{"floor":25,"key":"SteroidPotion"},{"floor":33,"key":"ColorlessPotion"},{"floor":36,"key":"SneckoOil"},{"floor":41,"key":"SkillPotion"},{"floor":44,"key":"FearPotion"},{"floor":47,"key":"BlessingOfTheForge"},{"floor":48,"key":"Strength Potion"}],"is_trial":false,"path_per_floor":["M","M","?","M","?","E","R","M","T","M","M","M","?","M","R","B",null,"M","?","M","?","?","R","?","M","T","E","R","$","R","M","R","B",null,"M","M","?","$","M","R","M","$","T","E","?","R","M","M","R","B",null],"character_chosen":"IRONCLAD","items_purchased":["Immolate+1","Flex","Dark Shackles","Rupture+1","Orrery","Twin Strike+1","Combust+1"],"campfire_rested":0,"item_purchase_floors":[29,29,29,38,38,42,42],"current_hp_per_floor":[80,80,77,80,80,68,68,61,61,61,58,55,55,53,53,21,80,80,80,72,72,57,57,57,61,61,48,63,63,90,90,90,17,90,86,82,82,82,52,76,74,74,74,67,67,90,71,61,88,50],"gold":288,"neow_bonus":"RANDOM_COLORLESS","is_daily":false,"chose_seed":false,"campfire_upgraded":3,"win_rate":0.0,"timestamp":1608169297,"path_taken":["M","M","?","M","?","E","R","M","T","?","M","M","?","?","R","BOSS","M","?","M","?","?","R","?","M","T","E","R","$","R","?","R","BOSS","M","M","?","$","M","R","M","$","T","E","?","R","M","M","R","BOSS"],"items_purchased_type":["Card","Card","Card","Card","Relic","Card","Card"],"build_version":"2020-12-13","purchased_purges":1,"victory":true,"max_hp_per_floor":[80,80,80,80,80,80,80,80,80,80,80,80,80,80,80,80,80,80,80,80,80,80,80,80,80,80,80,80,80,90,90,90,90,90,90,90,90,90,90,90,90,90,90,90,90,90,90,90,90,94],"card_choices":[{"not_picked":["Blind","Bandage Up"],"picked":"Enlightenment","floor":0},{"not_picked":["Armaments","Warcry"],"picked":"Twin Strike","floor":1},{"not_picked":["Cleave","Sever Soul"],"picked":"Twin Strike","floor":2},{"not_picked":["Heavy Blade","Headbutt"],"picked":"Warcry","floor":4},{"not_picked":["Cleave","Second Wind"],"picked":"Perfected Strike","floor":6},{"not_picked":["Sword Boomerang","Whirlwind"],"picked":"Brutality+1","floor":8},{"not_picked":["Shockwave","Cleave"],"picked":"Battle Trance","floor":10},{"not_picked":["Feel No Pain+1","Anger"],"picked":"Pommel Strike","floor":11},{"not_picked":["Cleave","Hemokinesis"],"picked":"Second Wind","floor":12},{"not_picked":["Cleave","Hemokinesis"],"picked":"Ghostly Armor","floor":14},{"not_picked":["Fiend Fire","Brutality+1"],"picked":"Bludgeon","floor":16},{"not_picked":["Heavy Blade","Disarm"],"picked":"Iron Wave+1","floor":18},{"not_picked":["Sword Boomerang","Rampage"],"picked":"Second Wind","floor":20},{"not_picked":["Whirlwind","Rampage+1"],"picked":"Infernal Blade+1","floor":22},{"not_picked":["Anger+1","Heavy Blade+1"],"picked":"Twin Strike+1","floor":25},{"not_picked":["Disarm","Iron Wave+1"],"picked":"Hemokinesis+1","floor":27},{"not_picked":["Shrug It Off","Ghostly Armor"],"picked":"Warcry","floor":31},{"not_picked":["Double Tap","Limit Break"],"picked":"Brutality+1","floor":33},{"not_picked":["Dual Wield","True Grit+1"],"picked":"Twin Strike+1","floor":35},{"not_picked":["Sever Soul+1","Disarm+1"],"picked":"Rupture+1","floor":36},{"not_picked":["Twin Strike+1","Clothesline+1"],"picked":"Infernal Blade+1","floor":38},{"not_picked":["Flex+1","Reckless Charge+1"],"picked":"Feed+1","floor":38},{"not_picked":["Limit Break","Double Tap"],"picked":"Carnage+1","floor":38},{"not_picked":["Battle Trance","Hemokinesis+1"],"picked":"Brutality+1","floor":38},{"not_picked":["Iron Wave+1","Shrug It Off+1"],"picked":"Armaments+1","floor":38},{"not_picked":["True Grit+1","Power Through"],"picked":"Perfected Strike+1","floor":39},{"not_picked":["Spot Weakness","Sword Boomerang+1"],"picked":"Warcry+1","floor":41},{"not_picked":["Disarm","Dark Embrace+1"],"picked":"Rupture+1","floor":44},{"not_picked":["Anger+1","Disarm+1"],"picked":"Clash+1","floor":47},{"not_picked":["Clash+1","Body Slam+1"],"picked":"Burning Pact+1","floor":48}],"player_experience":22045,"relics_obtained":[{"floor":6,"key":"Shovel"},{"floor":7,"key":"Frozen Egg 2"},{"floor":9,"key":"Bird Faced Urn"},{"floor":22,"key":"Red Mask"},{"floor":23,"key":"Eternal Feather"},{"floor":26,"key":"PreservedInsect"},{"floor":26,"key":"Pen Nib"},{"floor":27,"key":"Pantograph"},{"floor":30,"key":"Pear"},{"floor":40,"key":"Red Skull"},{"floor":43,"key":"Thread and Needle"},{"floor":44,"key":"Bottled Tornado"},{"floor":46,"key":"MawBank"},{"floor":49,"key":"Bag of Preparation"}],"event_choices":[{"damage_healed":0,"gold_gain":0,"player_choice":"Success","damage_taken":3,"relics_obtained":["Paper Frog"],"max_hp_gain":0,"max_hp_loss":0,"event_name":"Scrap Ooze","floor":3,"gold_loss":0},{"cards_removed":["Defend_R"],"damage_healed":0,"gold_gain":0,"player_choice":"Offered Basic","damage_taken":0,"max_hp_gain":0,"max_hp_loss":0,"event_name":"Bonfire Elementals","floor":5,"gold_loss":0},{"cards_removed":["Defend_R"],"damage_healed":0,"gold_gain":0,"player_choice":"Took Card","damage_taken":0,"max_hp_gain":0,"max_hp_loss":0,"event_name":"NoteForYourself","floor":13,"gold_loss":0,"cards_obtained":["Iron Wave"]},{"damage_healed":0,"gold_gain":0,"player_choice":"Read","damage_taken":0,"max_hp_gain":0,"max_hp_loss":0,"event_name":"The Library","floor":19,"gold_loss":0,"cards_obtained":["Combust"]},{"damage_healed":0,"gold_gain":0,"player_choice":"Opened","damage_taken":0,"relics_obtained":["Matryoshka"],"max_hp_gain":0,"max_hp_loss":0,"event_name":"The Mausoleum","floor":21,"gold_loss":0,"cards_obtained":["Writhe"]},{"damage_healed":0,"gold_gain":0,"player_choice":"Fought Bandits","damage_taken":0,"max_hp_gain":0,"max_hp_loss":0,"event_name":"Masked Bandits","floor":22,"gold_loss":0},{"damage_healed":0,"gold_gain":0,"player_choice":"Obtained Relic","damage_taken":0,"relics_obtained":["Molten Egg 2"],"max_hp_gain":0,"max_hp_loss":0,"event_name":"Addict","floor":24,"gold_loss":85},{"damage_healed":0,"gold_gain":222,"player_choice":"Wore Mask","damage_taken":0,"max_hp_gain":0,"max_hp_loss":0,"event_name":"Tomb of Lord Red Mask","floor":37,"gold_loss":0},{"damage_healed":0,"gold_gain":0,"player_choice":"Ignored","damage_taken":0,"max_hp_gain":0,"max_hp_loss":0,"event_name":"SecretPortal","floor":45,"gold_loss":0}],"is_beta":false,"boss_relics":[{"not_picked":["SacredBark","Astrolabe"],"picked":"Mark of Pain"},{"not_picked":["Busted Crown","Runic Dome"],"picked":"Cursed Key"}],"items_purged_floors":[38],"is_endless":false,"potions_floor_spawned":[1,11,12,22,25,33,36,41,44,47,48],"ascension_level":0}}