{"host":"bq4pt811tk9yrmjl","time":1608237617,"event":{"mods":["AchievementEnabler","BaseMod","Colored Map","Colored Powertips","Defuse TimeMaze Blight","Minty Spire (QoL Compilation)","StSLib","SuperFastMode","UnlockEverythingMod"],"gold_per_floor":[114,130,54,72,72,72,100,54,354,354,368,368,382,382,382,485,485,499,518,529,629,643,643,670,670,722,722,208,241,241,258,258,258,258],"floor_reached":33,"playtime":719,"items_purged":[],"score":324,"play_id":"8783ea81-7faf-4bf5-a78d-108a33a5e9c5","local_time":"20201217184017","is_ascension_mode":true,"campfire_choices":[{"data":"Bouncing Flask","floor":6,"key":"SMITH"},{"floor":10,"key":"REST"},{"data":"Neutralize","floor":12,"key":"SMITH"},{"data":"Flying Knee","floor":15,"key":"SMITH"},{"floor":23,"key":"REST"},{"floor":25,"key":"REST"},{"floor":27,"key":"REST"},{"data":"Noxious Fumes","floor":32,"key":"SMITH"}],"circlet_count":0,"master_deck":["Strike_G","Strike_G","Strike_G","Strike_G","Strike_G","Defend_G","Defend_G","Defend_G","Defend_G","Defend_G","Survivor","Neutralize+1","Flying Knee+1","Escape Plan","Bouncing Flask+1","Burst+1","Deflect","Die Die Die","Backstab","Noxious Fumes+1","Bane+1"],"relics":["Ring of the Snake","NeowsBlessing","Ginger","Old Coin","Busted Crown","Mango","Juzu Bracelet","Omamori","Pen Nib","HandDrill","CeramicFish"],"acts_visited":["Exordium","TheCity"],"potions_floor_usage":[11,16,18,24,24,33,33],"damage_taken":[{"damage":0,"enemies":"Cultist","floor":1,"turns":1},{"damage":0,"enemies":"Small Slimes","floor":2,"turns":1},{"damage":0,"enemies":"2 Louse","floor":4,"turns":1},{"damage":32,"enemies":"3 Sentries","floor":7,"turns":9},{"damage":3,"enemies":"Lots of Slimes","floor":11,"turns":4},{"damage":0,"enemies":"Blue Slaver","floor":13,"turns":3},{"damage":26,"enemies":"The Guardian","floor":16,"turns":9},{"damage":0,"enemies":"Chosen","floor":18,"turns":4},{"damage":5,"enemies":"Spheric Guardian","floor":19,"turns":4},{"damage":14,"enemies":"Shelled Parasite and Fungi","floor":20,"turns":7},{"damage":25,"enemies":"Sentry and Sphere","floor":22,"turns":5},{"damage":37,"enemies":"Gremlin Leader","floor":24,"turns":9},{"damage":22,"enemies":"Book of Stabbing","floor":29,"turns":6},{"damage":4,"enemies":"Centurion and Healer","floor":31,"turns":5},{"damage":34,"enemies":"Champ","floor":33,"turns":11}],"seed_played":"-3277672685237186585","potions_obtained":[{"floor":4,"key":"FearPotion"},{"floor":7,"key":"ColorlessPotion"},{"floor":11,"key":"PowerPotion"},{"floor":13,"key":"AttackPotion"},{"floor":18,"key":"Weak Potion"},{"floor":22,"key":"Dexterity Potion"},{"floor":29,"key":"Weak Potion"}],"is_trial":false,"path_per_floor":["M","M","$","M","?","R","E","?","T","R","M","R","M","?","R","B",null,"M","M","M","?","M","R","E","R","T","R","$","E","?","M","R","B"],"character_chosen":"THE_SILENT","items_purchased":["Bouncing Flask","Omamori","Pen Nib","HandDrill","Ancient Potion"],"campfire_rested":4,"item_purchase_floors":[3,28,28,28,28],"current_hp_per_floor":[70,70,70,70,70,70,38,38,38,59,56,56,56,56,56,30,70,70,65,51,51,26,47,24,49,49,74,74,52,36,32,32,0,0],"gold":258,"neow_bonus":"THREE_ENEMY_KILL","is_daily":false,"chose_seed":false,"campfire_upgraded":4,"win_rate":0.0,"timestamp":1608237617,"path_taken":["M","?","$","M","?","R","E","?","T","R","M","R","M","?","R","BOSS","M","M","?","?","?","R","E","R","T","R","$","E","?","M","R","BOSS"],"items_purchased_type":["Card","Relic","Relic","Relic","Potion"],"build_version":"2020-12-13","purchased_purges":0,"victory":false,"max_hp_per_floor":[70,70,70,70,70,70,70,70,70,70,70,70,70,70,70,70,70,70,70,70,70,70,70,84,84,84,84,84,84,89,89,89,89,89],"card_choices":[{"not_picked":["Cloak And Dagger","Acrobatics"],"picked":"Flying Knee","floor":1},{"not_picked":["Backstab","Flying Knee"],"picked":"Escape Plan","floor":2},{"not_picked":["Cloak And Dagger","Calculated Gamble","Underhanded Strike"],"picked":"SKIP","floor":4},{"not_picked":["Sucker Punch","Burst","Glass Knife"],"picked":"SKIP","floor":7},{"not_picked":["Sucker Punch","Glass Knife"],"picked":"Burst","floor":7},{"not_picked":["Cloak And Dagger","Quick Slash"],"picked":"Deflect","floor":11},{"not_picked":["Deflect","Prepared","Riddle With Holes"],"picked":"SKIP","floor":13},{"not_picked":["Bullet Time","Unload"],"picked":"Die Die Die","floor":16},{"not_picked":["Tactician"],"picked":"SKIP","floor":18},{"not_picked":[],"picked":"Backstab","floor":19},{"not_picked":[],"picked":"Noxious Fumes","floor":20},{"not_picked":["Poisoned Stab"],"picked":"SKIP","floor":22},{"not_picked":[],"picked":"Bane+1","floor":24},{"not_picked":["Predator"],"picked":"SKIP","floor":29},{"not_picked":["Prepared+1"],"picked":"SKIP","floor":31}],"player_experience":66424,"relics_obtained":[{"floor":7,"key":"Ginger"},{"floor":9,"key":"Old Coin"},{"floor":24,"key":"Mango"},{"floor":26,"key":"Juzu Bracelet"},{"floor":29,"key":"CeramicFish"}],"event_choices":[{"damage_healed":0,"gold_gain":0,"player_choice":"Leave","damage_taken":0,"max_hp_gain":0,"max_hp_loss":0,"event_name":"The Cleric","floor":5,"gold_loss":0},{"damage_healed":0,"gold_gain":0,"player_choice":"Left Gold","damage_taken":0,"max_hp_gain":0,"max_hp_loss":0,"event_name":"World of Goop","floor":8,"gold_loss":46},{"damage_healed":0,"gold_gain":0,"player_choice":"Forge","damage_taken":0,"max_hp_gain":0,"max_hp_loss":0,"event_name":"Accursed Blacksmith","floor":14,"gold_loss":0,"cards_upgraded":["Burst"]},{"damage_healed":0,"gold_gain":100,"player_choice":"Pray","damage_taken":0,"max_hp_gain":0,"max_hp_loss":0,"event_name":"Golden Shrine","floor":21,"gold_loss":0},{"damage_healed":0,"gold_gain":0,"player_choice":"Shed Blood","damage_taken":21,"max_hp_gain":5,"max_hp_loss":0,"event_name":"Forgotten Altar","floor":30,"gold_loss":0}],"is_beta":false,"boss_relics":[{"not_picked":["Empty Cage","Calling Bell"],"picked":"Busted Crown"}],"items_purged_floors":[],"is_endless":false,"potions_floor_spawned":[4,7,11,13,18,22,29],"killed_by":"Champ","ascension_level":1}}