{"host":"oihpulxxofncj7su","time":1608245169,"event":{"mods":["AchievementEnabler","BaseMod","Bestiary","BetterRewards","Colored Powertips","Downfall","Highlight Path","Minty Spire (QoL Compilation)","Quick Restart","Spicy Shops","StSLib"],"gold_per_floor":[99,134,284,384,410,410,410,440,365,391,251,251,112,125,137,242,242,242,102,116,116,216,216,264,277,305,305,324,88,188,128,138,233,233,233,246,246,246,246,256,256,256,256],"floor_reached":42,"playtime":9155,"items_purged":["sneckomod:Strike","sneckomod:Strike","Slimebound:Icky","sneckomod:Strike","sneckomod:Unknown"],"score":526,"play_id":"5073fd7e-dcfa-4ecf-abea-d1e0e492d1cd","local_time":"20201217174609","is_ascension_mode":false,"campfire_choices":[{"floor":1.0,"key":"RECALL"},{"data":"sneckomod:DiceBlock","floor":9.0,"key":"SMITH"},{"data":"sneckomod:DiceCrush","floor":18.0,"key":"SMITH"},{"floor":21.0,"key":"REST"},{"floor":27.0,"key":"REST"},{"data":"sneckomod:QuickBite","floor":35,"key":"SMITH"},{"floor":37,"key":"REST"},{"data":"sneckomod:DiceCrush","floor":39,"key":"SMITH"}],"circlet_count":0,"master_deck":["sneckomod:Defend","sneckomod:Defend","sneckomod:Defend","sneckomod:TailWhip","sneckomod:SnekBite","sneckomod:Unknown","sneckomod:DiceCrush+1","sneckomod:UnlimitedRolls+1","sneckomod:DiceBlock+1","sneckomod:SoulDraw+1","sneckomod:UnknownExhaust+1","sneckomod:UnknownBlock+1","sneckomod:UnknownClassSLIMEBOUND+1","sneckomod:DiceCrush+1","sneckomod:Unknown1Cost+1","sneckomod:UnknownVulnerable+1","sneckomod:UnknownRareSkill+1","sneckomod:UnknownVulnerable+1","sneckomod:TrashToTreasure+1","sneckomod:QuickBite+1"],"relics":["sneckomod:SuperSneckoSoul","downfall:HeartsMalice","Frozen Egg 2","Juzu Bracelet","Toxic Egg 2","Akabeko","downfall:HeartBlessingRed","Mercury Hourglass","Oddly Smooth Stone","sneckomod:LoadedDie","Ginger","Torii","White Beast Statue","Art of War","Busted Crown","StrikeDummy"],"acts_visited":["Exordium","TheCity","TheBeyond"],"potions_floor_usage":[40,42,42],"damage_taken":[{"damage":0.0,"enemies":"Lagavulin","floor":2.0,"turns":1.0},{"damage":0.0,"enemies":"Gremlin Nob","floor":5.0,"turns":1.0},{"damage":0.0,"enemies":"Jaw Worm","floor":6.0,"turns":1.0},{"damage":25.0,"enemies":"3 Sentries","floor":10.0,"turns":9.0},{"damage":0.0,"enemies":"downfall:FleeingMerchant","floor":11.0,"turns":4.0},{"damage":15.0,"enemies":"downfall:FleeingMerchant","floor":13.0,"turns":4.0},{"damage":1.0,"enemies":"Small Slimes","floor":14.0,"turns":2.0},{"damage":0.0,"enemies":"2 Louse","floor":15.0,"turns":2.0},{"damage":14.0,"enemies":"downfall:Ironclad","floor":16.0,"turns":9.0},{"damage":16.0,"enemies":"downfall:FleeingMerchant","floor":19.0,"turns":5.0},{"damage":23.0,"enemies":"3 Byrds","floor":20.0,"turns":3.0},{"damage":12.0,"enemies":"Shelled Parasite and Fungi","floor":25.0,"turns":3.0},{"damage":24.0,"enemies":"Slavers","floor":26.0,"turns":6.0},{"damage":16.0,"enemies":"Snecko","floor":28.0,"turns":4.0},{"damage":13.0,"enemies":"downfall:FleeingMerchant","floor":29.0,"turns":4.0},{"damage":0.0,"enemies":"downfall:Defect","floor":30.0,"turns":4.0},{"damage":3.0,"enemies":"downfall:FleeingMerchant","floor":31.0,"turns":1.0},{"damage":1,"enemies":"Chosen and Byrds","floor":32,"turns":1},{"damage":27,"enemies":"downfall:Silent","floor":33,"turns":5},{"damage":15,"enemies":"Orb Walker","floor":36,"turns":3},{"damage":6,"enemies":"3 Shapes","floor":40,"turns":4},{"damage":137,"enemies":"Giant Head","floor":42,"turns":8}],"seed_played":"-6028251750576346070","potions_obtained":[{"floor":10.0,"key":"DistilledChaos"},{"floor":14.0,"key":"Fire Potion"},{"floor":15.0,"key":"SkillPotion"},{"floor":16.0,"key":"DistilledChaos"},{"floor":20.0,"key":"FearPotion"},{"floor":25.0,"key":"Swift Potion"},{"floor":28.0,"key":"Guardian:BlockOnCardUsePotion"},{"floor":33,"key":"BlessingOfTheForge"},{"floor":36,"key":"Weak Potion"},{"floor":40,"key":"FearPotion"}],"is_trial":false,"path_per_floor":["R","E","?","?","E","M","T","?","R","E","$","?","$","M","M","B",null,"R","$","M","R","?","?","T","M","E","R","M","$","?","$","M","B",null,"R","M","R","?","R","M","T","E"],"character_chosen":"THE_SNECKO","items_purchased":["sneckomod:UnknownBlock+1","sneckomod:DiceCrush","Ginger","Art of War","sneckomod:QuickBite"],"campfire_rested":3,"item_purchase_floors":[11,13,29,31,31],"current_hp_per_floor":[90,90,90,90,90,90,90,90,90,65,67,67,53,53,54,41,112,112,100,77,110,110,110,110,98,74,107,91,82,82,79,78,55,112,112,97,112,112,112,106,106,0,0],"gold":256,"neow_bonus":"THREE_ENEMY_KILL","is_daily":false,"chose_seed":false,"campfire_upgraded":4,"win_rate":0.0,"timestamp":1608245169,"path_taken":["R","E","?","?","E","M","T","?","R","E","$","?","$","M","M","BOSS","R","$","M","R","?","?","T","M","E","R","M","$","?","$","M","BOSS","R","M","R","?","R","M","T","E"],"items_purchased_type":["Card","Card","Relic","Relic","Card"],"build_version":"2020-12-13","purchased_purges":5,"victory":false,"max_hp_per_floor":[90,90,90,90,90,90,90,90,90,90,92,92,93,94,95,96,112,112,112,112,112,112,112,112,112,112,112,112,112,112,112,112,112,112,112,112,112,112,112,112,112,112,112],"card_choices":[{"not_picked":["sneckomod:Nope","sneckomod:SoulRoll"],"picked":"sneckomod:DiceCrush","floor":2.0},{"not_picked":["sneckomod:Unknown0Cost","sneckomod:UnknownUncommonPower+1"],"picked":"sneckomod:UnlimitedRolls+1","floor":5.0},{"not_picked":["sneckomod:Unknown1Cost","sneckomod:SoulRoll"],"picked":"sneckomod:DiceBlock","floor":6.0},{"not_picked":["sneckomod:SoulExchange+1","sneckomod:IronFang"],"picked":"sneckomod:SoulDraw+1","floor":10.0},{"not_picked":["sneckomod:SlitherStrike","sneckomod:UnknownStrike"],"picked":"sneckomod:UnknownExhaust+1","floor":11.0},{"not_picked":["sneckomod:IronFang","sneckomod:UnknownX+1"],"picked":"sneckomod:UnknownClassSLIMEBOUND+1","floor":13.0},{"not_picked":["sneckomod:ImprovisedAttack","sneckomod:CheapStock+1"],"picked":"sneckomod:Unknown1Cost+1","floor":14.0},{"not_picked":["sneckomod:UnknownCommonSkill+1","sneckomod:UnknownStrike"],"picked":"sneckomod:UnknownVulnerable+1","floor":15.0},{"not_picked":["sneckomod:Unknown3Cost+1","sneckomod:SoulExchange+1"],"picked":"sneckomod:UnknownRareSkill+1","floor":16.0},{"not_picked":["sneckomod:DiceBlock+1","sneckomod:UnknownClassGUARDIAN+1"],"picked":"sneckomod:UnknownVulnerable+1","floor":19.0},{"not_picked":["sneckomod:QuickBite","sneckomod:Unknown1Cost+1"],"picked":"sneckomod:TrashToTreasure+1","floor":20.0},{"not_picked":["sneckomod:SoulDraw+1","sneckomod:DiceBoulder","sneckomod:UnknownClassHEXA_GHOST_PURPLE+1"],"picked":"SKIP","floor":25.0},{"not_picked":["sneckomod:DiceBoulder+1","sneckomod:QuickMove+1","sneckomod:UnknownX+1"],"picked":"SKIP","floor":26.0},{"not_picked":["sneckomod:UnknownBlock+1","sneckomod:Unknown2Cost+1","sneckomod:RainOfDice"],"picked":"SKIP","floor":28.0},{"not_picked":["sneckomod:Unknown0Cost+1","sneckomod:UnknownCommonSkill+1","sneckomod:UnknownClassPURPLE+1"],"picked":"SKIP","floor":29.0},{"not_picked":["sneckomod:QuickBite","sneckomod:UnknownStrike","sneckomod:UnknownBlock+1"],"picked":"SKIP","floor":32},{"not_picked":["sneckomod:QuickMove+1"],"picked":"SKIP","floor":36},{"not_picked":["sneckomod:RainOfDice"],"picked":"SKIP","floor":40}],"player_experience":387528,"relics_obtained":[{"floor":2.0,"key":"Frozen Egg 2"},{"floor":5.0,"key":"Juzu Bracelet"},{"floor":7.0,"key":"Toxic Egg 2"},{"floor":10.0,"key":"Mercury Hourglass"},{"floor":24.0,"key":"Oddly Smooth Stone"},{"floor":26.0,"key":"sneckomod:LoadedDie"},{"floor":30.0,"key":"Torii"},{"floor":30.0,"key":"White Beast Statue"},{"floor":41,"key":"StrikeDummy"}],"event_choices":[{"damage_healed":0,"gold_gain":0,"player_choice":"Ignored","damage_taken":0,"max_hp_gain":0,"max_hp_loss":0,"event_name":"NoteForYourself","floor":38,"gold_loss":0}],"is_beta":false,"boss_relics":[{"not_picked":["Pandora\u0027s Box","Runic Dome"],"picked":"sneckomod:SuperSneckoSoul"},{"not_picked":["Sozu","Runic Pyramid"],"picked":"Busted Crown"}],"items_purged_floors":[11,13,19,29,31],"is_endless":false,"potions_floor_spawned":[10,14,15,16,20,25,28,31,33,36,40],"killed_by":"Giant Head","ascension_level":0}}