{"host":"3mdjmozz5rahgtdc","time":1608217567,"event":{"mods":["AchievementEnabler","BaseMod","Better Silent Start","Better-Laid Plans","Colored Map","Colored Powertips","Custom Start","DeckTracker","Emptier Cage","KOR Keyword Fix","Keyboard Shortcuts","Minty Spire (QoL Compilation)","Permanent Neow","Quick Restart","StSLib","SuperFastMode"],"gold_per_floor":[10,21,32,32,46,80,80,124,124,149,149,174,174,99,99,99,99],"floor_reached":16,"playtime":316,"items_purged":["Strike_R"],"score":157,"play_id":"c59b407d-77ff-40e3-bc1e-5f90cc5aa281","local_time":"20201218000607","is_ascension_mode":true,"campfire_choices":[{"data":"Whirlwind","floor":7,"key":"SMITH"},{"data":"Shockwave","floor":11,"key":"SMITH"},{"data":"Clothesline","floor":13,"key":"SMITH"},{"data":"Bash","floor":15,"key":"SMITH"}],"circlet_count":0,"master_deck":["Strike_R","Strike_R","Strike_R","Strike_R","Defend_R","Defend_R","Defend_R","Defend_R","Bash+1","Clothesline+1","Power Through","Headbutt","Whirlwind+1","Power Through","Shockwave+1"],"relics":["Burning Blood","Bird Faced Urn","Golden Idol","Matryoshka","Gremlin Horn","Darkstone Periapt","Pantograph"],"acts_visited":["Exordium"],"potions_floor_usage":[6],"damage_taken":[{"damage":12,"enemies":"2 Louse","floor":1,"turns":3},{"damage":5,"enemies":"Jaw Worm","floor":2,"turns":4},{"damage":0,"enemies":"Cultist","floor":3,"turns":4},{"damage":6,"enemies":"Looter","floor":5,"turns":5},{"damage":30,"enemies":"Gremlin Nob","floor":6,"turns":5},{"damage":20,"enemies":"3 Sentries","floor":8,"turns":4},{"damage":3,"enemies":"Blue Slaver","floor":10,"turns":6},{"damage":0,"enemies":"2 Fungi Beasts","floor":12,"turns":2},{"damage":27,"enemies":"The Guardian","floor":16,"turns":10}],"seed_played":"7136056084453084520","potions_obtained":[{"floor":3,"key":"Weak Potion"},{"floor":10,"key":"GamblersBrew"},{"floor":12,"key":"AttackPotion"}],"is_trial":false,"path_per_floor":["M","M","M","?","M","E","R","E","T","M","R","M","R","$","R","B"],"character_chosen":"IRONCLAD","items_purchased":[],"campfire_rested":0,"item_purchase_floors":[],"current_hp_per_floor":[66,67,73,53,53,29,29,15,15,18,18,24,24,24,24,22,22],"gold":99,"neow_bonus":"ONE_RARE_RELIC","is_daily":false,"chose_seed":false,"campfire_upgraded":4,"win_rate":0.0,"timestamp":1608217567,"path_taken":["M","M","M","?","M","E","R","E","T","M","R","M","R","$","R","BOSS"],"items_purchased_type":[],"build_version":"2020-12-13","purchased_purges":1,"victory":false,"max_hp_per_floor":[80,80,80,80,80,80,80,80,80,80,80,80,80,80,80,80,80],"card_choices":[{"not_picked":["Warcry","Armaments"],"picked":"Clothesline","floor":1},{"not_picked":["Dual Wield","Havoc"],"picked":"Power Through","floor":2},{"not_picked":["Anger","Clash"],"picked":"Headbutt","floor":3},{"not_picked":["Heavy Blade","Flex","Intimidate"],"picked":"SKIP","floor":5},{"not_picked":["Power Through","Flame Barrier"],"picked":"Whirlwind","floor":6},{"not_picked":["Disarm","Heavy Blade"],"picked":"Power Through","floor":8},{"not_picked":["Corruption","Headbutt"],"picked":"Shockwave","floor":10},{"not_picked":["Warcry","Body Slam","Havoc"],"picked":"SKIP","floor":12}],"player_experience":303329,"relics_obtained":[{"floor":6,"key":"Matryoshka"},{"floor":8,"key":"Gremlin Horn"},{"floor":9,"key":"Darkstone Periapt"},{"floor":9,"key":"Pantograph"}],"event_choices":[{"damage_healed":0,"gold_gain":0,"player_choice":"Take Damage","damage_taken":20,"relics_obtained":["Golden Idol"],"max_hp_gain":0,"max_hp_loss":0,"event_name":"Golden Idol","floor":4,"gold_loss":0}],"is_beta":false,"boss_relics":[],"items_purged_floors":[14],"is_endless":false,"potions_floor_spawned":[3,10,12],"killed_by":"The Guardian","ascension_level":8}}