{"host":"mvw7i28zi3kj0eu9","time":1608215462,"event":{"mods":["AchievementEnabler","BaseMod","Better Third Choice","BetterRewards","Block Reminder","Conspire","Custom Start","Downfall","Energized Spire","Halation","Hermit","Hubris","Infinite Spire","Jorbs\u0027s Wanderer Trilogy","Minty Spire (QoL Compilation)","Replay The Spire","Shop Mod","Small Relic Pack","Spikes Relics","StSLib","The Blue Laboratory","The Necromancer","The Servant 0.9.4","Virulent Crown"],"gold_per_floor":[117,117,127,138,138,138,149,159,159,159,159,179,191,220,220,323,323,334,352,369,379,399,399,399,399,423,423,434,434,212,212,212,331,331,368,368,12,12,33,63,63,86,86,86,102,102,102,102],"floor_reached":47,"playtime":1006,"items_purged":["Strike_B","Strike_B","Strike_B","Strike_B"],"score":659,"play_id":"91b29285-457e-409d-90f1-a00d3df4bd79","local_time":"20201217153102","is_ascension_mode":false,"campfire_choices":[{"data":"Zap","floor":6,"key":"SMITH"},{"data":"Defend_B","floor":6,"key":"SMITH"},{"floor":11,"key":"REST"},{"data":"Chill","floor":15,"key":"SMITH"},{"data":"Defend_B+1","floor":15,"key":"SMITH"},{"data":"Barrage","floor":23,"key":"SMITH"},{"data":"Barrage+1","floor":23,"key":"SMITH"},{"data":"Barrage+2","floor":25,"key":"SMITH"},{"data":"Barrage+3","floor":25,"key":"SMITH"},{"data":"infinitespire:Oblivion","floor":29,"key":"SMITH"},{"data":"infinitespire:Oblivion+1","floor":29,"key":"SMITH"},{"floor":32,"key":"REST"},{"data":"Barrage+4","floor":41,"key":"SMITH"},{"data":"Barrage+5","floor":41,"key":"SMITH"},{"data":"Barrage+6","floor":44,"key":"SMITH"},{"data":"Barrage+7","floor":44,"key":"SMITH"}],"circlet_count":0,"master_deck":["Defend_B+2","Defend_B","Defend_B","Zap+1","Dualcast","Ball Lightning","Chill+1","Ball Lightning","Electrodynamics","Cold Snap","Barrage+8","infinitespire:Oblivion+2","Rainbow+1"],"relics":["Cracked Core","Replay:Arrowhead","conspire:InfiniteJournal","DataDisk","hubris:SoftwareUpdate","Toy Ornithopter","relicPack:DSword","hubris:TenFootPole","Akabeko","TheAbacus","Regal Pillow","infinitespire:EvilPickle","HornCleat","Darkstone Periapt","Replay:Accelerometer","Busted Crown","halation:NonexistentMirror"],"acts_visited":["Exordium","TheCity","TheBeyond"],"potions_floor_usage":[16,19,19,19,21,40],"damage_taken":[{"damage":0,"enemies":"Cultist","floor":1,"turns":3},{"damage":2,"enemies":"Small Slimes","floor":3,"turns":2},{"damage":6,"enemies":"Jaw Worm","floor":4,"turns":2},{"damage":7,"enemies":"Exordium Thugs","floor":7,"turns":3},{"damage":0,"enemies":"3 Louse","floor":8,"turns":2},{"damage":8,"enemies":"Lots of Slimes","floor":12,"turns":3},{"damage":3,"enemies":"Exordium Wildlife","floor":13,"turns":3},{"damage":7,"enemies":"Lagavulin","floor":14,"turns":4},{"damage":0,"enemies":"Slime Boss","floor":16,"turns":6},{"damage":2,"enemies":"Chosen","floor":18,"turns":4},{"damage":9,"enemies":"3 Byrds","floor":19,"turns":3},{"damage":3,"enemies":"3 Cultists","floor":20,"turns":3},{"damage":14,"enemies":"Centurion and Healer","floor":21,"turns":3},{"damage":25,"enemies":"Shelled Parasite and Fungi","floor":22,"turns":4},{"damage":0,"enemies":"3 Cultists","floor":28,"turns":3},{"damage":14,"enemies":"Pondfish","floor":33,"turns":7},{"damage":9,"enemies":"3 Darklings","floor":35,"turns":3},{"damage":0,"enemies":"3 Shapes","floor":39,"turns":3},{"damage":37,"enemies":"Nightmare","floor":40,"turns":7},{"damage":0,"enemies":"Transient","floor":42,"turns":5},{"damage":19,"enemies":"Maw","floor":45,"turns":5},{"damage":21,"enemies":"Nemesis","floor":47,"turns":2}],"seed_played":"-4908568624880557604","potions_obtained":[{"floor":1,"key":"Milkshake"},{"floor":8,"key":"LiquidBronze"},{"floor":13,"key":"Weak Potion"},{"floor":18,"key":"blueLaboratory:CreativityPotion"},{"floor":19,"key":"Energy Potion"},{"floor":33,"key":"blueLaboratory:ExaltedPotion"},{"floor":35,"key":"DistilledChaos"},{"floor":45,"key":"blueLaboratory:ConsumingVoid"}],"is_trial":true,"path_per_floor":["M","$","M","M","?","R","M","M","T","?","R","M","M","E","R","B",null,"M","M","M","M","M","R","?","R","T","AVR","M","R","$","?","R","B",null,"M","?","$","$","M","NM","R","M","T","R","M","AVR","E"],"character_chosen":"DEFECT","items_purchased":["Regal Pillow","HornCleat"],"campfire_rested":2,"item_purchase_floors":[30,37],"current_hp_per_floor":[75,75,73,67,60,60,53,53,53,18,40,32,29,22,22,27,75,73,66,63,54,29,29,29,29,29,29,29,29,29,29,66,52,75,66,66,66,66,66,34,34,34,34,34,15,15,0,0],"gold":102,"neow_bonus":"","is_daily":false,"chose_seed":false,"campfire_upgraded":14,"win_rate":0.0,"timestamp":1608215462,"path_taken":["M","$","M","M","?","R","M","M","T","?","R","M","M","E","R","BOSS","M","M","M","M","M","R","?","R","T","AVR","M","R","?","?","R","BOSS","M","?","?","$","M","NM","R","M","T","R","M","AVR","E"],"items_purchased_type":["Relic","Relic"],"build_version":"2020-12-13","purchased_purges":4,"victory":false,"max_hp_per_floor":[75,75,75,75,75,75,75,75,75,75,75,75,75,75,75,75,75,75,75,75,75,75,75,75,75,75,75,75,75,75,75,75,75,75,75,75,75,75,75,75,75,75,75,75,75,75,75,75],"card_choices":[{"not_picked":["Compile Driver","Stack"],"picked":"Ball Lightning","floor":1},{"not_picked":["Steam","ReplayGash","Undo"],"picked":"SKIP","floor":3},{"not_picked":["Gash","BootSequence","Crystallizer"],"picked":"SKIP","floor":4},{"not_picked":["Redo","Streamline","Gash"],"picked":"SKIP","floor":7},{"not_picked":["Genetic Algorithm","Panic Button","Rebound"],"picked":"SKIP","floor":8},{"not_picked":["Steam","Streamline"],"picked":"Chill","floor":12},{"not_picked":["Fusion","Rebound"],"picked":"Ball Lightning","floor":13},{"not_picked":["Redo","Conserve Battery","Rip and Tear"],"picked":"SKIP","floor":14},{"not_picked":["Redo","Conserve Battery","Rip and Tear"],"picked":"SKIP","floor":14},{"not_picked":["Creative AI","Amplify"],"picked":"Electrodynamics","floor":16},{"not_picked":["Steam+1","Turbo"],"picked":"Cold Snap","floor":18},{"not_picked":["Ball Lightning+1","All For One","Reprogram+1"],"picked":"SKIP","floor":19},{"not_picked":["Streamline","Panic Button","Self Repair"],"picked":"SKIP","floor":20},{"not_picked":["ReplayGash","Steam","Coolheaded"],"picked":"SKIP","floor":21},{"not_picked":["Leap","Genetic Algorithm+1"],"picked":"Barrage","floor":22},{"not_picked":["Cold Snap","Go for the Eyes","Turbo"],"picked":"SKIP","floor":28},{"not_picked":["Creative AI","Biased Cognition"],"picked":"Rainbow","floor":33},{"not_picked":["Self Repair","Steam+1","Blizzard+1"],"picked":"SKIP","floor":35},{"not_picked":["Stack","Double Energy","Buffer"],"picked":"SKIP","floor":39},{"not_picked":["BasicCrystalCard","Go for the Eyes+1","ReplayTheSpireMod:Reroute Power"],"picked":"SKIP","floor":40},{"not_picked":["Hologram+1","Turbo+1","Fusion"],"picked":"SKIP","floor":42},{"not_picked":["Go for the Eyes","Leap","ReplayTheSpireMod:Calculation Training"],"picked":"SKIP","floor":45}],"player_experience":891141,"relics_obtained":[{"floor":9,"key":"Toy Ornithopter"},{"floor":14,"key":"hubris:TenFootPole"},{"floor":26,"key":"Akabeko"},{"floor":40,"key":"Darkstone Periapt"},{"floor":43,"key":"Replay:Accelerometer"}],"event_choices":[{"cards_removed":["Defend_B"],"damage_healed":0,"gold_gain":0,"player_choice":"Card Removal","damage_taken":7,"max_hp_gain":0,"max_hp_loss":0,"event_name":"Golden Wing","floor":5,"gold_loss":0},{"damage_healed":0,"gold_gain":0,"player_choice":"0 cards matched","damage_taken":0,"max_hp_gain":0,"max_hp_loss":0,"event_name":"Match and Keep!","floor":24,"gold_loss":0,"cards_obtained":[]},{"damage_healed":0,"gold_gain":0,"player_choice":"Upgraded","damage_taken":0,"max_hp_gain":0,"max_hp_loss":0,"event_name":"Upgrade Shrine","floor":36,"gold_loss":0,"cards_upgraded":["Rainbow"]}],"is_beta":false,"boss_relics":[{"not_picked":["hubris:BlackHole","Snecko Eye","conspire:SlowCooker"]},{"not_picked":["hubris:VirtuousBlindfold","halation:CatFaceCupcake","energizedSpire:UnstableMolecules"]}],"items_purged_floors":[27,30,37,46],"is_endless":true,"potions_floor_spawned":[1,8,13,18,19,33,35,45],"killed_by":"Nemesis","ascension_level":0}}