{"host":"x5a6cvihdukvwm3n","time":1608213693,"event":{"mods":["AlwaysNeverKeys","Aspiration","BaseMod","BetterRewards","Colored Map","Colored Powertips","Conspire","Curses Come First","Friendly Minions","GifTheSpireLib","Halation","Highlight Path","Hubris","Minty Spire (QoL Compilation)","Replay The Spire","Shop Mod","StSLib","Stuff the Spire","SuperFastMode","Synergy Search","vexMod"],"gold_per_floor":[114,114,114,114,114,144,144,159,184,199,199,199,280,30,30,130,130,145,71,71,71,86,86,101,101,151,151,151,151,151,151,240,340,340,400,400,400,415,265,265,295,295,320,369,369,389,14,14,14,14],"floor_reached":51,"playtime":1794,"items_purged":[],"score":711,"play_id":"4cf43085-9210-4c23-9bd8-5768d5bf27cb","local_time":"20201217150133","daily_mods":["Specialized","Flight","Lethality"],"is_ascension_mode":false,"campfire_choices":[{"floor":15,"key":"REST"},{"data":"StuffTheSpire:Synthwave","floor":23,"key":"SMITH"},{"floor":25,"key":"REST"},{"floor":27,"key":"REST"},{"floor":29,"key":"REST"},{"floor":40,"key":"REST"},{"floor":45,"key":"REST"},{"floor":49,"key":"REST"}],"circlet_count":0,"master_deck":["Strike_B","Strike_B+1","Strike_B+1","Defend_B","Defend_B","Defend_B+1","Zap+1","Dualcast","Seek","Seek+1","Seek","Seek+1","Seek+1","Lockon","StuffTheSpire:Coldhearted","Double Energy","Conserve Battery","Amplify","Steam+1","StuffTheSpire:Synthwave+1","Ball Lightning","Chill+1","Mirror Shield","Electrodynamics+1","Double Energy+1","Conserve Battery+1","Hello World"],"relics":["Cracked Core","hubris:Towel","halation:PinkSoulGem","Gremlin Food","Carrot","ReplayTheSpireMod:Ring of Challenge","conspire:DeflatedDodgeball","Letter Opener","aspiration:RitualDagger","hubris:SlimyHat","Nloth\u0027s Gift","conspire:SpecialSausage","halation:PapillonHeart","Peace Pipe","ReplayTheSpireMod:TigerMarble","halation:Gekota","vexMod:ScavengeHelm","Art of War","Ornamental Fan","aspiration:HatOfInfinitePower","hubris:Potato"],"acts_visited":["Exordium","TheCity","TheBeyond"],"potions_floor_usage":[16,22,41,46],"damage_taken":[{"damage":4,"enemies":"Cultist","floor":1,"turns":3},{"damage":28,"enemies":"3 Sentries","floor":6,"turns":6},{"damage":0,"enemies":"2 Louse","floor":8,"turns":2},{"damage":1,"enemies":"Jaw Worm","floor":10,"turns":2},{"damage":52,"enemies":"conspire:MimicChest","floor":13,"turns":8},{"damage":12,"enemies":"Slime Boss","floor":16,"turns":6},{"damage":10,"enemies":"Chosen","floor":18,"turns":4},{"damage":21,"enemies":"2 Thieves","floor":22,"turns":3},{"damage":39,"enemies":"Sentry and Sphere","floor":24,"turns":4},{"damage":76,"enemies":"hubris:MusketHawk","floor":33,"turns":7},{"damage":9,"enemies":"3 Shapes","floor":35,"turns":3},{"damage":24,"enemies":"3 Darklings","floor":38,"turns":3},{"damage":59,"enemies":"Reptomancer","floor":41,"turns":7},{"damage":3,"enemies":"2 Orb Walkers","floor":46,"turns":2},{"damage":37,"enemies":"Time Eater","floor":50,"turns":8}],"seed_played":"-4230686447748436371","potions_obtained":[{"floor":6,"key":"FocusPotion"},{"floor":10,"key":"Strength Potion"},{"floor":13,"key":"LiquidBronze"},{"floor":18,"key":"Swift Potion"},{"floor":35,"key":"ColorlessPotion"},{"floor":46,"key":"Block Potion"},{"floor":48,"key":"CultistPotion"},{"floor":48,"key":"SpeedPotion"}],"is_trial":false,"path_per_floor":["M","?","?","$","?","E","T","M","T","M","?","?","?","$","R","B",null,"M","$","?","?","M","R","M","R","T","R","?","R","?","?","R_BF","B",null,"M","?","?","M","$","R","E","T","T","?","R","?","$","?","R","B",null],"character_chosen":"DEFECT","items_purchased":["Letter Opener","StuffTheSpire:Synthwave","ReplayTheSpireMod:TigerMarble","hubris:Potato","Hello World"],"campfire_rested":7,"item_purchase_floors":[14,19,39,47,47],"current_hp_per_floor":[71,71,71,71,71,43,43,43,43,42,42,57,5,5,27,15,75,65,65,65,65,44,44,5,27,27,49,49,71,75,75,75,75,75,75,71,71,56,56,71,40,40,40,23,44,57,57,57,71,51],"gold":14,"neow_bonus":"","is_daily":true,"chose_seed":false,"campfire_upgraded":1,"win_rate":0.0,"timestamp":1608213693,"path_taken":["M","?","?","?","?","E","?","M","T","?","?","?","?","$","R","BOSS","M","$","?","?","M","R","?","R","T","R","?","R","?","?","R_BF","BOSS","M","?","?","?","$","R","E","?","T","?","R","?","?","?","R","BOSS"],"items_purchased_type":["Relic","Card","Relic","Relic","Card"],"build_version":"2020-12-13","purchased_purges":0,"victory":true,"max_hp_per_floor":[75,75,75,75,75,75,75,75,75,75,75,75,75,75,75,75,75,75,75,75,75,75,75,75,75,75,75,75,75,75,75,75,75,75,75,71,71,71,71,71,71,71,71,71,71,71,71,71,71,71],"card_choices":[{"not_picked":["Steam","StuffTheSpire:LoadUp"],"picked":"Lockon","floor":1},{"not_picked":["Go for the Eyes","StuffTheSpire:NuclearReactor"],"picked":"StuffTheSpire:Coldhearted","floor":6},{"not_picked":["Reprogram","BasicCrystalCard"],"picked":"Double Energy","floor":8},{"not_picked":["Recycle","Stack"],"picked":"Conserve Battery","floor":10},{"not_picked":["Multi-Cast","ReplayTheSpireMod:Omega Cannon"],"picked":"Amplify","floor":16},{"not_picked":["StuffTheSpire:Plugnplay","BasicCrystalCard"],"picked":"Steam","floor":18},{"not_picked":["Sweeping Beam+1","Hologram"],"picked":"Ball Lightning","floor":22},{"not_picked":["ReplayRNGCard","Panic Button"],"picked":"Chill+1","floor":24},{"not_picked":["ReplayTheSpireMod:Omega Cannon","StuffTheSpire:LaunchingStrike"],"picked":"Mirror Shield","floor":33},{"not_picked":["Coolheaded+1","Leap","StuffTheSpire:CleanHardDrive"],"picked":"SKIP","floor":35},{"not_picked":["Reboot","Reinforced Body+1","Cold Snap"],"picked":"SKIP","floor":38},{"not_picked":["Streamline+1","ReplayTheSpireMod:Fabricate Wheel"],"picked":"Electrodynamics","floor":41},{"not_picked":["Barrage","Lockon+1"],"picked":"Double Energy+1","floor":44},{"not_picked":["Barrage+1","Cold Snap+1"],"picked":"Conserve Battery+1","floor":46}],"player_experience":186642,"relics_obtained":[{"floor":6,"key":"Gremlin Food"},{"floor":7,"key":"Carrot"},{"floor":9,"key":"War Paint"},{"floor":11,"key":"ReplayTheSpireMod:Ring of Challenge"},{"floor":13,"key":"conspire:DeflatedDodgeball"},{"floor":26,"key":"hubris:SlimyHat"},{"floor":37,"key":"Peace Pipe"},{"floor":41,"key":"halation:Gekota"},{"floor":42,"key":"vexMod:ScavengeHelm"},{"floor":43,"key":"Art of War"},{"floor":44,"key":"Ornamental Fan"},{"floor":46,"key":"aspiration:HatOfInfinitePower"}],"event_choices":[{"cards_removed":["Defend_B"],"damage_healed":0,"gold_gain":0,"player_choice":"Purged","damage_taken":0,"max_hp_gain":0,"max_hp_loss":0,"event_name":"Purifier","floor":21,"gold_loss":0},{"cards_removed":["Strike_B"],"damage_healed":0,"gold_gain":0,"player_choice":"Elegance","damage_taken":0,"max_hp_gain":0,"max_hp_loss":0,"event_name":"Back to Basics","floor":28,"gold_loss":0},{"damage_healed":0,"gold_gain":0,"player_choice":"Traded Relic","damage_taken":0,"relics_obtained":["Nloth\u0027s Gift"],"max_hp_gain":0,"max_hp_loss":0,"event_name":"N\u0027loth","floor":31,"relics_lost":["War Paint"],"gold_loss":0},{"damage_healed":0,"gold_gain":0,"player_choice":"Relic","damage_taken":0,"max_hp_gain":0,"max_hp_loss":0,"event_name":"Wheel of Change","floor":37,"gold_loss":0},{"damage_healed":0,"gold_gain":0,"player_choice":"Fight","damage_taken":0,"max_hp_gain":0,"max_hp_loss":0,"event_name":"Mysterious Sphere","floor":46,"gold_loss":0},{"damage_healed":0,"gold_gain":0,"player_choice":"Got Potions","damage_taken":0,"max_hp_gain":0,"max_hp_loss":0,"event_name":"Lab","floor":48,"gold_loss":0}],"is_beta":false,"boss_relics":[{"not_picked":["FrozenCore","ReplayTheSpireMod:DimensionalGlitch"],"picked":"aspiration:RitualDagger"},{"not_picked":["Velvet Choker","Ring of Chaos"],"picked":"conspire:SpecialSausage"}],"items_purged_floors":[],"is_endless":false,"potions_floor_spawned":[6,10,13,18,35,46],"ascension_level":0}}