{"host":"ovxa65d68iy9l57e","time":1608218052,"event":{"mods":["AchievementEnabler","BaseMod","Colored Map","Minty Spire (QoL Compilation)","Relic Stats"],"gold_per_floor":[16,26,40,52,52,52,52,52,103,113,139,151,184,214,214,317,317,328,328,328,90,118,146,146,174,174,208,226,236,236,248,248,343,343,363,133,144,155,165,165,165],"floor_reached":40,"playtime":3903,"items_purged":["Defend_G+1"],"score":556,"play_id":"622309d5-8669-4349-97b4-4a54d0de39d7","local_time":"20201217161412","is_ascension_mode":true,"campfire_choices":[{"data":"Dash","floor":6.0,"key":"SMITH"},{"data":"Dagger Spray","floor":8.0,"key":"SMITH"},{"data":"Bouncing Flask","floor":15.0,"key":"SMITH"},{"data":"Backflip","floor":24.0,"key":"SMITH"},{"data":"PiercingWail","floor":30.0,"key":"SMITH"},{"data":"Well Laid Plans","floor":32.0,"key":"SMITH"}],"circlet_count":0,"master_deck":["Defend_G+1","Defend_G+1","Defend_G+1","Defend_G+1","Survivor+1","Neutralize","Dash+1","Dagger Spray+1","Quick Slash","Poisoned Stab","Bouncing Flask+1","Wraith Form v2","Reflex","Bite","Bite","Bite","Bite","Bite","Deadly Poison+1","Backflip+1","Acrobatics","Bouncing Flask","PiercingWail+1","Well Laid Plans+1","Envenom","PanicButton","Backflip"],"relics":["Ring of the Snake","Tingsha","Singing Bowl","Nunchaku","Eternal Feather","Meat on the Bone","Odd Mushroom","Coffee Dripper","Kunai","Red Mask","Lantern","Oddly Smooth Stone","Vajra","Tough Bandages","Sozu","Membership Card"],"acts_visited":["Exordium","TheCity","TheBeyond"],"potions_floor_usage":[37,39],"damage_taken":[{"damage":0.0,"enemies":"Cultist","floor":1.0,"turns":3.0},{"damage":7.0,"enemies":"Jaw Worm","floor":2.0,"turns":5.0},{"damage":4.0,"enemies":"Small Slimes","floor":3.0,"turns":4.0},{"damage":0.0,"enemies":"3 Louse","floor":4.0,"turns":2.0},{"damage":2.0,"enemies":"Exordium Wildlife","floor":10.0,"turns":4.0},{"damage":13.0,"enemies":"Gremlin Nob","floor":11.0,"turns":4.0},{"damage":10.0,"enemies":"Large Slime","floor":12.0,"turns":5.0},{"damage":2.0,"enemies":"3 Sentries","floor":13.0,"turns":6.0},{"damage":2.0,"enemies":"The Mushroom Lair","floor":14.0,"turns":3.0},{"damage":29.0,"enemies":"The Guardian","floor":16.0,"turns":11.0},{"damage":13.0,"enemies":"3 Byrds","floor":18.0,"turns":4.0},{"damage":3.0,"enemies":"Masked Bandits","floor":22.0,"turns":5.0},{"damage":23.0,"enemies":"Gremlin Leader","floor":23.0,"turns":6.0},{"damage":22.0,"enemies":"Book of Stabbing","floor":25.0,"turns":5.0},{"damage":0.0,"enemies":"Gremlin Leader","floor":27.0,"turns":6.0},{"damage":0.0,"enemies":"Chosen","floor":28.0,"turns":3.0},{"damage":0.0,"enemies":"3 Cultists","floor":29.0,"turns":4.0},{"damage":7.0,"enemies":"Cultist and Chosen","floor":31.0,"turns":5.0},{"damage":8.0,"enemies":"Collector","floor":33.0,"turns":8.0},{"damage":6.0,"enemies":"3 Shapes","floor":35.0,"turns":4.0},{"damage":3,"enemies":"3 Darklings","floor":37,"turns":4},{"damage":0,"enemies":"Transient","floor":38,"turns":5},{"damage":5,"enemies":"4 Shapes","floor":39,"turns":4},{"damage":70,"enemies":"Nemesis","floor":40,"turns":6}],"seed_played":"-472716441221540031","potions_obtained":[{"floor":1.0,"key":"LiquidMemories"},{"floor":11.0,"key":"AttackPotion"},{"floor":12.0,"key":"LiquidBronze"},{"floor":13.0,"key":"Poison Potion"},{"floor":27.0,"key":"Fire Potion"},{"floor":29.0,"key":"CultistPotion"},{"floor":31.0,"key":"SneckoOil"},{"floor":33.0,"key":"PowerPotion"}],"is_trial":false,"path_per_floor":["M","M","M","M","?","R","T","R","T","M","E","M","E","?","R","B",null,"M","?","?","$","?","E","R","E","T","E","M","M","R","M","R","B",null,"M","$","M","M","M","E"],"character_chosen":"THE_SILENT","items_purchased":["Kunai","Membership Card","PanicButton"],"campfire_rested":0,"item_purchase_floors":[21,36,36],"current_hp_per_floor":[70,63,59,59,45,45,45,45,45,43,30,22,20,32,41,24,74,61,61,51,51,51,42,51,35,35,51,53,53,53,50,53,45,53,53,53,54,59,59,0,0],"gold":165,"neow_bonus":"ONE_RARE_RELIC","is_daily":false,"chose_seed":false,"campfire_upgraded":6,"win_rate":0.0,"timestamp":1608218052,"path_taken":["M","M","M","M","?","R","?","R","T","?","E","M","E","?","R","BOSS","M","?","?","$","?","E","R","E","T","E","M","M","R","M","R","BOSS","M","$","M","M","M","E"],"items_purchased_type":["Relic","Relic","Card"],"build_version":"2020-12-13","purchased_purges":1,"victory":false,"max_hp_per_floor":[70,70,70,70,70,70,70,70,70,70,70,72,72,74,74,74,74,74,74,51,51,51,51,51,51,51,53,53,53,53,53,53,53,53,55,55,57,59,59,59,59],"relic_stats":{"Sozu":1,"Nunchaku":[21],"Tough Bandages":[39],"Singing Bowl":12,"counters":[24,116],"Tingsha":[77],"Eternal Feather":21,"Kunai":[26],"obtain_stats":[{"Lantern":23,"Singing Bowl":7,"Oddly Smooth Stone":25,"Vajra":26,"Tingsha":0,"Eternal Feather":11,"Odd Mushroom":14,"Sozu":34,"Nunchaku":9,"Tough Bandages":27,"Coffee Dripper":17,"Red Mask":22,"Kunai":21,"Membership Card":36,"Ring of the Snake":0,"Meat on the Bone":13},{"Lantern":13,"Singing Bowl":4,"Oddly Smooth Stone":14,"Vajra":14,"Tingsha":0,"Eternal Feather":6,"Odd Mushroom":9,"Sozu":19,"Nunchaku":4,"Tough Bandages":15,"Coffee Dripper":10,"Red Mask":12,"Kunai":11,"Membership Card":20,"Ring of the Snake":0,"Meat on the Bone":8},{"Lantern":62,"Singing Bowl":14,"Oddly Smooth Stone":67,"Vajra":67,"Tingsha":0,"Eternal Feather":22,"Odd Mushroom":36,"Sozu":93,"Nunchaku":14,"Tough Bandages":73,"Coffee Dripper":47,"Red Mask":56,"Kunai":51,"Membership Card":97,"Ring of the Snake":0,"Meat on the Bone":33}],"Ring of the Snake":[48],"Meat on the Bone":24},"card_choices":[{"not_picked":["Endless Agony","Expertise","Sucker Punch"],"picked":"SKIP","floor":1.0},{"not_picked":["Blade Dance","Bane"],"picked":"Dash","floor":2.0},{"not_picked":["Caltrops","Sucker Punch"],"picked":"Dagger Spray","floor":3.0},{"not_picked":["Expertise","Predator","Flechettes"],"picked":"SKIP","floor":4.0},{"not_picked":["Riddle With Holes","Underhanded Strike"],"picked":"Quick Slash","floor":10.0},{"not_picked":["Dagger Throw","Well Laid Plans"],"picked":"Poisoned Stab","floor":11.0},{"not_picked":["Blade Dance","Bane","Flying Knee"],"picked":"Singing Bowl","floor":12.0},{"not_picked":["Well Laid Plans","Prepared"],"picked":"Bouncing Flask","floor":13.0},{"not_picked":["Expertise","Accuracy","Flying Knee"],"picked":"Singing Bowl","floor":14.0},{"not_picked":["Glass Knife","Venomology"],"picked":"Wraith Form v2","floor":16.0},{"not_picked":["Prepared","Poisoned Stab"],"picked":"Reflex","floor":18.0},{"not_picked":["Dodge and Roll","Bouncing Flask"],"picked":"Deadly Poison+1","floor":22.0},{"not_picked":["Poisoned Stab","Underhanded Strike+1"],"picked":"Backflip","floor":23.0},{"not_picked":["Prepared","Flying Knee"],"picked":"Acrobatics","floor":25.0},{"not_picked":["Flying Knee","Skewer","Underhanded Strike"],"picked":"Singing Bowl","floor":27.0},{"not_picked":["Acrobatics","Reflex"],"picked":"Bouncing Flask","floor":28.0},{"not_picked":["Backflip+1","Escape Plan"],"picked":"PiercingWail","floor":29.0},{"not_picked":["Crippling Poison","Sucker Punch"],"picked":"Well Laid Plans","floor":31.0},{"not_picked":["Tools of the Trade","Phantasmal Killer"],"picked":"Envenom","floor":33.0},{"not_picked":["Well Laid Plans","Slice+1","Cloak And Dagger+1"],"picked":"Singing Bowl","floor":35.0},{"not_picked":["Flechettes","Acrobatics+1","Outmaneuver+1"],"picked":"Singing Bowl","floor":37},{"not_picked":["Skewer","Heel Hook+1","Reflex"],"picked":"Singing Bowl","floor":38},{"not_picked":["All Out Attack+1","Flying Knee"],"picked":"Backflip","floor":39}],"player_experience":207008,"relics_obtained":[{"floor":7.0,"key":"Singing Bowl"},{"floor":9.0,"key":"Nunchaku"},{"floor":11.0,"key":"Eternal Feather"},{"floor":13.0,"key":"Meat on the Bone"},{"floor":14.0,"key":"Odd Mushroom"},{"floor":22.0,"key":"Red Mask"},{"floor":23.0,"key":"Lantern"},{"floor":25.0,"key":"Oddly Smooth Stone"},{"floor":26.0,"key":"Vajra"},{"floor":27.0,"key":"Tough Bandages"}],"event_choices":[{"damage_healed":0.0,"max_hp_gain":0.0,"max_hp_loss":0.0,"gold_gain":0.0,"event_name":"Shining Light","player_choice":"Entered Light","floor":5.0,"gold_loss":0.0,"damage_taken":14.0,"cards_upgraded":["Survivor","Strike_G"]},{"damage_healed":0.0,"max_hp_gain":0.0,"max_hp_loss":0.0,"gold_gain":0.0,"event_name":"Mushrooms","player_choice":"Fought Mushrooms","floor":14.0,"gold_loss":0.0,"damage_taken":0.0},{"damage_healed":0.0,"max_hp_gain":0.0,"max_hp_loss":0.0,"gold_gain":0.0,"event_name":"Back to Basics","player_choice":"Simplicity","floor":19.0,"gold_loss":0.0,"damage_taken":0.0,"cards_upgraded":["Strike_G","Strike_G","Strike_G","Strike_G","Defend_G","Defend_G","Defend_G","Defend_G","Defend_G"]},{"damage_healed":0.0,"max_hp_gain":0.0,"max_hp_loss":23.0,"gold_gain":0.0,"event_name":"Vampires","player_choice":"Became a vampire","floor":20.0,"gold_loss":0.0,"damage_taken":0.0,"cards_obtained":["Bite","Bite","Bite","Bite","Bite"]},{"damage_healed":0.0,"max_hp_gain":0.0,"max_hp_loss":0.0,"gold_gain":0.0,"event_name":"Masked Bandits","player_choice":"Fought Bandits","floor":22.0,"gold_loss":0.0,"damage_taken":0.0}],"is_beta":false,"boss_relics":[{"not_picked":["SlaversCollar","Astrolabe"],"picked":"Coffee Dripper"},{"not_picked":["WristBlade","Snecko Eye"],"picked":"Sozu"}],"items_purged_floors":[36],"is_endless":false,"potions_floor_spawned":[1,11,12,13,27,29,31,33,35],"killed_by":"Nemesis","ascension_level":2}}