{"host":"tknto047uabgu3zm","time":1608163200,"event":{"mods":["AchievementEnabler","BaseMod","Block Reminder","Colored Map","Colored Powertips","Highlight Path","Minty Spire (QoL Compilation)","MonsterHotkey","Permanent Neow","Random Character Button","Rare Cards Sparkle","Relic Sorter","StSLib"],"gold_per_floor":[110,110,122,197,207,207,357,374,374,374,388,24,1,12,12,88,88,104,104,121,141,159,159,9,21,75,75,92,19,19,98,98,171,171,186,186,186,186,186,186,204,214,260,277,302,302,0,0,0,0],"floor_reached":51,"playtime":2090,"items_purged":["Doubt"],"score":1102,"play_id":"61b2b998-a5a1-4ee0-8abc-ab35f40490bf","local_time":"20201216155959","is_ascension_mode":true,"campfire_choices":[{"data":"Zap","floor":6,"key":"SMITH"},{"data":"Machine Learning","floor":10,"key":"SMITH"},{"floor":15,"key":"REST"},{"floor":23,"key":"REST"},{"floor":27,"key":"REST"},{"floor":30,"key":"REST"},{"floor":32,"key":"REST"},{"floor":40,"key":"REST"},{"floor":46,"key":"REST"},{"data":"Capacitor","floor":49,"key":"SMITH"}],"circlet_count":0,"master_deck":["AscendersBane","Strike_B","Strike_B","Defend_B","Zap+1","Dualcast","Auto Shields","Barrage","Turbo","Chill+1","Gash","Machine Learning+1","FTL","Go for the Eyes+1","Panacea+1","Ball Lightning+1","Electrodynamics","Undo+1","BootSequence","Glacier+1","Core Surge+1","Capacitor+1","Gash+1","Cold Snap+1","Self Repair","Creative AI","Biased Cognition+1","Multi-Cast+1","Sunder+1","Ball Lightning+1","Blind","Doom and Gloom+1","Compile Driver+1","Glacier"],"relics":["Cracked Core","Tiny Chest","Molten Egg 2","Philosopher\u0027s Stone","War Paint","StrikeDummy","Astrolabe","InkBottle","Juzu Bracelet","Pocketwatch","Red Mask","Pear"],"acts_visited":["Exordium","TheCity","TheBeyond"],"potions_floor_usage":[11,16,33,50],"damage_taken":[{"damage":0,"enemies":"2 Louse","floor":1,"turns":3},{"damage":0,"enemies":"Small Slimes","floor":3,"turns":3},{"damage":5,"enemies":"Jaw Worm","floor":5,"turns":2},{"damage":13,"enemies":"Looter","floor":8,"turns":4},{"damage":0,"enemies":"Gremlin Gang","floor":11,"turns":2},{"damage":11,"enemies":"3 Louse","floor":14,"turns":2},{"damage":17,"enemies":"Hexaghost","floor":16,"turns":8},{"damage":5,"enemies":"Spheric Guardian","floor":18,"turns":3},{"damage":10,"enemies":"3 Byrds","floor":20,"turns":4},{"damage":24,"enemies":"Shelled Parasite and Fungi","floor":21,"turns":7},{"damage":0,"enemies":"Centurion and Healer","floor":22,"turns":7},{"damage":12,"enemies":"Snecko","floor":25,"turns":4},{"damage":15,"enemies":"Sentry and Sphere","floor":28,"turns":7},{"damage":46,"enemies":"Collector","floor":33,"turns":11},{"damage":16,"enemies":"Orb Walker","floor":35,"turns":4},{"damage":9,"enemies":"3 Darklings","floor":41,"turns":3},{"damage":2,"enemies":"4 Shapes","floor":42,"turns":4},{"damage":19,"enemies":"Sphere and 2 Shapes","floor":44,"turns":4},{"damage":20,"enemies":"Mind Bloom Boss Battle","floor":45,"turns":8},{"damage":28,"enemies":"Donu and Deca","floor":50,"turns":8}],"seed_played":"-5197547311702946814","potions_obtained":[{"floor":3,"key":"Explosive Potion"},{"floor":11,"key":"CultistPotion"},{"floor":14,"key":"PotionOfCapacity"},{"floor":21,"key":"Explosive Potion"},{"floor":25,"key":"FairyPotion"},{"floor":44,"key":"Dexterity Potion"},{"floor":45,"key":"PowerPotion"}],"is_trial":false,"path_per_floor":["M","?","M","?","M","R","?","M","T","R","M","$","$","M","R","B",null,"M","?","M","M","M","R","$","M","T","R","M","$","R","T","R","B",null,"M","?","?","?","T","R","M","M","T","M","?","R","?","T","R","B",null],"character_chosen":"DEFECT","items_purchased":["Molten Egg 2","Go for the Eyes+1","Panacea","Ball Lightning+1","Capacitor","Self Repair"],"campfire_rested":7,"item_purchase_floors":[12,12,12,13,24,29],"current_hp_per_floor":[64,64,64,53,48,48,48,35,35,35,35,35,35,24,43,26,55,50,50,40,16,16,35,35,23,23,42,27,27,46,46,64,18,53,44,44,44,44,44,63,61,64,64,52,39,58,58,68,68,47],"gold":0,"neow_bonus":"TRANSFORM_TWO_CARDS","is_daily":false,"chose_seed":false,"campfire_upgraded":3,"win_rate":0.0,"timestamp":1608163199,"path_taken":["M","?","M","?","M","R","?","M","T","R","M","?","$","M","R","BOSS","M","?","M","?","M","R","$","M","T","R","M","$","R","?","R","BOSS","M","?","?","?","?","R","?","M","T","M","?","R","?","?","R","BOSS"],"items_purchased_type":["Relic","Card","Card","Card","Card","Card"],"build_version":"2020-12-13","purchased_purges":1,"victory":true,"max_hp_per_floor":[64,64,64,64,64,64,64,64,64,64,64,64,64,64,64,64,64,64,64,64,64,64,64,64,64,64,64,64,64,64,64,64,64,64,64,64,64,64,64,64,64,64,64,64,64,64,64,74,74,74],"card_choices":[{"not_picked":["Barrage","Melter"],"picked":"Turbo","floor":1},{"not_picked":["Conserve Battery","Redo"],"picked":"Chill","floor":3},{"not_picked":["Turbo","Stack"],"picked":"Gash","floor":5},{"not_picked":["Beam Cell","Redo"],"picked":"Machine Learning","floor":8},{"not_picked":["Rip and Tear","Redo"],"picked":"FTL","floor":11},{"not_picked":["Sweeping Beam+1","Recycle"],"picked":"Cold Snap+1","floor":14},{"not_picked":["Hyperbeam+1","Biased Cognition"],"picked":"Electrodynamics","floor":16},{"not_picked":["Redo","Beam Cell+1"],"picked":"Undo+1","floor":18},{"not_picked":["Turbo+1","Cold Snap+1"],"picked":"BootSequence","floor":20},{"not_picked":["Sweeping Beam+1","Coolheaded+1"],"picked":"Glacier","floor":21},{"not_picked":["Ball Lightning+1","Glacier"],"picked":"Core Surge+1","floor":22},{"not_picked":["Doom and Gloom+1","Reinforced Body"],"picked":"Gash+1","floor":25},{"not_picked":["Auto Shields","Steam"],"picked":"Cold Snap+1","floor":28},{"not_picked":["Machine Learning","Meteor Strike+1"],"picked":"Creative AI","floor":33},{"not_picked":["Redo","Chill"],"picked":"Ball Lightning+1","floor":35},{"not_picked":["Mind Blast+1","Forethought"],"picked":"Blind","floor":37},{"not_picked":["Undo","Coolheaded","Conserve Battery"],"picked":"SKIP","floor":41},{"not_picked":["Cold Snap+1","Fusion+1"],"picked":"Doom and Gloom+1","floor":42},{"not_picked":["Hologram","Genetic Algorithm"],"picked":"Compile Driver+1","floor":44},{"not_picked":["Go for the Eyes+1","Beam Cell+1"],"picked":"Glacier","floor":45}],"player_experience":452307,"relics_obtained":[{"floor":9,"key":"Tiny Chest"},{"floor":26,"key":"War Paint"},{"floor":31,"key":"StrikeDummy"},{"floor":39,"key":"InkBottle"},{"floor":43,"key":"Juzu Bracelet"},{"floor":45,"key":"Pocketwatch"},{"floor":48,"key":"Pear"}],"event_choices":[{"damage_healed":0,"gold_gain":0,"player_choice":"Leave","damage_taken":0,"max_hp_gain":0,"max_hp_loss":0,"event_name":"The Cleric","floor":2,"gold_loss":0},{"damage_healed":0,"gold_gain":75,"player_choice":"Gather Gold","damage_taken":11,"max_hp_gain":0,"max_hp_loss":0,"event_name":"World of Goop","floor":4,"gold_loss":0},{"damage_healed":0,"gold_gain":150,"player_choice":"AGREE","damage_taken":0,"max_hp_gain":0,"max_hp_loss":0,"event_name":"Liars Game","floor":7,"gold_loss":0,"cards_obtained":["Doubt"]},{"damage_healed":0,"gold_gain":0,"player_choice":"Upgraded","damage_taken":0,"max_hp_gain":0,"max_hp_loss":0,"event_name":"Upgrade Shrine","floor":19,"gold_loss":0,"cards_upgraded":["Panacea"]},{"cards_removed":["Cold Snap"],"damage_healed":0,"gold_gain":0,"player_choice":"Removed Attack","damage_taken":0,"max_hp_gain":0,"max_hp_loss":0,"event_name":"Falling","floor":36,"gold_loss":0},{"damage_healed":0,"gold_gain":0,"player_choice":"Memory 1","damage_taken":0,"max_hp_gain":0,"max_hp_loss":0,"event_name":"SensoryStone","floor":37,"gold_loss":0},{"damage_healed":0,"gold_gain":0,"player_choice":"Ignored","damage_taken":0,"max_hp_gain":0,"max_hp_loss":0,"event_name":"Mysterious Sphere","floor":38,"gold_loss":0},{"damage_healed":0,"gold_gain":0,"player_choice":"Fight","damage_taken":0,"max_hp_gain":0,"max_hp_loss":0,"event_name":"MindBloom","floor":45,"gold_loss":0},{"damage_healed":0,"gold_gain":0,"player_choice":"Paid","damage_taken":0,"relics_obtained":["Red Mask"],"max_hp_gain":0,"max_hp_loss":0,"event_name":"Tomb of Lord Red Mask","floor":47,"gold_loss":302}],"is_beta":false,"boss_relics":[{"not_picked":["FrozenCore","Black Star"],"picked":"Philosopher\u0027s Stone"},{"not_picked":["Snecko Eye","Coffee Dripper"],"picked":"Astrolabe"}],"items_purged_floors":[24],"is_endless":false,"potions_floor_spawned":[3,11,14,21,25,28,44,45],"ascension_level":15}}