{"host":"minw3mmpo4s8ujtp","time":1608246957,"event":{"mods":["A Magickal Journey","BaseMod","Bestiary","ChefMod","Hermit","Minty Spire (QoL Compilation)","Quick Restart","Relic Stats","Shade Mod","StSLib","The Necromancer","The Runesmith","TheHero","Treasure Hunter"],"gold_per_floor":[118,37,50,63,77,77,93,193,246,35,35,45,56,72,72,168,168,183,3,13,28,42,42,73,87,87,120,120,143,173,185,185,290,290,290],"floor_reached":34,"playtime":3128,"items_purged":[],"score":533,"play_id":"6110b2a7-774f-4cae-a4c9-58d04bd578e2","local_time":"20201217181557","is_ascension_mode":false,"campfire_choices":[{"data":"Shade:AuraOfUnlife","floor":6.0,"key":"SMITH"},{"floor":11.0,"key":"REST"},{"floor":15.0,"key":"REST"},{"floor":23.0,"key":"REST"},{"data":"Shade:AuraOfUnlife","floor":32.0,"key":"SMITH"}],"circlet_count":0,"master_deck":["Shade:Strike_Shade","Shade:Strike_Shade","Shade:Strike_Shade","Shade:Strike_Shade","Shade:Defend_Shade","Shade:Defend_Shade","Shade:Defend_Shade","Shade:Defend_Shade","Shade:AnimateDead","Shade:CarefulCut","Shade:AuraOfUnlife+1","Shade:Carnophage","Shade:Brains","Shade:SkeletonArmy","Shade:PressTheAttack","Shade:SkeletonArmy","TH:DeckOfManyThings","Shade:GreyBargain","Metamorphosis","Shade:SensePrey","Shade:Bonestorm","TH:DeckOfManyThings","Shade:DarkOfNight","Shade:FuneraryArmor+1","Shade:AuraOfUnlife+1","Shade:OpenGraves","Shade:GreyBargain","Shade:GreyBargain+1","TH:CopperCoins","Shade:CommandSoldier+1","Shade:CoffinDance","TH:DeckOfManyThings","TH:DeckOfManyThings","Shade:LichForm+1","Shade:RitualOffering","Shade:DarkOfNight"],"relics":["Shade:YorickSkull","NeowsBlessing","Ancient Tea Set","Black Star","Bronze Scales","Shuriken","Nunchaku","Singing Bowl","Frozen Egg 2","Letter Opener","MutagenicStrength","PreservedInsect","Strawberry","Sundial","Busted Crown"],"acts_visited":["TheBeyond"],"potions_floor_usage":[],"damage_taken":[{"damage":0.0,"enemies":"Small Slimes","floor":1.0,"turns":1.0},{"damage":0.0,"enemies":"Cultist","floor":3.0,"turns":1.0},{"damage":0.0,"enemies":"Jaw Worm","floor":4.0,"turns":1.0},{"damage":16.0,"enemies":"2 Fungi Beasts","floor":5.0,"turns":4.0},{"damage":6.0,"enemies":"Looter","floor":7.0,"turns":3.0},{"damage":7.0,"enemies":"Blue Slaver","floor":12.0,"turns":3.0},{"damage":10.0,"enemies":"3 Louse","floor":13.0,"turns":2.0},{"damage":12.0,"enemies":"Exordium Thugs","floor":14.0,"turns":4.0},{"damage":0.0,"enemies":"Slime Boss","floor":16.0,"turns":6.0},{"damage":29.0,"enemies":"Shell Parasite","floor":18.0,"turns":5.0},{"damage":0.0,"enemies":"3 Byrds","floor":20.0,"turns":3.0},{"damage":32.0,"enemies":"Centurion and Healer","floor":21.0,"turns":10.0},{"damage":9.0,"enemies":"Snake Plant","floor":22.0,"turns":4.0},{"damage":38.0,"enemies":"Book of Stabbing","floor":24.0,"turns":5.0},{"damage":38.0,"enemies":"Shelled Parasite and Fungi","floor":25.0,"turns":4.0},{"damage":10.0,"enemies":"Gremlin Leader","floor":27.0,"turns":5.0},{"damage":52.0,"enemies":"Slavers","floor":30.0,"turns":3.0},{"damage":4.0,"enemies":"Chosen and Byrds","floor":31.0,"turns":5.0},{"damage":173.0,"enemies":"Collector","floor":33.0,"turns":11.0}],"seed_played":"1018093879798307243","potions_obtained":[{"floor":4.0,"key":"LiquidBronze"},{"floor":7.0,"key":"Fire Potion"},{"floor":13.0,"key":"BlessingOfTheForge"},{"floor":16.0,"key":"Block Potion"},{"floor":18.0,"key":"SpeedPotion"},{"floor":20.0,"key":"BlessingOfTheForge"},{"floor":21.0,"key":"PowerPotion"},{"floor":27.0,"key":"Explosive Potion"}],"is_trial":false,"path_per_floor":["M","$","M","M","M","R","M","?","T","$","R","M","M","M","R","B",null,"M","$","M","M","M","R","E","M","T","E","?","T","E","M","R","B",null],"character_chosen":"SHADE","items_purchased":["Shade:Carnophage","Shade:GreyBargain","Metamorphosis","Shade:AuraOfUnlife","Bronze Scales"],"campfire_rested":3,"item_purchase_floors":[2,10,10,19,19],"current_hp_per_floor":[65,65,65,65,49,49,43,43,43,43,62,55,45,33,52,52,65,36,36,36,44,35,54,16,18,20,52,52,52,49,45,45,5,80,80],"gold":290,"neow_bonus":"THREE_ENEMY_KILL","is_daily":false,"chose_seed":false,"campfire_upgraded":2,"win_rate":0.0,"timestamp":1608246957,"path_taken":["M","$","M","M","M","R","M","?","T","?","R","M","M","M","R","BOSS","M","$","M","M","M","R","E","M","T","E","?","?","E","M","R","BOSS"],"items_purchased_type":["Card","Card","Card","Card","Relic"],"build_version":"2020-12-13","purchased_purges":0,"victory":false,"max_hp_per_floor":[65,65,65,65,65,65,65,65,65,65,65,65,65,65,65,65,65,65,65,65,65,65,65,65,65,67,69,69,69,78,78,78,80,80,80],"relic_stats":{"Nunchaku":[1],"Busted Crown":0,"Singing Bowl":8,"counters":[19,80],"Shuriken":[0],"Sundial":[0],"Bronze Scales":[221],"PreservedInsect":39,"Black Star":3,"Letter Opener":[25],"obtain_stats":[{"NeowsBlessing":0,"Singing Bowl":26,"Shade:YorickSkull":0,"PreservedInsect":29,"Letter Opener":27,"Frozen Egg 2":27,"Ancient Tea Set":9,"Nunchaku":24,"Busted Crown":34,"Shuriken":24,"Sundial":30,"Bronze Scales":19,"MutagenicStrength":28,"Strawberry":30,"Black Star":17},{"NeowsBlessing":0,"Singing Bowl":15,"Shade:YorickSkull":0,"PreservedInsect":16,"Letter Opener":16,"Frozen Egg 2":16,"Ancient Tea Set":5,"Nunchaku":14,"Busted Crown":19,"Shuriken":14,"Sundial":17,"Bronze Scales":10,"MutagenicStrength":16,"Strawberry":17,"Black Star":9},{"NeowsBlessing":0,"Singing Bowl":56,"Shade:YorickSkull":0,"PreservedInsect":61,"Letter Opener":61,"Frozen Egg 2":61,"Ancient Tea Set":10,"Nunchaku":52,"Busted Crown":80,"Shuriken":52,"Sundial":64,"Bronze Scales":30,"MutagenicStrength":61,"Strawberry":64,"Black Star":25}]},"card_choices":[{"not_picked":["Shade:Frenzy","Shade:FreshBones"],"picked":"Shade:AuraOfUnlife","floor":1.0},{"not_picked":["Shade:LyeBath","Shade:FingerOfDeath"],"picked":"Shade:Brains","floor":3.0},{"not_picked":["Shade:WallOfFlesh","Shade:SpontaneousRitual"],"picked":"Shade:SkeletonArmy","floor":4.0},{"not_picked":["Shade:Haruspicy","Shade:FingerOfDeath"],"picked":"Shade:PressTheAttack","floor":5.0},{"not_picked":["Shade:OfferingToTheBeyond","Shade:SpontaneousRitual"],"picked":"Shade:SkeletonArmy","floor":7.0},{"not_picked":["TH:ArmorSpikes"],"picked":"TH:DeckOfManyThings","floor":9.0},{"not_picked":["Shade:SkeletonHug","Shade:Bonestorm"],"picked":"Shade:SensePrey","floor":12.0},{"not_picked":["Shade:SkeletonHug","Shade:CallOfTheGrave","Shade:Premonition"],"picked":"SKIP","floor":13.0},{"not_picked":["Shade:Doomsay","Shade:FuneraryArmor"],"picked":"Shade:Bonestorm","floor":14.0},{"not_picked":["TH:PixieDust"],"picked":"TH:DeckOfManyThings","floor":16.0},{"not_picked":["Shade:LastGasp","Shade:SelfBurial"],"picked":"Shade:DarkOfNight","floor":16.0},{"not_picked":["Shade:WallOfFlesh+1","Shade:Premonition"],"picked":"Shade:FuneraryArmor+1","floor":18.0},{"not_picked":["Shade:Excise+1","Shade:PressTheAttack+1"],"picked":"Shade:OpenGraves","floor":20.0},{"not_picked":["Shade:CallOfTheGrave","Shade:FingerOfDeath"],"picked":"Shade:GreyBargain","floor":21.0},{"not_picked":["Shade:CallOfTheGrave+1","Shade:FuneraryArmor+1"],"picked":"Shade:GreyBargain+1","floor":22.0},{"not_picked":["TH:BikiniMail"],"picked":"TH:CopperCoins","floor":24.0},{"not_picked":["Shade:ScuttlingHand","Shade:GreaterAnimation"],"picked":"Shade:CommandSoldier+1","floor":24.0},{"not_picked":["Shade:FuneraryArmor","Shade:TouchOfTheGrave"],"picked":"Shade:CoffinDance","floor":25.0},{"not_picked":["TH:Mimic","TH:TreasureMap"],"picked":"Singing Bowl","floor":26.0},{"not_picked":["TH:BikiniMail"],"picked":"TH:DeckOfManyThings","floor":27.0},{"not_picked":["Shade:GraveStillness","Shade:Brains","Shade:Frenzy"],"picked":"Singing Bowl","floor":27.0},{"not_picked":["TH:CopperCoins"],"picked":"TH:DeckOfManyThings","floor":29.0},{"not_picked":["TH:ArmorSpikes","TH:ElvenBoots"],"picked":"Singing Bowl","floor":30.0},{"not_picked":["Shade:FuneraryArmor","Shade:Premonition"],"picked":"Shade:LichForm+1","floor":30.0},{"not_picked":["Shade:CallWraith","Shade:CallOfTheGrave+1"],"picked":"Shade:RitualOffering","floor":31.0},{"not_picked":["TH:ElvenBoots","TH:CopperCoins"],"picked":"Singing Bowl","floor":33.0},{"not_picked":["Shade:OminousRitual","Shade:GreaterAnimation+1"],"picked":"Shade:DarkOfNight","floor":33.0}],"player_experience":212890,"relics_obtained":[{"floor":9.0,"key":"Ancient Tea Set"},{"floor":24.0,"key":"Shuriken"},{"floor":24.0,"key":"Nunchaku"},{"floor":26.0,"key":"Singing Bowl"},{"floor":27.0,"key":"Frozen Egg 2"},{"floor":27.0,"key":"Letter Opener"},{"floor":29.0,"key":"PreservedInsect"},{"floor":30.0,"key":"Strawberry"},{"floor":30.0,"key":"Sundial"}],"event_choices":[{"damage_healed":0.0,"max_hp_gain":0.0,"max_hp_loss":0.0,"gold_gain":100.0,"event_name":"Wheel of Change","player_choice":"Gold","floor":8.0,"gold_loss":0.0,"damage_taken":0.0},{"damage_healed":0.0,"max_hp_gain":0.0,"max_hp_loss":0.0,"gold_gain":0.0,"event_name":"Drug Dealer","player_choice":"Inject Mutagens","floor":28.0,"gold_loss":0.0,"damage_taken":0.0,"relics_obtained":["MutagenicStrength"]}],"is_beta":false,"boss_relics":[{"not_picked":["Cursed Key","Tiny House"],"picked":"Black Star"},{"not_picked":["Empty Cage","Coffee Dripper"],"picked":"Busted Crown"}],"items_purged_floors":[],"is_endless":false,"potions_floor_spawned":[4,7,13,16,18,20,21,27],"ascension_level":0}}