{"host":"5pvsezzv96u4cz40","time":1608232422,"event":{"mods":["2.2 Compatiblity","Act Like it!","BaseMod","BetterRewards","CapriCore","Colored Map","Colored Powertips","GifTheSpireLib","GungeonMod","Hermit","Hubris","Infinite Spire","Jorbs\u0027s Wanderer Trilogy","Lobotomy","Marisa????????","Menagerie","Minty Spire (QoL Compilation)","Reimu??????","Remilia??????","Replay The Spire","Shop Mod","StSLib","The Bladedancer","The Exalted","The Immortal","The Servant 0.9.4","??????REMEMod"],"gold_per_floor":[109,124,136,191,211,54,72,72,72,86,86,86,86,86,86,184,184,157,169,169,169,169,169],"floor_reached":21,"playtime":3101,"items_purged":[],"score":171,"play_id":"45462bc8-04f8-4f06-b5ae-8109e452e352","local_time":"20201217201342","is_ascension_mode":false,"campfire_choices":[{"floor":8,"key":"REST"},{"floor":11,"key":"REST"},{"floor":13,"key":"REST"},{"data":"MokouMod:ResonanceReactor","floor":15,"key":"SMITH"}],"circlet_count":0,"master_deck":["MokouMod:Strike+1","MokouMod:Strike+1","MokouMod:Strike+1","MokouMod:Strike+1","MokouMod:Strike+1","MokouMod:Defend+1","MokouMod:Defend+1","MokouMod:Defend+1","MokouMod:Defend+1","MokouMod:HeatSpark","stsjorbsmod:HoldMonster","CrumblingArmor","MokouMod:SearingShot","MokouMod:ResonanceReactor+1","MokouMod:Singe","MokouMod:Stoke","LaLuna","MokouMod:HeatCyclone","MokouMod:Rebirth+1","MokouMod:CrimsonArmoury","RedShoes","MokouMod:WarmUp","infinitespire:Oblivion","MokouMod:ExplosiveFlame","MokouMod:SearingShot","MokouMod:Sear"],"relics":["MokouMod:PhoenixFeather","REME_ComplimentaryCards","CogitoBucket","Pet Ghost","Bromod:ArcaneAwakening","hubris:Backtick","hubris:Potato"],"acts_visited":["Exordium","TheCity"],"potions_floor_usage":[5,7,10,10,10],"damage_taken":[{"damage":0,"enemies":"2 Louse","floor":1,"turns":4},{"damage":5,"enemies":"Small Slimes","floor":2,"turns":4},{"damage":10,"enemies":"infinitespire:Voidling","floor":3,"turns":6},{"damage":1,"enemies":"Looter","floor":5,"turns":3},{"damage":0,"enemies":"Blue Slaver","floor":7,"turns":5},{"damage":14,"enemies":"Gremlin Gang","floor":10,"turns":6},{"damage":88,"enemies":"The Guardian","floor":16,"turns":15},{"damage":38,"enemies":"2 Thieves","floor":18,"turns":5},{"damage":39,"enemies":"3 Byrds","floor":19,"turns":6},{"damage":0,"enemies":"Centurion and Healer","floor":21,"turns":1}],"seed_played":"-8205571566358017614","potions_obtained":[{"floor":3,"key":"FearPotion"},{"floor":4,"key":"Reflective Coating"},{"floor":4,"key":"Reflective Coating"},{"floor":5,"key":"LifebloodPotion"},{"floor":7,"key":"Swift Potion"},{"floor":19,"key":"Block Potion"}],"is_trial":false,"path_per_floor":["M","M","M","?","M","$","M","R","T","M","R","?","R","?","R","B",null,"M","M","?","M"],"character_chosen":"MKU","items_purchased":["MokouMod:Rebirth"],"campfire_rested":3,"item_purchase_floors":[6],"current_hp_per_floor":[75,70,60,30,29,29,29,51,51,37,59,41,63,63,63,12,75,37,18,18,18,18,18],"gold":169,"neow_bonus":"","is_daily":false,"chose_seed":false,"campfire_upgraded":1,"win_rate":0.0,"timestamp":1608232422,"path_taken":["M","M","M","?","M","$","M","R","T","?","R","?","R","?","R","BOSS","M","?","?","M"],"items_purchased_type":["Card"],"build_version":"2020-12-13","purchased_purges":0,"victory":false,"max_hp_per_floor":[75,75,75,75,75,75,75,75,75,75,75,75,75,75,75,75,75,75,75,75,75,75,75],"card_choices":[{"not_picked":["WallGazer","BigBird"],"picked":"CrumblingArmor","floor":1},{"not_picked":["MokouMod:IndiscriminateIgnition","MokouMod:HeatTransfer"],"picked":"MokouMod:SearingShot","floor":1},{"not_picked":["MokouMod:Fireball","MokouMod:BlazingComet"],"picked":"MokouMod:ResonanceReactor","floor":2},{"not_picked":["MokouMod:Trailblazer","MokouMod:ResoluteFlare"],"picked":"MokouMod:Singe","floor":3},{"not_picked":["MokouMod:SearingShot","MokouMod:Singe"],"picked":"MokouMod:Stoke","floor":4},{"not_picked":["WallGazer","Wellcheers"],"picked":"LaLuna","floor":5},{"not_picked":["MokouMod:CrimsonFlare","MokouMod:IgnitionBarrier"],"picked":"MokouMod:HeatCyclone","floor":5},{"not_picked":["MokouMod:HeatTransfer","MokouMod:UncontrollableSolarReaction"],"picked":"MokouMod:CrimsonArmoury","floor":7},{"not_picked":["Scorched","BigBadWolf"],"picked":"RedShoes","floor":10},{"not_picked":["MokouMod:HeartofFire","MokouMod:ResoluteFlare"],"picked":"MokouMod:WarmUp","floor":10},{"not_picked":["infinitespire:NeuralNetwork","infinitespire:FutureSight"],"picked":"infinitespire:Oblivion","floor":12},{"not_picked":["MokouMod:Rebirth","MokouMod:Extinguish"],"picked":"MokouMod:ExplosiveFlame","floor":16},{"not_picked":["MokouMod:WarmUp","MokouMod:ScorchingColumn"],"picked":"MokouMod:SearingShot","floor":18},{"not_picked":["MokouMod:Scorch","MokouMod:IcarusDive+1"],"picked":"MokouMod:Sear","floor":19}],"player_experience":159764,"relics_obtained":[{"floor":4,"key":"Pet Ghost"},{"floor":9,"key":"Bromod:ArcaneAwakening"}],"event_choices":[{"damage_healed":0,"gold_gain":0,"player_choice":"Forge","damage_taken":0,"max_hp_gain":0,"max_hp_loss":0,"event_name":"Accursed Blacksmith","floor":14,"gold_loss":0,"cards_upgraded":["MokouMod:Rebirth"]},{"damage_healed":0,"gold_gain":0,"player_choice":"Simplicity","damage_taken":0,"max_hp_gain":0,"max_hp_loss":0,"event_name":"Back to Basics","floor":20,"gold_loss":0,"cards_upgraded":["MokouMod:Strike","MokouMod:Strike","MokouMod:Strike","MokouMod:Strike","MokouMod:Strike","MokouMod:Defend","MokouMod:Defend","MokouMod:Defend","MokouMod:Defend"]}],"is_beta":false,"boss_relics":[{"not_picked":["Ring of Chaos","Velvet Choker"],"picked":"hubris:Backtick"}],"items_purged_floors":[],"is_endless":false,"potions_floor_spawned":[3,5,7,19],"killed_by":"Centurion and Healer","ascension_level":0}}