{"host":"126yiuos2nq86se7","time":1608191403,"event":{"mods":["AchievementEnabler","Act Like it!","BaseMod","Colored Map","Colored Powertips","Downfall","Friendly Minions","Highlight Path","Jorbs\u0027s Wanderer Trilogy","Minty Spire (QoL Compilation)","StSLib","SuperFastMode","The Animator","The Cursed","The Hierophant","The Senshi","The Servant 0.9.4"],"gold_per_floor":[116,191,191,45,45,78,98,98,98,115,135,135,167,183,183,183,183],"floor_reached":16,"playtime":439,"items_purged":["Strike_P"],"score":142,"play_id":"50eb86a4-e4ae-4691-beda-02c961fea7b3","local_time":"20201217185003","is_ascension_mode":true,"campfire_choices":[{"data":"1","floor":8,"key":"LIFT"},{"floor":12,"key":"REST"},{"floor":15,"key":"REST"}],"circlet_count":0,"master_deck":["Strike_P","Strike_P","Strike_P","Defend_P","Defend_P","Defend_P","Defend_P","Vigilance","Wireheading","Nirvana","Nirvana","ThirdEye"],"relics":["PureWater","NeowsBlessing","Girya","TeardropLocket","Ornamental Fan"],"acts_visited":["Exordium"],"potions_floor_usage":[6,13,13,13,13,13,16,16,16],"damage_taken":[{"damage":0,"enemies":"Small Slimes","floor":1,"turns":1},{"damage":0,"enemies":"Lagavulin","floor":6,"turns":1},{"damage":0,"enemies":"Jaw Worm","floor":7,"turns":1},{"damage":7,"enemies":"Cultist","floor":10,"turns":4},{"damage":17,"enemies":"Exordium Wildlife","floor":11,"turns":12},{"damage":14,"enemies":"Gremlin Nob","floor":13,"turns":3},{"damage":23,"enemies":"Lots of Slimes","floor":14,"turns":7},{"damage":36,"enemies":"The Guardian","floor":16,"turns":10}],"seed_played":"1861733758520588844","potions_obtained":[{"floor":1,"key":"champ:CounterPotion"},{"floor":5,"key":"DistilledChaos"},{"floor":5,"key":"EntropicBrew"},{"floor":10,"key":"Fire Potion"},{"floor":13,"key":"LiquidBronze"},{"floor":14,"key":"LiquidBronze"}],"is_trial":false,"path_per_floor":["M","?","?","$","?","E","M","R","T","M","M","R","E","M","R","B"],"character_chosen":"WATCHER","items_purchased":["Wireheading"],"campfire_rested":2,"item_purchase_floors":[4],"current_hp_per_floor":[72,61,54,54,54,54,54,54,54,47,30,51,37,14,35,0,0],"gold":183,"neow_bonus":"THREE_ENEMY_KILL","is_daily":false,"chose_seed":false,"campfire_upgraded":0,"win_rate":0.0,"timestamp":1608191403,"path_taken":["M","?","?","$","?","E","M","R","T","?","M","R","E","M","R","BOSS"],"items_purchased_type":["Card"],"build_version":"2020-12-13","purchased_purges":1,"victory":false,"max_hp_per_floor":[72,72,72,72,72,72,72,72,72,72,72,72,72,72,72,72,72],"card_choices":[{"not_picked":["SashWhip","EmptyMind","Consecrate"],"picked":"SKIP","floor":1},{"not_picked":["ReachHeaven","SashWhip"],"picked":"Nirvana","floor":6},{"not_picked":["Halt","WaveOfTheHand","FollowUp"],"picked":"SKIP","floor":7},{"not_picked":["ClearTheMind","WaveOfTheHand","EmptyBody"],"picked":"SKIP","floor":10},{"not_picked":["Worship","EmptyFist"],"picked":"Nirvana","floor":11},{"not_picked":["FlyingSleeves","ReachHeaven"],"picked":"ThirdEye","floor":13},{"not_picked":["PathToVictory","Worship","Crescendo"],"picked":"SKIP","floor":14}],"player_experience":1710336,"relics_obtained":[{"floor":6,"key":"Girya"},{"floor":9,"key":"TeardropLocket"},{"floor":13,"key":"Ornamental Fan"}],"event_choices":[{"damage_healed":0,"gold_gain":75,"player_choice":"Gather Gold","damage_taken":11,"max_hp_gain":0,"max_hp_loss":0,"event_name":"World of Goop","floor":2,"gold_loss":0},{"cards_removed":["Eruption"],"damage_healed":0,"gold_gain":0,"player_choice":"Card Removal","damage_taken":7,"max_hp_gain":0,"max_hp_loss":0,"event_name":"Golden Wing","floor":3,"gold_loss":0},{"damage_healed":0,"gold_gain":0,"player_choice":"Got Potions","damage_taken":0,"max_hp_gain":0,"max_hp_loss":0,"event_name":"Lab","floor":5,"gold_loss":0}],"is_beta":false,"boss_relics":[],"items_purged_floors":[4],"is_endless":false,"potions_floor_spawned":[1,10,13,14],"killed_by":"The Guardian","ascension_level":1}}