{"host":"u3jctbsl7uavviuy","time":1608191804,"event":{"mods":["BaseMod","BetterRewards","GungeonMod","HololiveMod","Luminous","Marisa（F雨　魔理沙）","Minty Spire (QoL Compilation)","Relic Stats","Replay The Spire","Shop Mod","Spicy Shops","StSLib","TestMod","The Animator","The Cursed","The Gatherer","The Servant 0.9.4","WarShipGirlsR/战舰少女R mod","vexMod","篝火指南"],"gold_per_floor":[117,117,192,212,19,45,45,63,63,75,110,36,69,88,88,184,184,195,212,212,227,237,268,283,313,313,313,313,327,361,378,2,106,106,118,118,118,63,63,92,92,124,178,203,223,237,237,254,59,59],"floor_reached":51,"playtime":2979,"items_purged":["Strike_B","Defend_B","Defend_B"],"score":1666,"play_id":"b5f7f079-5ef7-47c8-a1a5-50f86f9977aa","local_time":"20201217165644","is_ascension_mode":true,"campfire_choices":[{"data":"White Noise","floor":7,"key":"SMITH"},{"data":"Turbo","floor":15,"key":"SMITH"},{"data":"Barrage","floor":28,"key":"SMITH"},{"data":"FIFO Queue","floor":41,"key":"SMITH"}],"circlet_count":0,"master_deck":["Dualcast","Static Discharge+1","Glacier+1","FIFO Queue+1","Coolheaded","Self Repair","White Noise+1","Cold Snap","Panic Button","Turbo+1","Hololive_FlyingPonyTail","Manipulate","Coolheaded","Hololive_FlyingPonyTail","Pot Of Greed","Pot Of Greed","Barrage+1","Storm+1","Mirror Shield+1","Aggregate+1","Core Surge+1","Pot Of Greed","Defragment+1","testmod-RabbitOfFibonacci","Defragment+1","ReplayTheSpireMod:Private Reserves"],"relics":["Cracked Core","testmod-TestBox","testmod-CardMagician","Membership Card","testmod-IndustrialRevolution","testmod-BlackFramedGlasses","DemoMod:SerJunkan","PrismaticShard","DemoMod:Junk","InkBottle","DemoMod:ClearGuonStone","Lantern","Incense Burner","SlaversCollar","Frozen Egg 2","Grinning Jar","Hololive_LightStick","Toolbox","Sling","Astrolabe","DemoMod:GlassGuonStoneRelic","Geode","Guide Book","DataDisk"],"acts_visited":["Exordium","TheCity","TheBeyond"],"potions_floor_usage":[6,14,16,21,30,48,50,50],"damage_taken":[{"damage":0,"enemies":"2 Louse","floor":1,"turns":2},{"damage":4,"enemies":"Cultist","floor":4,"turns":3},{"damage":12,"enemies":"3 Sentries","floor":6,"turns":12},{"damage":0,"enemies":"Jaw Worm","floor":8,"turns":2},{"damage":11,"enemies":"3 Louse","floor":10,"turns":4},{"damage":1,"enemies":"Lagavulin","floor":11,"turns":6},{"damage":7,"enemies":"Gremlin Nob","floor":13,"turns":4},{"damage":4,"enemies":"Large Slime","floor":14,"turns":8},{"damage":3,"enemies":"Hexaghost","floor":16,"turns":16},{"damage":4,"enemies":"Spheric Guardian","floor":18,"turns":8},{"damage":23,"enemies":"3 Byrds","floor":19,"turns":5},{"damage":8,"enemies":"Snake Plant","floor":21,"turns":9},{"damage":0,"enemies":"Snecko","floor":22,"turns":11},{"damage":54,"enemies":"Gremlin Leader","floor":23,"turns":7},{"damage":0,"enemies":"Shelled Parasite and Fungi","floor":24,"turns":9},{"damage":8,"enemies":"Replay:Snechameleon","floor":25,"turns":7},{"damage":15,"enemies":"Sentry and Sphere","floor":29,"turns":5},{"damage":1,"enemies":"Slavers","floor":30,"turns":4},{"damage":9,"enemies":"Snecko","floor":31,"turns":4},{"damage":0,"enemies":"Pondfish","floor":33,"turns":7},{"damage":3,"enemies":"3 Darklings","floor":35,"turns":6},{"damage":0,"enemies":"Reptomancer","floor":40,"turns":4},{"damage":0,"enemies":"Giant Head","floor":42,"turns":7},{"damage":0,"enemies":"Reptomancer","floor":44,"turns":3},{"damage":0,"enemies":"3 Shapes","floor":45,"turns":2},{"damage":0,"enemies":"Spire Growth","floor":46,"turns":3},{"damage":0,"enemies":"Maw","floor":48,"turns":5},{"damage":0,"enemies":"Awakened One","floor":50,"turns":6}],"seed_played":"7965931876780677069","potions_obtained":[{"floor":13,"key":"Block Potion"},{"floor":14,"key":"testmod-SpacePotion"},{"floor":16,"key":"Energy Potion"},{"floor":19,"key":"AttackPotion"},{"floor":21,"key":"Strength Potion"},{"floor":23,"key":"Fire Potion"},{"floor":30,"key":"Reflective Coating"},{"floor":42,"key":"FocusPotion"},{"floor":44,"key":"Strength Potion"},{"floor":48,"key":"Fruit Juice"}],"is_trial":false,"path_per_floor":["M","?","?","M","$","E","R","M","T","M","E","$","E","M","R","B",null,"M","M","?","M","M","E","M","E","T","?","R","M","E","M","R","B",null,"M","?","?","$","?","E","R","E","T","E","M","M","$","M","R","B",null],"character_chosen":"DEFECT","items_purchased":["Membership Card","testmod-IndustrialRevolution","Static Discharge","Glacier","testmod-BlackFramedGlasses","FIFO Queue","Coolheaded","Self Repair","White Noise","Energy Potion","Swift Potion","DemoMod:SerJunkan","PrismaticShard","Turbo","Lantern","Storm+1","Hololive_LightStick","Toolbox","Sling","Defragment+1","Guide Book","DataDisk","ReplayTheSpireMod:Private Reserves"],"campfire_rested":0,"item_purchase_floors":[0,0,0,0,0,0,0,0,0,0,0,5,5,5,12,32,32,32,32,38,49,49,49],"current_hp_per_floor":[42,35,28,34,34,41,41,43,43,43,48,48,52,63,63,75,75,75,62,62,70,75,33,49,55,55,55,55,52,55,57,57,75,75,75,75,75,75,65,69,69,75,75,75,75,75,75,80,80,80],"gold":59,"neow_bonus":"","is_daily":false,"chose_seed":false,"campfire_upgraded":4,"win_rate":0.0,"timestamp":1608191804,"path_taken":["M","?","?","?","$","E","R","M","T","M","E","?","E","M","R","BOSS","M","M","?","M","M","E","M","E","T","?","R","M","E","M","R","BOSS","M","?","?","?","?","E","R","E","T","E","M","?","$","M","R","BOSS"],"items_purchased_type":["Relic","Relic","Card","Card","Relic","Card","Card","Card","Card","Potion","Potion","Relic","Relic","Card","Relic","Card","Relic","Relic","Relic","Card","Relic","Relic","Card"],"build_version":"2020-12-13","purchased_purges":3,"victory":true,"max_hp_per_floor":[75,75,75,75,75,75,75,75,75,75,75,75,75,75,75,75,75,75,75,75,75,75,75,75,75,75,75,75,75,75,75,75,75,75,75,75,75,75,75,75,75,75,75,75,75,75,75,80,80,80],"relic_stats":{"counters":[138,602],"Astrolabe":["Mirror Shield","Aggregate","Core Surge"],"obtain_stats":[{"TwistedFunnel":49,"vexMod:MemoryStick":12,"DemoMod:BlueGuonStone":25,"Tiny House":34,"Vajra":23,"testmod-IWantAll":0,"DemoMod:GlassGuonStoneRelic":8,"Whetstone":49,"Sling":32,"testmod-BlackFramedGlasses":0,"vexMod:CardConverter":45,"vexMod:EndlessSickness":34,"Honey Jar":17,"Philosopher\u0027s Stone":34,"Iron Hammer":0,"Replay:Bottled Flurry":42,"Replay:Wax Seal":0,"Toxic Egg 2":29,"DemoMod:ClearGuonStone":11,"testmod-IntensifyImprint":0,"testmod-TestBox":0,"Pear":45,"Happy Flower":40,"Astrolabe":34,"Oddly Smooth Stone":53,"Eternal Feather":44,"Pen Nib":25,"Charon\u0027s Ashes":26,"Paper Crane":31,"testmod-Fortitude":47,"testmod-RealStoneCalender":47,"SlaversCollar":17,"Replay:Baseball":32,"DemoMod:MeatBun":53,"Shuriken":27,"testmod-Acrobat":8,"Hololive_TheStar":22,"Onion Ring":6,"Molten Egg 2":0,"DemoMod:SerJunkan":5,"ReplayTheSpireMod:TigerMarble":26,"Grinning Jar":40,"ReplayFunnel":8,"Lantern":29,"Blue Doll":31,"Incense Burner":13,"Empty Cage":31,"PrismaticShard":5,"Burning Blood":0,"testmod-CasingShield":32,"testmod-Charity":39,"Replay:Rubber Ducky":19,"ClockworkSouvenir":39,"testmod-Alchemist":22,"Toolbox":32,"Chemical X":0,"Replay:Bottled Eggs":9,"Cracked Core":6,"InkBottle":9,"Ring of the Snake":0,"Gremlin Food":43,"DemoMod:Junk":6,"ReplayTheSpireMod:Ninjato":42,"vexMod:ConsolationPrize":26,"Guide Book":36,"vexMod:BerryBomb":7,"DemoMod:PartiallyEatenCheese":11,"testmod-CardMagician":6,"Replay:WaspNest":24,"PreservedInsect":6,"DemoMod:PinkGuonStone":36,"Geode":43,"Frozen Egg 2":0,"testmod-ConstraintPeriapt":6,"MawBank":40,"testmod-IndustrialRevolution":0,"White Beast Statue":49,"testmod-Antiphasic":30,"Anchor":0,"Hololive_LightStick":32,"DataDisk":49,"vexMod:BarristanHead":6,"testmod-AssaultLearning":47,"testmod-Hope":43,"Orrery":20,"Another Sword":0,"Bag of Marbles":12,"Garlic":30,"Bottled Lightning":8,"Membership Card":32,"Toy Ornithopter":27,"TungstenRod":40},{"TwistedFunnel":79,"vexMod:MemoryStick":6,"DemoMod:BlueGuonStone":96,"Tiny House":17,"Vajra":12,"testmod-IWantAll":0,"DemoMod:GlassGuonStoneRelic":5,"Whetstone":23,"Sling":129,"testmod-BlackFramedGlasses":110,"vexMod:CardConverter":76,"vexMod:EndlessSickness":43,"Honey Jar":33,"Philosopher\u0027s Stone":70,"Iron Hammer":80,"Replay:Bottled Flurry":105,"Replay:Wax Seal":56,"Toxic Egg 2":68,"DemoMod:ClearGuonStone":116,"testmod-IntensifyImprint":0,"testmod-TestBox":0,"Pear":50,"Happy Flower":46,"Astrolabe":130,"Oddly Smooth Stone":54,"Eternal Feather":106,"Pen Nib":13,"Charon\u0027s Ashes":13,"Paper Crane":69,"testmod-Fortitude":78,"testmod-RealStoneCalender":22,"SlaversCollar":119,"Replay:Baseball":16,"DemoMod:MeatBun":54,"Shuriken":67,"testmod-Acrobat":29,"Hololive_TheStar":94,"Onion Ring":4,"Molten Egg 2":24,"DemoMod:SerJunkan":112,"ReplayTheSpireMod:TigerMarble":96,"Grinning Jar":74,"ReplayFunnel":60,"Lantern":42,"Blue Doll":16,"Incense Burner":117,"Empty Cage":42,"PrismaticShard":112,"Burning Blood":0,"testmod-CasingShield":16,"testmod-Charity":18,"Replay:Rubber Ducky":10,"ClockworkSouvenir":18,"testmod-Alchemist":94,"Toolbox":129,"Chemical X":0,"Replay:Bottled Eggs":60,"Cracked Core":113,"InkBottle":114,"Ring of the Snake":0,"Gremlin Food":75,"DemoMod:Junk":113,"ReplayTheSpireMod:Ninjato":20,"vexMod:ConsolationPrize":67,"Guide Book":101,"vexMod:BerryBomb":86,"DemoMod:PartiallyEatenCheese":87,"testmod-CardMagician":113,"Replay:WaspNest":38,"PreservedInsect":59,"DemoMod:PinkGuonStone":71,"Geode":133,"Frozen Egg 2":0,"testmod-ConstraintPeriapt":28,"MawBank":19,"testmod-IndustrialRevolution":110,"White Beast Statue":23,"testmod-Antiphasic":98,"Anchor":24,"Hololive_LightStick":129,"DataDisk":137,"vexMod:BarristanHead":28,"testmod-AssaultLearning":52,"testmod-Hope":20,"Orrery":35,"Another Sword":0,"Bag of Marbles":32,"Garlic":42,"Bottled Lightning":5,"Membership Card":16,"Toy Ornithopter":40,"TungstenRod":104},{"TwistedFunnel":323,"vexMod:MemoryStick":25,"DemoMod:BlueGuonStone":372,"Tiny House":71,"Vajra":51,"testmod-IWantAll":0,"DemoMod:GlassGuonStoneRelic":22,"Whetstone":96,"Sling":559,"testmod-BlackFramedGlasses":434,"vexMod:CardConverter":316,"vexMod:EndlessSickness":180,"Honey Jar":132,"Philosopher\u0027s Stone":297,"Iron Hammer":329,"Replay:Bottled Flurry":407,"Replay:Wax Seal":232,"Toxic Egg 2":285,"DemoMod:ClearGuonStone":463,"testmod-IntensifyImprint":0,"testmod-TestBox":0,"Pear":207,"Happy Flower":190,"Astrolabe":566,"Oddly Smooth Stone":222,"Eternal Feather":411,"Pen Nib":56,"Charon\u0027s Ashes":56,"Paper Crane":290,"testmod-Fortitude":321,"testmod-RealStoneCalender":91,"SlaversCollar":490,"Replay:Baseball":65,"DemoMod:MeatBun":222,"Shuriken":282,"testmod-Acrobat":113,"Hololive_TheStar":364,"Onion Ring":17,"Molten Egg 2":98,"DemoMod:SerJunkan":439,"ReplayTheSpireMod:TigerMarble":372,"Grinning Jar":308,"ReplayFunnel":248,"Lantern":173,"Blue Doll":65,"Incense Burner":467,"Empty Cage":173,"PrismaticShard":439,"Burning Blood":0,"testmod-CasingShield":65,"testmod-Charity":78,"Replay:Rubber Ducky":40,"ClockworkSouvenir":78,"testmod-Alchemist":364,"Toolbox":559,"Chemical X":0,"Replay:Bottled Eggs":248,"Cracked Core":440,"InkBottle":453,"Ring of the Snake":0,"Gremlin Food":313,"DemoMod:Junk":451,"ReplayTheSpireMod:Ninjato":86,"vexMod:ConsolationPrize":282,"Guide Book":393,"vexMod:BerryBomb":343,"DemoMod:PartiallyEatenCheese":345,"testmod-CardMagician":440,"Replay:WaspNest":151,"PreservedInsect":244,"DemoMod:PinkGuonStone":300,"Geode":583,"Frozen Egg 2":0,"testmod-ConstraintPeriapt":107,"MawBank":82,"testmod-IndustrialRevolution":434,"White Beast Statue":96,"testmod-Antiphasic":381,"Anchor":98,"Hololive_LightStick":559,"DataDisk":596,"vexMod:BarristanHead":109,"testmod-AssaultLearning":214,"testmod-Hope":86,"Orrery":139,"Another Sword":0,"Bag of Marbles":125,"Garlic":173,"Bottled Lightning":22,"Membership Card":65,"Toy Ornithopter":164,"TungstenRod":402}],"InkBottle":[70]},"card_choices":[{"not_picked":["Loop","Sweeping Beam"],"picked":"Cold Snap","floor":1},{"not_picked":["Crystallizer","Rip and Tear"],"picked":"Panic Button","floor":4},{"not_picked":["Heel Hook","testmod-Provocation","animator:Ara"],"picked":"SKIP","floor":6},{"not_picked":["Hololive_CallTokoyamiTowa","ReplayTheSpireMod:Limb From Limb","Thunderclap"],"picked":"SKIP","floor":8},{"not_picked":["DemoMod:FastSwitch","rmod:garrisonisland"],"picked":"Hololive_FlyingPonyTail","floor":10},{"not_picked":["animator:SayakaMiki","DemoMod:MachoBrace"],"picked":"Manipulate","floor":11},{"not_picked":["Anger","animator:Rider","TheCursedMod:SurpriseAttack"],"picked":"SKIP","floor":13},{"not_picked":["TheCursedMod:ShockAndAwe","Backflip","rmod:supportescort"],"picked":"SKIP","floor":14},{"not_picked":["animator:Tatsumaki","Acceleration"],"picked":"Hololive_CallYozoraMel+1","floor":18},{"not_picked":["Outmaneuver","rmod:steelsupply","animator:MetalKnight"],"picked":"SKIP","floor":19},{"not_picked":["testmod-TemporaryDeletion+1","TheCursedMod:CursedAmulet"],"picked":"Coolheaded","floor":21},{"not_picked":["6A","Gatherer:FragileHammer","Replay:Many Hands"],"picked":"SKIP","floor":22},{"not_picked":["TheCursedMod:Torture","animator:Kyubey"],"picked":"Hololive_FlyingPonyTail","floor":23},{"not_picked":["Clothesline+1","Reinforced Body+1","Replay:AtTheReady+1"],"picked":"SKIP","floor":24},{"not_picked":["animator:YaoHaDucy","Replay:Sssssssssshield","Defy"],"picked":"SKIP","floor":25},{"not_picked":["rmod:unsinkable","Gatherer:FinishingStrike","Vengeance"],"picked":"SKIP","floor":29},{"not_picked":["Scrape","DemoMod:AC15","Panic Button"],"picked":"SKIP","floor":30},{"not_picked":["animator:Mitsuba","TheCursedMod:Wield","Misdirection"],"picked":"SKIP","floor":31},{"not_picked":["TheCursedMod:VitalStrike+1","Luminous:Dark_Pressure_Void","Hololive_RevenueBasedLive"],"picked":"SKIP","floor":35},{"not_picked":["testmod-Collector","Midas Touch"],"picked":"testmod-RabbitOfFibonacci","floor":39},{"not_picked":["Self Repair+1","TheCursedMod:TacticalStrike","TheCursedMod:ReleasedStrength"],"picked":"SKIP","floor":40},{"not_picked":["Hemokinesis+1","Wild Strike+1","Iron Wave"],"picked":"SKIP","floor":42},{"not_picked":["Meditate","TheCursedMod:VitalStrike+1","CarveReality+1"],"picked":"SKIP","floor":44},{"not_picked":["animator:Demiurge","Replay:Battleflow","The Bomb"],"picked":"SKIP","floor":45},{"not_picked":["Masterful Stab","Conclude"],"picked":"Defragment+1","floor":46},{"not_picked":["animator:Rider+1","PiercingWail","Gatherer:PotentialSlash"],"picked":"SKIP","floor":48}],"player_experience":385351,"relics_obtained":[{"floor":6,"key":"DemoMod:Junk"},{"floor":9,"key":"InkBottle"},{"floor":11,"key":"DemoMod:ClearGuonStone"},{"floor":13,"key":"Incense Burner"},{"floor":23,"key":"DemoMod:Junk"},{"floor":25,"key":"Frozen Egg 2"},{"floor":26,"key":"Grinning Jar"},{"floor":30,"key":"DemoMod:Junk"},{"floor":40,"key":"DemoMod:Junk"},{"floor":42,"key":"DemoMod:Junk"},{"floor":43,"key":"Geode"},{"floor":44,"key":"DemoMod:Junk"}],"event_choices":[{"cards_removed":["Strike_B"],"damage_healed":0,"gold_gain":0,"player_choice":"Card Removal","damage_taken":7,"max_hp_gain":0,"max_hp_loss":0,"event_name":"Golden Wing","floor":2,"gold_loss":0},{"damage_healed":0,"gold_gain":75,"player_choice":"Touch","damage_taken":7,"max_hp_gain":0,"max_hp_loss":0,"event_name":"FaceTrader","floor":3,"gold_loss":0},{"damage_healed":0,"gold_gain":0,"player_choice":"Read","damage_taken":0,"max_hp_gain":0,"max_hp_loss":0,"event_name":"The Library","floor":27,"gold_loss":0,"cards_obtained":["Barrage"]},{"damage_healed":0,"gold_gain":0,"player_choice":"Swap Relic","damage_taken":0,"relics_obtained":["Empty Cage"],"max_hp_gain":0,"max_hp_loss":0,"event_name":"给自己的盒子","floor":37,"relics_lost":["Empty Cage"],"gold_loss":0},{"damage_healed":0,"gold_gain":0,"player_choice":"Memory 3","damage_taken":10,"max_hp_gain":0,"max_hp_loss":0,"event_name":"SensoryStone","floor":39,"gold_loss":0}],"is_beta":false,"boss_relics":[{"not_picked":["testmod-Recursion","testmod-KeyOfTheVoid"],"picked":"SlaversCollar"},{"not_picked":["SacredBark","vexMod:RockOfEvil"],"picked":"Astrolabe"}],"items_purged_floors":[0,32,32],"is_endless":false,"potions_floor_spawned":[13,14,16,19,21,23,30,31,35,42,44,46,48],"ascension_level":2}}