{"host":"wkcoec525dnrk4jw","time":1608204888,"event":{"mods":["BaseMod","Minty Spire (QoL Compilation)","Quick Restart","Replay The Spire","Shop Mod","StSLib","TestMod","The Bug Knight","The Cursed","[IsaacMod]ÒÔÈö¼âËþ"],"gold_per_floor":[110,90,90,190,190,190,224,239,239,239,568,668,213,230,230,327,327,337,346,362,0,11,40,40,64,64,21,21,21],"floor_reached":28,"playtime":1179,"items_purged":["Zap","Strike_B"],"score":357,"play_id":"2f206e19-930d-4b64-80a2-1b0ef52f574d","local_time":"20201217193448","is_ascension_mode":true,"campfire_choices":[{"data":"Fusion","floor":6,"key":"SMITH"},{"data":"Turbo","floor":10,"key":"SMITH"},{"floor":15,"key":"REST"}],"circlet_count":0,"master_deck":["Strike_B","Strike_B","Defend_B","Defend_B","Defend_B","Defend_B","Dualcast","EpicFetus+1","Conserve Battery","Fusion+1","Turbo+1","Multi-Cast","Beam Cell","Turbo","Hologram","White Noise","Melter","FIFO Queue","testmod-Bloodthirsty","Sweeping Beam","ReplayTheSpireMod:Omega Cannon+1","Sunder","Time Bomb","Sunder+1","Magnetism","Stack","ReplayTheSpireMod:Omega Cannon+1","Cold Snap+1","Writhe","Melter","Pot Of Greed","Pot Of Greed","Pot Of Greed","BasicCrystalCard","Ball Lightning","Ball Lightning"],"relics":["Cracked Core","HushsDoor","testmod-TestBox","SteamSale","testmod-EqualTreatment","NeowsBlessing","Blood Vial","Mummified Hand","MerchantsRug","DeathBook","testmod-Charity","SlaversCollar","ReplayTheSpireMod:Ninjato","Anchor","TheBean","Replay:Bottled Eggs","DataDisk","Grinning Jar"],"acts_visited":["Exordium","TheCity"],"potions_floor_usage":[16,28],"damage_taken":[{"damage":0,"enemies":"2 Louse","floor":1,"turns":1},{"damage":0,"enemies":"Gremlin Nob","floor":7,"turns":1},{"damage":0,"enemies":"Cultist","floor":8,"turns":1},{"damage":23,"enemies":"Lagavulin","floor":11,"turns":5},{"damage":7,"enemies":"Jaw Worm","floor":14,"turns":3},{"damage":38,"enemies":"The Guardian","floor":16,"turns":7},{"damage":23,"enemies":"2 Thieves","floor":18,"turns":3},{"damage":6,"enemies":"Spheric Guardian","floor":19,"turns":3},{"damage":5,"enemies":"Chosen and Byrds","floor":20,"turns":3},{"damage":28,"enemies":"Snake Plant","floor":22,"turns":3},{"damage":12,"enemies":"HollowMod:Nosk","floor":23,"turns":6},{"damage":21,"enemies":"Book of Stabbing","floor":25,"turns":3},{"damage":13,"enemies":"Shelled Parasite and Fungi","floor":28,"turns":3}],"seed_played":"-7959420172602070037","potions_obtained":[{"floor":1,"key":"Explosive Potion"},{"floor":2,"key":"Toxic Potion"},{"floor":7,"key":"Explosive Potion"},{"floor":14,"key":"testmod-TimePotion"},{"floor":18,"key":"Dexterity Potion"}],"is_trial":false,"path_per_floor":["M","?","?","?","?","R","E","M","T","R","E","?","$","M","R","B",null,"M","M","M","$","M","E","?","E","T","$","M"],"character_chosen":"DEFECT","items_purchased":["MerchantsRug","DeathBook","testmod-Charity","White Noise","Melter","FIFO Queue","testmod-Bloodthirsty","ReplayTheSpireMod:Ninjato","Anchor","Magnetism","Stack","BasicCrystalCard","Ball Lightning"],"campfire_rested":1,"item_purchase_floors":[13,13,13,13,13,13,13,21,21,21,21,27,27],"current_hp_per_floor":[75,75,75,75,75,75,75,75,75,75,52,52,53,49,72,42,78,57,55,53,53,28,29,29,11,11,11,0,0],"gold":21,"neow_bonus":"THREE_ENEMY_KILL","is_daily":false,"chose_seed":false,"campfire_upgraded":2,"win_rate":0.0,"timestamp":1608204888,"path_taken":["M","?","?","?","?","R","E","?","T","R","E","?","$","M","R","BOSS","M","M","M","$","M","E","?","E","T","?","M"],"items_purchased_type":["Relic","Relic","Relic","Card","Card","Card","Card","Relic","Relic","Card","Card","Card","Card"],"build_version":"2020-12-13","purchased_purges":2,"victory":false,"max_hp_per_floor":[75,75,75,75,75,75,75,75,75,75,75,75,76,77,77,78,78,80,81,82,82,83,84,84,85,85,85,85,85],"card_choices":[{"not_picked":[],"picked":"EpicFetus","floor":0},{"not_picked":["Steam Power","Gash"],"picked":"Conserve Battery","floor":1},{"not_picked":["Stack","Bomb"],"picked":"Turbo","floor":4},{"not_picked":["Storm","Heatsinks"],"picked":"Multi-Cast","floor":7},{"not_picked":["Bomb","Steam Power"],"picked":"Beam Cell","floor":8},{"not_picked":["Cold Snap","Steam"],"picked":"Turbo","floor":11},{"not_picked":["Aggregate","ReplayGash"],"picked":"Hologram","floor":12},{"not_picked":["Steam","Capacitor"],"picked":"Sweeping Beam","floor":14},{"not_picked":["Machine Learning","Seek"],"picked":"ReplayTheSpireMod:Omega Cannon","floor":16},{"not_picked":["Rebound","BootSequence"],"picked":"Sunder","floor":18},{"not_picked":["Steam","Cold Snap"],"picked":"Time Bomb","floor":19},{"not_picked":["Hello World+1","Leap"],"picked":"Sunder+1","floor":20},{"not_picked":["Capacitor","Pulse"],"picked":"ReplayTheSpireMod:Omega Cannon","floor":22},{"not_picked":["Time Bomb","FIFO Queue"],"picked":"Cold Snap+1","floor":23},{"not_picked":["Skim","Go for the Eyes"],"picked":"Melter","floor":25}],"player_experience":112988,"relics_obtained":[{"floor":7,"key":"Blood Vial"},{"floor":9,"key":"Mummified Hand"},{"floor":11,"key":"Old Coin"},{"floor":23,"key":"TheBean"},{"floor":25,"key":"DataDisk"},{"floor":26,"key":"Grinning Jar"}],"event_choices":[{"damage_healed":0,"gold_gain":0,"player_choice":"Bought 1 Potion","damage_taken":0,"max_hp_gain":0,"max_hp_loss":0,"event_name":"The Woman in Blue","floor":2,"gold_loss":0},{"damage_healed":0,"gold_gain":0,"cards_transformed":["Strike_B"],"player_choice":"Change","damage_taken":0,"max_hp_gain":0,"max_hp_loss":0,"event_name":"Living Wall","floor":3,"gold_loss":0,"cards_obtained":["Fusion"]},{"damage_healed":0,"gold_gain":0,"player_choice":"Forge","damage_taken":0,"max_hp_gain":0,"max_hp_loss":0,"event_name":"Accursed Blacksmith","floor":5,"gold_loss":0,"cards_upgraded":["EpicFetus"]},{"damage_healed":0,"gold_gain":0,"player_choice":"Opened","damage_taken":0,"relics_obtained":["Replay:Bottled Eggs"],"max_hp_gain":0,"max_hp_loss":0,"event_name":"The Mausoleum","floor":24,"gold_loss":0,"cards_obtained":["Writhe"]}],"is_beta":false,"boss_relics":[{"not_picked":["Busted Crown","testmod-Temperance"],"picked":"SlaversCollar"},{"not_picked":[]}],"items_purged_floors":[13,21],"is_endless":false,"potions_floor_spawned":[1,7,11,14,18,19],"killed_by":"Shelled Parasite and Fungi","ascension_level":3}}