{"host":"oiai0qxasotny765","time":1608190268,"event":{"mods":["2.2 Compatiblity","AchievementEnabler","BaseMod","Colored Map","Minty Spire (QoL Compilation)","Permanent Neow","Relic Stats","StSLib","SuperFastMode","everything is the same but u backflip on backflip"],"gold_per_floor":[117,128,128,142,159,159,159,178,178,178,190,41,60,60,60,139,139,150,150,150,162,77,77,94,94,167,182,31,50,50,75,75,151,151,165,30,46,46,57,57,57,57,80,80,98,98,98,116,116,116],"floor_reached":51,"playtime":2057,"items_purged":["Strike_G","Bite"],"score":1160,"play_id":"0a9c65b2-a342-464f-990b-c867a9299a85","local_time":"20201217163108","is_ascension_mode":true,"campfire_choices":[{"data":"Dagger Spray","floor":6.0,"key":"SMITH"},{"data":"Leg Sweep","floor":10.0,"key":"SMITH"},{"floor":15.0,"key":"REST"},{"floor":23.0,"key":"REST"},{"data":"Malaise","floor":25.0,"key":"SMITH"},{"data":"Catalyst","floor":32.0,"key":"SMITH"},{"floor":40.0,"key":"REST"},{"data":"Concentrate","floor":42.0,"key":"SMITH"},{"data":"Footwork","floor":44.0,"key":"SMITH"},{"floor":46.0,"key":"REST"},{"floor":49,"key":"REST"}],"circlet_count":0,"master_deck":["AscendersBane","Defend_G","Defend_G","Defend_G","Defend_G","Survivor","Neutralize+1","Dagger Spray+1","Escape Plan","Leg Sweep+1","Dash+1","Caltrops","Bouncing Flask","Malaise+1","Bite+1","Bite+1","Backflip","Escape Plan","Catalyst+1","Burst","Purity+1","Leg Sweep+1","Apotheosis+1","Dodge and Roll+1","Noxious Fumes","Concentrate+1","Deep Breath","Finesse","Flash of Steel","Footwork+1"],"relics":["Ring of the Snake","Torii","Matryoshka","Sozu","Tough Bandages","Bag of Marbles","White Beast Statue","Whetstone","Astrolabe","Potion Belt","Nunchaku"],"acts_visited":["Exordium","TheCity","TheBeyond"],"potions_floor_usage":[],"damage_taken":[{"damage":6.0,"enemies":"Cultist","floor":1.0,"turns":4.0},{"damage":1.0,"enemies":"2 Louse","floor":2.0,"turns":3.0},{"damage":1.0,"enemies":"Jaw Worm","floor":4.0,"turns":3.0},{"damage":13.0,"enemies":"Exordium Wildlife","floor":5.0,"turns":6.0},{"damage":1.0,"enemies":"Blue Slaver","floor":8.0,"turns":4.0},{"damage":0.0,"enemies":"3 Louse","floor":11.0,"turns":2.0},{"damage":1.0,"enemies":"Looter","floor":13.0,"turns":4.0},{"damage":3.0,"enemies":"Hexaghost","floor":16.0,"turns":10.0},{"damage":14.0,"enemies":"2 Thieves","floor":18.0,"turns":5.0},{"damage":31.0,"enemies":"Chosen","floor":21.0,"turns":5.0},{"damage":21.0,"enemies":"Sentry and Sphere","floor":24.0,"turns":7.0},{"damage":3.0,"enemies":"Snake Plant","floor":27.0,"turns":5.0},{"damage":11.0,"enemies":"Shelled Parasite and Fungi","floor":29.0,"turns":8.0},{"damage":3.0,"enemies":"Colosseum Slavers","floor":30.0,"turns":6.0},{"damage":12.0,"enemies":"Book of Stabbing","floor":31.0,"turns":7.0},{"damage":46.0,"enemies":"Collector","floor":33.0,"turns":10.0},{"damage":3.0,"enemies":"3 Darklings","floor":35.0,"turns":9.0},{"damage":22.0,"enemies":"3 Shapes","floor":37.0,"turns":5.0},{"damage":6.0,"enemies":"Maw","floor":39.0,"turns":6.0},{"damage":37.0,"enemies":"Sphere and 2 Shapes","floor":45.0,"turns":7.0},{"damage":1,"enemies":"Spire Growth","floor":48,"turns":7},{"damage":39,"enemies":"Donu and Deca","floor":50,"turns":12}],"seed_played":"-5594696714589754970","potions_obtained":[{"floor":2.0,"key":"BlessingOfTheForge"},{"floor":11.0,"key":"GhostInAJar"},{"floor":16.0,"key":"CunningPotion"}],"is_trial":false,"path_per_floor":["M","M","?","M","M","R","?","M","T","R","M","$","M","?","R","B",null,"M","?","?","M","?","R","M","R","T","M","$","M","?","E","R","B",null,"M","$","M","?","M","R","?","R","T","R","M","R","$","M","R","B",null],"character_chosen":"THE_SILENT","items_purchased":["Caltrops","Escape Plan","Catalyst","Noxious Fumes"],"campfire_rested":5,"item_purchase_floors":[12,28,28,36],"current_hp_per_floor":[38,37,37,36,23,23,23,22,22,22,22,22,21,1,20,17,54,40,40,40,17,17,30,31,31,31,38,38,41,42,38,38,18,39,46,46,27,17,20,33,33,33,33,33,5,18,18,26,39,9],"gold":116,"neow_bonus":"ONE_RARE_RELIC","is_daily":false,"chose_seed":false,"campfire_upgraded":6,"win_rate":0.0,"timestamp":1608190268,"path_taken":["M","M","?","M","M","R","?","M","T","R","?","?","M","?","R","BOSS","M","?","?","M","?","R","M","R","T","M","$","?","?","E","R","BOSS","M","$","M","?","M","R","?","R","T","R","M","R","?","M","R","BOSS"],"items_purchased_type":["Card","Card","Card","Card"],"build_version":"2020-12-13","purchased_purges":2,"victory":true,"max_hp_per_floor":[66,66,66,66,66,66,66,66,66,66,66,66,66,66,66,66,66,66,46,46,46,46,46,46,46,46,46,46,46,46,46,46,46,46,46,46,46,46,46,46,46,46,46,46,46,46,46,46,46,46],"relic_stats":{"Sozu":10,"Tough Bandages":[42],"Nunchaku":[2],"Torii":61,"counters":[22,135],"Astrolabe":["Purity","Leg Sweep","Apotheosis"],"Whetstone":["Bite","Bite"],"obtain_stats":[{"Sozu":17,"Potion Belt":43,"Tough Bandages":22,"Nunchaku":43,"Matryoshka":9,"Torii":0,"Astrolabe":34,"Bag of Marbles":26,"Whetstone":31,"White Beast Statue":26,"Ring of the Snake":0},{"Sozu":8,"Potion Belt":19,"Tough Bandages":10,"Nunchaku":19,"Matryoshka":5,"Torii":0,"Astrolabe":16,"Bag of Marbles":11,"Whetstone":15,"White Beast Statue":11,"Ring of the Snake":0},{"Sozu":36,"Potion Belt":109,"Tough Bandages":46,"Nunchaku":109,"Matryoshka":20,"Torii":0,"Astrolabe":89,"Bag of Marbles":53,"Whetstone":79,"White Beast Statue":53,"Ring of the Snake":0}],"Ring of the Snake":[44]},"card_choices":[{"not_picked":["Dodge and Roll","Underhanded Strike"],"picked":"Dagger Spray","floor":1.0},{"not_picked":["Poisoned Stab","Masterful Stab"],"picked":"Escape Plan","floor":2.0},{"not_picked":["Outmaneuver","Deflect"],"picked":"Leg Sweep","floor":4.0},{"not_picked":["Flying Knee","Blur"],"picked":"Dash","floor":5.0},{"not_picked":["Flying Knee","Slice","Quick Slash"],"picked":"SKIP","floor":8.0},{"not_picked":["Well Laid Plans","Finisher","Slice"],"picked":"SKIP","floor":11.0},{"not_picked":["Dodge and Roll","Endless Agony"],"picked":"Bouncing Flask","floor":13.0},{"not_picked":["Storm of Steel","After Image"],"picked":"Malaise","floor":16.0},{"not_picked":["Infinite Blades","PiercingWail","Poisoned Stab"],"picked":"SKIP","floor":18.0},{"not_picked":["Riddle With Holes","Dagger Throw","Finisher"],"picked":"SKIP","floor":21.0},{"not_picked":["Backstab","Quick Slash","Backflip"],"picked":"SKIP","floor":24.0},{"not_picked":["Dagger Spray","Deflect","Backflip"],"picked":"SKIP","floor":27.0},{"not_picked":["Bouncing Flask+1","Predator","Caltrops"],"picked":"SKIP","floor":29.0},{"not_picked":["Deadly Poison+1","Underhanded Strike","Well Laid Plans"],"picked":"SKIP","floor":31.0},{"not_picked":["Night Terror","Venomology"],"picked":"Burst","floor":33.0},{"not_picked":["Eviscerate+1","Well Laid Plans"],"picked":"Dodge and Roll+1","floor":35.0},{"not_picked":["Dagger Throw","Cloak And Dagger"],"picked":"Concentrate","floor":37.0},{"not_picked":["Transmutation","Secret Technique"],"picked":"Deep Breath","floor":38.0},{"not_picked":["The Bomb","Master of Strategy"],"picked":"Finesse","floor":38.0},{"not_picked":["Mind Blast","Bandage Up"],"picked":"Flash of Steel","floor":38.0},{"not_picked":["Noxious Fumes+1","Flying Knee+1"],"picked":"Footwork","floor":39.0},{"not_picked":["Deflect","Slice","Dagger Spray"],"picked":"SKIP","floor":45.0},{"not_picked":["Skewer","Quick Slash","Concentrate+1"],"picked":"SKIP","floor":48}],"player_experience":263855,"relics_obtained":[{"floor":9.0,"key":"Matryoshka"},{"floor":26.0,"key":"Bag of Marbles"},{"floor":26.0,"key":"White Beast Statue"},{"floor":31.0,"key":"Whetstone"},{"floor":43.0,"key":"Potion Belt"},{"floor":43.0,"key":"Nunchaku"}],"event_choices":[{"damage_healed":0.0,"max_hp_gain":0.0,"max_hp_loss":0.0,"gold_gain":0.0,"event_name":"Liars Game","player_choice":"Ignored","floor":3.0,"gold_loss":0.0,"damage_taken":0.0},{"damage_healed":0.0,"max_hp_gain":0.0,"max_hp_loss":0.0,"gold_gain":0.0,"event_name":"Accursed Blacksmith","player_choice":"Forge","floor":7.0,"gold_loss":0.0,"damage_taken":0.0,"cards_upgraded":["Neutralize"]},{"damage_healed":0.0,"max_hp_gain":0.0,"max_hp_loss":0.0,"gold_gain":0.0,"event_name":"Shining Light","player_choice":"Entered Light","floor":14.0,"gold_loss":0.0,"damage_taken":20.0,"cards_upgraded":["Dash","Strike_G"]},{"damage_healed":0.0,"max_hp_gain":0.0,"max_hp_loss":20.0,"gold_gain":0.0,"event_name":"Vampires","player_choice":"Became a vampire","floor":19.0,"gold_loss":0.0,"damage_taken":0.0,"cards_obtained":["Bite","Bite","Bite","Bite","Bite"]},{"damage_healed":0.0,"max_hp_gain":0.0,"max_hp_loss":0.0,"gold_gain":0.0,"event_name":"The Library","player_choice":"Read","floor":20.0,"gold_loss":0.0,"damage_taken":0.0,"cards_obtained":["Backflip"]},{"damage_healed":0.0,"max_hp_gain":0.0,"max_hp_loss":0.0,"gold_gain":0.0,"event_name":"Addict","player_choice":"Obtained Relic","floor":22.0,"gold_loss":85.0,"damage_taken":0.0,"relics_obtained":["Tough Bandages"]},{"damage_healed":0.0,"max_hp_gain":0.0,"max_hp_loss":0.0,"gold_gain":0.0,"event_name":"Colosseum","player_choice":"Fight","floor":30.0,"gold_loss":0.0,"damage_taken":0.0},{"damage_healed":0.0,"max_hp_gain":0.0,"max_hp_loss":0.0,"gold_gain":0.0,"event_name":"Colosseum","player_choice":"Fled From Nobs","floor":30.0,"gold_loss":0.0,"damage_taken":0.0},{"damage_healed":0.0,"max_hp_gain":0.0,"max_hp_loss":0.0,"gold_gain":0.0,"event_name":"SensoryStone","player_choice":"Memory 3","floor":38.0,"gold_loss":0.0,"damage_taken":10.0},{"damage_healed":0.0,"max_hp_gain":0.0,"max_hp_loss":0.0,"gold_gain":0.0,"event_name":"Mysterious Sphere","player_choice":"Ignored","floor":41.0,"gold_loss":0.0,"damage_taken":0.0}],"is_beta":false,"boss_relics":[{"not_picked":["Cursed Key","Tiny House"],"picked":"Sozu"},{"not_picked":["WristBlade","SacredBark"],"picked":"Astrolabe"}],"items_purged_floors":[12,36],"is_endless":false,"potions_floor_spawned":[2,11,16,18,27,29,30,31,33,35,37,39,45,48],"ascension_level":15}}