{"host":"0fm1w3v00gid44jl","time":1608227351,"event":{"mods":["AchievementEnabler","BaseMod","Colored Map","Colored Powertips","Displayed Cursed Tome","Googly Eyes","Highlight Path","Minty Spire (QoL Compilation)","Permanent Neow","Relic Stats","StSLib","SuperFastMode","slay the spire mod where everything is the same but ironclad has a cowboy hat"],"gold_per_floor":[119,132,145,157,168,168,194,194,194,219,95,105,105,105,105,204,254,270,281,295,295,35,35,61,61,115,115,115,149,167,183,183,278,278,292,32,78,78,78,91,91,111,111,122,154,164,164,193,193,193,193,193,40,66,66,66],"floor_reached":55,"playtime":2486,"items_purged":["Strike_G"],"score":841,"play_id":"cf0dcecd-e63d-4864-9321-dfc40fc7fcbd","local_time":"20201217114911","is_ascension_mode":true,"campfire_choices":[{"data":"Accuracy","floor":6.0,"key":"SMITH"},{"data":"Blade Dance","floor":8.0,"key":"SMITH"},{"data":"Accuracy","floor":13.0,"key":"SMITH"},{"data":"Cloak And Dagger","floor":15.0,"key":"SMITH"},{"data":"Calculated Gamble","floor":23.0,"key":"SMITH"},{"data":"Blade Dance","floor":25.0,"key":"SMITH"},{"data":"Footwork","floor":28.0,"key":"SMITH"},{"floor":32.0,"key":"REST"},{"data":"Night Terror","floor":41.0,"key":"SMITH"},{"floor":49,"key":"RECALL"},{"floor":52,"key":"DIG"}],"circlet_count":0,"master_deck":["Strike_G+1","Strike_G+1","Strike_G+1","Defend_G+1","Defend_G+1","Defend_G+1","Defend_G+1","Defend_G+1","Survivor+1","Neutralize+1","After Image+1","Blade Dance+1","Accuracy+1","Footwork+1","Accuracy+1","Backflip+1","Cloak And Dagger+1","Phantasmal Killer+1","Deflect+1","Cloak And Dagger+1","Blur+1","Outmaneuver+1","Calculated Gamble+1","Blade Dance+1","Blade Dance+1","Calculated Gamble+1","Night Terror+1","Cloak And Dagger+1","Cloak And Dagger+1","Cloak And Dagger+1","Caltrops+1","Wraith Form v2+1"],"relics":["Ring of the Snake","Nunchaku","Boot","Orichalcum","Tiny House","Shuriken","Ornamental Fan","Molten Egg 2","Philosopher\u0027s Stone","Mummified Hand","Shovel","Toxic Egg 2","Frozen Egg 2","Mark of the Bloom","Lantern","Pear","Cauldron","Centennial Puzzle"],"acts_visited":["Exordium","TheCity","TheBeyond","TheEnding"],"potions_floor_usage":[50,55,55,55],"damage_taken":[{"damage":0.0,"enemies":"Jaw Worm","floor":1.0,"turns":6.0},{"damage":0.0,"enemies":"Cultist","floor":2.0,"turns":3.0},{"damage":0.0,"enemies":"Small Slimes","floor":3.0,"turns":3.0},{"damage":5.0,"enemies":"3 Louse","floor":4.0,"turns":3.0},{"damage":0.0,"enemies":"2 Fungi Beasts","floor":5.0,"turns":4.0},{"damage":9.0,"enemies":"Lagavulin","floor":7.0,"turns":8.0},{"damage":4.0,"enemies":"3 Sentries","floor":10.0,"turns":7.0},{"damage":0.0,"enemies":"Red Slaver","floor":12.0,"turns":2.0},{"damage":16.0,"enemies":"Hexaghost","floor":16.0,"turns":8.0},{"damage":15.0,"enemies":"2 Thieves","floor":18.0,"turns":4.0},{"damage":0.0,"enemies":"Spheric Guardian","floor":19.0,"turns":5.0},{"damage":2.0,"enemies":"3 Cultists","floor":20.0,"turns":6.0},{"damage":11.0,"enemies":"Gremlin Leader","floor":24.0,"turns":2.0},{"damage":10.0,"enemies":"Book of Stabbing","floor":29.0,"turns":4.0},{"damage":9.0,"enemies":"Centurion and Healer","floor":30.0,"turns":5.0},{"damage":0.0,"enemies":"Cultist and Chosen","floor":31.0,"turns":4.0},{"damage":13.0,"enemies":"Collector","floor":33.0,"turns":7.0},{"damage":9.0,"enemies":"Orb Walker","floor":35.0,"turns":3.0},{"damage":0.0,"enemies":"2 Orb Walkers","floor":37.0,"turns":3.0},{"damage":5.0,"enemies":"3 Darklings","floor":40.0,"turns":3.0},{"damage":0.0,"enemies":"Sphere and 2 Shapes","floor":42.0,"turns":3.0},{"damage":0.0,"enemies":"Jaw Worm Horde","floor":44.0,"turns":3.0},{"damage":9,"enemies":"Reptomancer","floor":45,"turns":3},{"damage":0,"enemies":"3 Darklings","floor":46,"turns":3},{"damage":0,"enemies":"Nemesis","floor":48,"turns":3},{"damage":17,"enemies":"Awakened One","floor":50,"turns":7},{"damage":0,"enemies":"Shield and Spear","floor":54,"turns":7},{"damage":44,"enemies":"The Heart","floor":55,"turns":6}],"seed_played":"1046868429162891968","potions_obtained":[{"floor":3.0,"key":"Energy Potion"},{"floor":5.0,"key":"AttackPotion"},{"floor":7.0,"key":"DistilledChaos"},{"floor":10.0,"key":"PowerPotion"},{"floor":17.0,"key":"LiquidMemories"},{"floor":24.0,"key":"Dexterity Potion"},{"floor":31.0,"key":"GhostInAJar"},{"floor":42.0,"key":"PowerPotion"},{"floor":53,"key":"Strength Potion"}],"is_trial":false,"path_per_floor":["M","M","M","M","M","R","E","R","T","E","$","M","R","?","R","B",null,"M","M","M","?","$","R","E","R","T","?","R","E","M","M","R","B",null,"M","$","?","?","?","M","R","M","T","M","E","M","?","E","R","B",null,"R","$","E","B"],"character_chosen":"THE_SILENT","items_purchased":["Backflip","Shuriken","Mummified Hand","Cauldron"],"campfire_rested":1,"item_purchase_floors":[11,22,36,53],"current_hp_per_floor":[70,70,70,65,65,65,56,56,56,52,52,52,52,52,52,36,75,60,60,58,58,58,58,47,47,47,47,47,37,28,28,50,37,75,66,66,66,66,66,61,61,61,61,61,52,52,52,52,52,35,35,35,35,35,0,0],"gold":66,"neow_bonus":"ONE_RANDOM_RARE_CARD","is_daily":false,"chose_seed":false,"campfire_upgraded":8,"win_rate":0.0,"timestamp":1608227351,"path_taken":["M","M","M","M","M","R","E","R","T","E","$","M","R","?","R","BOSS","M","M","M","?","$","R","E","R","T","?","R","E","?","M","R","BOSS","M","$","?","?","?","M","R","?","T","M","E","M","?","E","R","BOSS","R","$","E","BOSS"],"items_purchased_type":["Card","Relic","Relic","Relic"],"build_version":"2020-12-13","purchased_purges":1,"victory":false,"max_hp_per_floor":[70,70,70,70,70,70,70,70,70,70,70,70,70,70,70,70,75,75,75,75,75,75,75,75,75,75,75,75,75,75,75,75,75,75,75,75,75,71,71,71,71,71,71,71,71,71,71,71,71,71,71,81,81,81,81,81],"relic_stats":{"Nunchaku":[35],"Mark of the Bloom":81,"Centennial Puzzle":[3],"Shovel":1,"counters":[28,125],"Shuriken":[70],"Ornamental Fan":[272],"Mummified Hand":[44],"Orichalcum":[0],"Boot":[77],"obtain_stats":[{"Mark of the Bloom":47,"Lantern":48,"Tiny House":17,"Pear":52,"Orichalcum":10,"Frozen Egg 2":45,"Boot":9,"Cauldron":53,"Nunchaku":7,"Centennial Puzzle":54,"Shovel":37,"Shuriken":22,"Ornamental Fan":24,"Mummified Hand":36,"Molten Egg 2":29,"Philosopher\u0027s Stone":34,"Toxic Egg 2":43,"Ring of the Snake":0},{"Mark of the Bloom":24,"Lantern":25,"Tiny House":9,"Pear":26,"Orichalcum":7,"Frozen Egg 2":23,"Boot":6,"Cauldron":26,"Nunchaku":6,"Centennial Puzzle":27,"Shovel":19,"Shuriken":12,"Ornamental Fan":13,"Mummified Hand":18,"Molten Egg 2":14,"Philosopher\u0027s Stone":17,"Toxic Egg 2":21,"Ring of the Snake":0},{"Mark of the Bloom":102,"Lantern":105,"Tiny House":44,"Pear":112,"Orichalcum":34,"Frozen Egg 2":99,"Boot":27,"Cauldron":112,"Nunchaku":27,"Centennial Puzzle":119,"Shovel":87,"Shuriken":59,"Ornamental Fan":61,"Mummified Hand":84,"Molten Egg 2":65,"Philosopher\u0027s Stone":81,"Toxic Egg 2":93,"Ring of the Snake":0}],"Ring of the Snake":[56]},"card_choices":[{"not_picked":["PiercingWail","Deadly Poison"],"picked":"Blade Dance","floor":1.0},{"not_picked":["Outmaneuver","Expertise","Poisoned Stab"],"picked":"SKIP","floor":2.0},{"not_picked":["Dagger Spray","Bouncing Flask"],"picked":"Accuracy","floor":3.0},{"not_picked":["Bane","Calculated Gamble"],"picked":"Endless Agony","floor":4.0},{"not_picked":["Dodge and Roll","Calculated Gamble"],"picked":"Footwork","floor":5.0},{"not_picked":["Slice","Reflex","Unload"],"picked":"SKIP","floor":7.0},{"not_picked":["Flying Knee","Quick Slash"],"picked":"Accuracy","floor":10.0},{"not_picked":["Expertise","Outmaneuver","Quick Slash"],"picked":"SKIP","floor":12.0},{"not_picked":["Die Die Die","Malaise"],"picked":"Phantasmal Killer","floor":16.0},{"not_picked":["Noxious Fumes","Acrobatics"],"picked":"Deflect","floor":17.0},{"not_picked":["Terror","Endless Agony"],"picked":"Cloak And Dagger+1","floor":18.0},{"not_picked":["Acrobatics","Flying Knee","Dagger Throw"],"picked":"SKIP","floor":19.0},{"not_picked":["Endless Agony+1","Deflect+1"],"picked":"Blur","floor":20.0},{"not_picked":["Finisher","Caltrops+1"],"picked":"Blade Dance","floor":24.0},{"not_picked":["Leg Sweep+1","Footwork+1"],"picked":"Blade Dance","floor":29.0},{"not_picked":["Bouncing Flask","Expertise"],"picked":"Calculated Gamble","floor":30.0},{"not_picked":["Prepared","Slice+1","Catalyst+1"],"picked":"SKIP","floor":31.0},{"not_picked":["Grand Finale+1","Malaise"],"picked":"Night Terror","floor":33.0},{"not_picked":["Poisoned Stab+1","Outmaneuver"],"picked":"Cloak And Dagger+1","floor":35.0},{"not_picked":["Outmaneuver","Tactician"],"picked":"Cloak And Dagger","floor":37.0},{"not_picked":["Setup+1","Bouncing Flask","Dagger Throw+1"],"picked":"SKIP","floor":40.0},{"not_picked":["Glass Knife+1","Poisoned Stab+1","Setup+1"],"picked":"SKIP","floor":42.0},{"not_picked":["Endless Agony+1","Catalyst+1"],"picked":"Cloak And Dagger+1","floor":44.0},{"not_picked":["Well Laid Plans+1","Underhanded Strike+1"],"picked":"Caltrops+1","floor":45},{"not_picked":["Bane+1","Poisoned Stab+1"],"picked":"Wraith Form v2+1","floor":46},{"not_picked":["Dagger Spray+1","Flying Knee+1","Caltrops+1"],"picked":"SKIP","floor":48},{"not_picked":["Malaise+1","Underhanded Strike+1","Flying Knee+1"],"picked":"SKIP","floor":54}],"player_experience":1110237,"relics_obtained":[{"floor":7.0,"key":"Nunchaku"},{"floor":9.0,"key":"Boot"},{"floor":10.0,"key":"Orichalcum"},{"floor":24.0,"key":"Ornamental Fan"},{"floor":29.0,"key":"Molten Egg 2"},{"floor":37.0,"key":"Shovel"},{"floor":43.0,"key":"Toxic Egg 2"},{"floor":45,"key":"Frozen Egg 2"},{"floor":48,"key":"Lantern"},{"floor":52,"key":"Pear"},{"floor":54,"key":"Centennial Puzzle"}],"event_choices":[{"damage_healed":0.0,"max_hp_gain":0.0,"max_hp_loss":0.0,"gold_gain":0.0,"event_name":"Match and Keep!","player_choice":"1 cards matched","floor":14.0,"gold_loss":0.0,"damage_taken":0.0,"cards_obtained":["Cloak And Dagger"]},{"damage_healed":0.0,"max_hp_gain":0.0,"max_hp_loss":0.0,"gold_gain":0.0,"cards_transformed":["Endless Agony","Strike_G"],"event_name":"Drug Dealer","player_choice":"Became Test Subject","floor":21.0,"gold_loss":0.0,"damage_taken":0.0,"cards_obtained":["Outmaneuver","Calculated Gamble"]},{"damage_healed":0.0,"max_hp_gain":0.0,"max_hp_loss":0.0,"gold_gain":0.0,"event_name":"NoteForYourself","player_choice":"Ignored","floor":27.0,"gold_loss":0.0,"damage_taken":0.0},{"damage_healed":0.0,"max_hp_gain":0.0,"max_hp_loss":0.0,"gold_gain":0.0,"event_name":"Mysterious Sphere","player_choice":"Fight","floor":37.0,"gold_loss":0.0,"damage_taken":0.0},{"damage_healed":0.0,"max_hp_gain":0.0,"max_hp_loss":4.0,"gold_gain":0.0,"event_name":"Winding Halls","player_choice":"Max HP","floor":38.0,"gold_loss":0.0,"damage_taken":0.0},{"damage_healed":0.0,"max_hp_gain":0.0,"max_hp_loss":0.0,"gold_gain":0.0,"event_name":"Accursed Blacksmith","player_choice":"Forge","floor":39.0,"gold_loss":0.0,"damage_taken":0.0,"cards_upgraded":["Phantasmal Killer"]},{"damage_healed":0,"gold_gain":0,"player_choice":"Upgrade","damage_taken":0,"relics_obtained":["Mark of the Bloom"],"max_hp_gain":0,"max_hp_loss":0,"event_name":"MindBloom","floor":47,"gold_loss":0,"cards_upgraded":["Strike_G","Strike_G","Strike_G","Defend_G","Defend_G","Defend_G","Defend_G","Survivor","Neutralize","After Image","Backflip","Deflect","Blur","Outmaneuver","Blade Dance","Calculated Gamble","Cloak And Dagger"]}],"is_beta":false,"boss_relics":[{"not_picked":["Busted Crown","SacredBark"],"picked":"Tiny House"},{"not_picked":["Calling Bell","Velvet Choker"],"picked":"Philosopher\u0027s Stone"}],"items_purged_floors":[11],"is_endless":false,"potions_floor_spawned":[3,5,7,10,18,24,31,35,42,46,48,54],"killed_by":"The Heart","ascension_level":1}}