{"host":"hfvpa4llnnjpeawn","time":1608174860,"event":{"mods":["2.2 Compatiblity","AchievementEnabler","Act Like it!","Aspiration","Bard","BaseMod","Beaked The Cultist","Better Skull","Better Third Choice","BetterRewards","CapriCore","Conspire","Downfall","Elementarium","Energized Spire","Hermit","Hubris","Jorbs\u0027s Wanderer Trilogy","Koishi","Lobotomy","Minty Spire (QoL Compilation)","Replay The Spire","Shade Mod","Spicy Shops","StSLib","The Bladedancer","The Factory","The Gatherer","The Jungle","Waifu the Spire","Wandering Minibosses"],"gold_per_floor":[368,388,23,123,139,139,172,172,172,202,216,232,232,245,245,345,345,355,56,72,72,85,85,119,135,135,135,135],"floor_reached":27,"playtime":2225,"items_purged":["Koishi:BasicStrike"],"score":282,"play_id":"4ce9182e-c71d-46cd-8f0c-aedf9b1d3005","local_time":"20201216221420","is_ascension_mode":true,"campfire_choices":[{"data":"ReplayTheSpireMod:Strike From Hell","floor":6,"key":"SMITH"},{"data":"Flame Barrier","floor":8,"key":"SMITH"},{"data":"Searing Blow","floor":13,"key":"SMITH"},{"data":"Searing Blow+1","floor":15,"key":"SMITH"},{"floor":23,"key":"RECALL"}],"circlet_count":0,"master_deck":["Strike_R","Strike_R","Strike_R","Strike_R","Strike_R","Defend_R","Defend_R","Defend_R","Defend_R","Bash","SlowAim","Flex","expansioncontent:QuickStudy","Shrug It Off","True Grit","ReplayTheSpireMod:Strike From Hell+1","Feel No Pain","Dark Shackles","Flame Barrier+1","Defy Death","Exhume","Searing Blow+2","Double Tap","Entrench","Combust+1"],"relics":["Burning Blood","BargainBundle","Happy Flower","King of Hearts","hubris:ScarierMask","Vajra","Chemical X","Replay:Bottled Snecko","ReplayTheSpireMod:Spearhead","Lantern"],"acts_visited":["Exordium","TheCity"],"potions_floor_usage":[2,5,7,10,18,24,24],"damage_taken":[{"damage":4,"enemies":"Cultist","floor":1,"turns":4},{"damage":5,"enemies":"Jaw Worm","floor":2,"turns":4},{"damage":0,"enemies":"Small Slimes","floor":5,"turns":1},{"damage":8,"enemies":"3 Sentries","floor":7,"turns":5},{"damage":22,"enemies":"Lagavulin","floor":10,"turns":3},{"damage":6,"enemies":"Exordium Thugs","floor":11,"turns":6},{"damage":0,"enemies":"3 Louse","floor":12,"turns":3},{"damage":1,"enemies":"Looter","floor":14,"turns":3},{"damage":48,"enemies":"The Guardian","floor":16,"turns":15},{"damage":11,"enemies":"2 Thieves","floor":18,"turns":3},{"damage":19,"enemies":"Shell Parasite","floor":20,"turns":8},{"damage":28,"enemies":"Snake Plant","floor":22,"turns":5},{"damage":79,"enemies":"conspire:SneckoGhost","floor":24,"turns":13},{"damage":0,"enemies":"Centurion and Healer","floor":25,"turns":4},{"damage":20,"enemies":"conspire:HollyBat","floor":27,"turns":5}],"seed_played":"7035391733988941063","potions_obtained":[{"floor":1,"key":"Weak Potion"},{"floor":5,"key":"Energy Potion"},{"floor":7,"key":"Venom Potion"},{"floor":16,"key":"sneckomod:MuddlingPotion"},{"floor":20,"key":"BlessingOfTheForge"},{"floor":24,"key":"sneckomod:MuddlingPotion"}],"is_trial":false,"path_per_floor":["M","M","$","?","M","R","E","R","T","E","M","M","R","M","R","B",null,"M","$","M","T","M","R","E","M","T","M"],"character_chosen":"IRONCLAD","items_purchased":["BargainBundle","expansioncontent:QuickStudy","FairyPotion","sneckomod:MuddlingPotion","Death Potion","Shrug It Off","True Grit","ReplayTheSpireMod:Strike From Hell","Feel No Pain","Dark Shackles","Vajra","Chemical X"],"campfire_rested":0,"item_purchase_floors":[3,3,3,3,3,3,3,3,3,3,19,19],"current_hp_per_floor":[80,80,80,80,80,80,78,78,78,62,62,68,68,73,73,31,80,75,75,62,62,40,40,9,15,15,0,0],"gold":135,"neow_bonus":"TWO_FIFTY_GOLD","is_daily":false,"chose_seed":false,"campfire_upgraded":4,"win_rate":0.0,"timestamp":1608174860,"path_taken":["M","?","$","?","M","R","E","R","T","E","M","M","R","?","R","BOSS","M","$","M","?","?","R","E","M","T","M"],"items_purchased_type":["Relic","Card","Potion","Potion","Potion","Card","Card","Card","Card","Card","Relic","Relic"],"build_version":"2020-12-13","purchased_purges":1,"victory":false,"max_hp_per_floor":[80,80,80,80,80,80,80,80,80,80,80,80,80,80,80,80,80,80,80,80,80,80,80,80,80,80,80,80],"card_choices":[{"not_picked":["Life Link","hubris:ReadiedAction","Clothesline"],"picked":"SKIP","floor":1},{"not_picked":["Reckless Charge","Carnage"],"picked":"Flex","floor":2},{"not_picked":["Replay:Undeath\u0027s Touch","Ghostly Armor"],"picked":"Flame Barrier","floor":5},{"not_picked":["Anger","Reckless Charge"],"picked":"Defy Death","floor":7},{"not_picked":["Twin Strike","Thunderclap"],"picked":"Exhume","floor":10},{"not_picked":["Flex","Shrug It Off","Replay:Undeath\u0027s Touch"],"picked":"SKIP","floor":11},{"not_picked":["True Grit","Dual Wield"],"picked":"Searing Blow","floor":12},{"not_picked":["Havoc","ReplayTheSpireMod:Strike From Hell","Immolate"],"picked":"SKIP","floor":14},{"not_picked":["Limit Break","Brutality"],"picked":"Double Tap","floor":16},{"not_picked":["Feel No Pain","Flame Barrier+1"],"picked":"Entrench","floor":18},{"not_picked":["True Grit","ReplayTheSpireMod:Limb From Limb"],"picked":"Combust+1","floor":20},{"not_picked":["Sword Boomerang","Shrug It Off","ReplayTheSpireMod:Stacked"],"picked":"SKIP","floor":22},{"not_picked":["Headbutt+1","ReplayTheSpireMod:LeadingStrike","True Grit"],"picked":"SKIP","floor":24},{"not_picked":["Wild Strike","Twin Strike+1","Carnage"],"picked":"SKIP","floor":25}],"player_experience":243810,"relics_obtained":[{"floor":7,"key":"Happy Flower"},{"floor":10,"key":"King of Hearts"},{"floor":21,"key":"Replay:Bottled Snecko"},{"floor":24,"key":"ReplayTheSpireMod:Spearhead"},{"floor":26,"key":"Lantern"}],"event_choices":[{"damage_healed":0,"gold_gain":100,"player_choice":"Pray","damage_taken":0,"max_hp_gain":0,"max_hp_loss":0,"event_name":"Golden Shrine","floor":4,"gold_loss":0}],"is_beta":false,"boss_relics":[{"not_picked":["Fusion Hammer","hubris:RunicObelisk"],"picked":"hubris:ScarierMask"}],"items_purged_floors":[3],"is_endless":false,"potions_floor_spawned":[1,5,7,16,20,24],"killed_by":"conspire:HollyBat","ascension_level":3}}