{"host":"3j2m8n0ywf988fwb","time":1608245331,"event":{"mods":["Act Like it!","Aspiration","BaseMod","Beaked The Cultist","Better Altar","Better Match","Better Note","Better Sensory Stone","Better Skull","Better Third Choice","CCEM","Colored Map","Colored Powertips","Conspire","Energized Spire","GifTheSpireLib","Googly Eyes","Halation","Hallownest","Highlight Path","Hubris","Jedi Mod","Marisa????????","Marked Mod","Mimic Mod","Minty Spire (QoL Compilation)","Random Character Button","Relic Stats","Replay The Spire","Robot Space Explorer","Shop Mod","Somnambulant","StSLib","Stuff the Spire","The Bug Knight","The Hierophant","The Runesmith","TheFirefly","Unceasing Turn Reminder","everything is the same but u backflip on backflip"],"gold_per_floor":[110,120,70,70,95,95,148,36,111,142,42,65,65,86,86,157,157],"floor_reached":16,"playtime":601,"items_purged":["Injury","thefirefly:Strike"],"score":90,"play_id":"cd0eb7c9-fbac-4c7e-8a69-524b795fbd7b","local_time":"20201217164851","is_ascension_mode":false,"campfire_choices":[{"data":"thefirefly:ShieldGenerator","floor":6,"key":"SMITH"},{"data":"thefirefly:StealthMode","floor":15,"key":"SMITH"}],"circlet_count":0,"master_deck":["thefirefly:Strike","thefirefly:Strike","thefirefly:Strike","thefirefly:Defend","thefirefly:Defend","thefirefly:Defend","thefirefly:Defend","thefirefly:StealthMode+1","thefirefly:PhotonBlast","PanicButton","thefirefly:ShieldGenerator+1","thefirefly:InterceptingShot","conspire:SpireCoStock","thefirefly:LaserMail+1","thefirefly:Lamentation+1","thefirefly:Prominence+1","thefirefly:NebulaVeil+1","thefirefly:RecollectionSubroutine+1"],"relics":["thefirefly:StealthSystem","Frozen Egg 2","aspiration:FrozenJewel","halation:IllGainedPizza","hubris:TenFootPole"],"acts_visited":["Exordium"],"potions_floor_usage":[14],"damage_taken":[{"damage":0,"enemies":"Jaw Worm","floor":1,"turns":6},{"damage":3,"enemies":"2 Louse","floor":2,"turns":3},{"damage":0,"enemies":"Small Slimes","floor":5,"turns":6},{"damage":0,"enemies":"3 Louse","floor":10,"turns":4},{"damage":3,"enemies":"Looter","floor":14,"turns":4},{"damage":49,"enemies":"Hexaghost","floor":16,"turns":16}],"seed_played":"-6630923156726981664","potions_obtained":[{"floor":1,"key":"PowerPotion"},{"floor":7,"key":"Fire Potion"},{"floor":10,"key":"FearPotion"}],"is_trial":false,"path_per_floor":["M","M","?","?","M","R","?","$","T","M","$","T","T","M","R","B"],"character_chosen":"THE_FIREFLY","items_purchased":["thefirefly:Prominence+1"],"campfire_rested":0,"item_purchase_floors":[8],"current_hp_per_floor":[55,52,52,52,52,52,52,52,52,52,52,52,52,49,49,0,0],"gold":157,"neow_bonus":"RANDOM_COLORLESS","is_daily":false,"chose_seed":false,"campfire_upgraded":2,"win_rate":0.0,"timestamp":1608245331,"path_taken":["M","M","?","?","M","R","?","$","T","M","?","?","?","M","R","BOSS"],"items_purchased_type":["Card"],"build_version":"2020-12-13","purchased_purges":2,"victory":false,"max_hp_per_floor":[55,55,55,55,55,55,55,55,55,55,55,55,55,55,55,55,55],"relic_stats":{"counters":[6,39],"obtain_stats":[{"thefirefly:StealthSystem":0,"halation:IllGainedPizza":12,"hubris:TenFootPole":13,"Frozen Egg 2":4,"aspiration:FrozenJewel":7},{"thefirefly:StealthSystem":0,"halation:IllGainedPizza":4,"hubris:TenFootPole":4,"Frozen Egg 2":2,"aspiration:FrozenJewel":3},{"thefirefly:StealthSystem":0,"halation:IllGainedPizza":19,"hubris:TenFootPole":19,"Frozen Egg 2":9,"aspiration:FrozenJewel":15}]},"card_choices":[{"not_picked":["Swift Strike","Flash of Steel"],"picked":"PanicButton","floor":0},{"not_picked":["thefirefly:Pacify","thefirefly:Flight"],"picked":"thefirefly:ShieldGenerator","floor":1},{"not_picked":["thefirefly:Ruminate","thefirefly:Flight"],"picked":"thefirefly:InterceptingShot","floor":2},{"not_picked":["thefirefly:Reposition","thefirefly:StarCinder"],"picked":"thefirefly:LaserMail+1","floor":5},{"not_picked":["thefirefly:InterceptingShot","thefirefly:SteadyAim"],"picked":"thefirefly:Lamentation+1","floor":7},{"not_picked":["thefirefly:Pacify","thefirefly:FullProjection"],"picked":"thefirefly:NebulaVeil+1","floor":10},{"not_picked":["thefirefly:SearingEnigma","thefirefly:Boost"],"picked":"thefirefly:RecollectionSubroutine+1","floor":14}],"player_experience":987206,"relics_obtained":[{"floor":7,"key":"aspiration:FrozenJewel"},{"floor":12,"key":"halation:IllGainedPizza"},{"floor":13,"key":"hubris:TenFootPole"}],"event_choices":[{"damage_healed":0,"gold_gain":0,"player_choice":"Invest 1","damage_taken":0,"max_hp_gain":0,"max_hp_loss":0,"event_name":"conspire:Investor","floor":3,"gold_loss":0}],"is_beta":false,"boss_relics":[],"items_purged_floors":[8,11],"is_endless":false,"potions_floor_spawned":[1,10],"killed_by":"Hexaghost","ascension_level":0}}