{"host":"3xls0xm49ftugio7","time":1608225532,"event":{"mods":["2.2 Compatiblity","AchievementEnabler","Act Like it!","BaseMod","Colored Powertips","Downfall","GifTheSpireLib","Minty Spire (QoL Compilation)","Quick Restart","Relic Stats","StSLib"],"gold_per_floor":[99,117,117,20,120,120,120,138,167,167,617,172,172,11,11,114,114,114,130,163,175,204,248,260,272,304,350,382,413,525,555,581,695,707,569,601,646,958,981,1011,1023,960,1006,1018,1040,1065,1177,267,286,286],"floor_reached":51,"playtime":3597,"items_purged":["Slimebound:Icky","Slimebound:Icky","champ:Strike"],"score":1030,"play_id":"11e861b9-54b6-4704-8410-5358afbc41a6","local_time":"20201217191852","is_ascension_mode":true,"campfire_choices":[{"data":"champ:Execute","floor":1.0,"key":"SMITH"},{"data":"champ:CrookedStrike","floor":3.0,"key":"SMITH"},{"data":"champ:FocusedDefense","floor":6.0,"key":"SMITH"},{"data":"champ:EnchantCrown","floor":10.0,"key":"SMITH"},{"data":"champ:Improvising","floor":18.0,"key":"SMITH"},{"floor":25.0,"key":"RECALL"},{"data":"champ:DancingMaster","floor":35.0,"key":"SMITH"},{"data":"champ:DancingMaster","floor":38.0,"key":"SMITH"},{"data":"champ:StrikeOfGenius","floor":42,"key":"SMITH"},{"floor":44,"key":"REST"}],"circlet_count":0,"master_deck":["champ:Strike","champ:Strike","champ:Defend+1","champ:Defend","champ:Defend","champ:Defend","champ:Execute+1","champ:Taunt","champ:CrookedStrike+1","champ:TornadoPunch+1","champ:FocusedDefense+1","champ:DefensiveShout","champ:GladiatorStyle","champ:EnchantCrown+1","Slimebound:Icky","champ:Circumvent","champ:BringItOn","champ:Duel","champ:RageSigil+1","champ:ArenaPreparation","champ:Improvising+1","champ:Aggression+1","champ:SwordSigil+1","champ:EnchantCrown","champ:RisingSlash","champ:StrikeOfGenius+1","champ:BringItOn","champ:IronFortress+1","champ:Control+1","champ:Circumvent+1","champ:FanOfKnives+1","champ:DancingMaster+1","champ:GladiatorStyle+1","champ:DancingMaster+1","champ:Aggression","hexamod:Haunted","champ:SteelEdge","champ:GladiatorStyle+1","Parasite","champ:DefensiveStyle+1","champ:AdrenalArmor+1","champ:FocusedBerserking","champ:Encircle+1","expansioncontent:StudyTheSpire+1","champ:EndlessRage+1"],"relics":["champ:ChampionCrown","Vajra","CloakClasp","Turnip","Gremlin Horn","Guardian:PocketSentry","ClockworkSouvenir","Black Star","Dream Catcher","MawBank","Blue Candle","War Paint","Bottled Flame","Blood Vial","Meat on the Bone","downfall:GremlinWheel","Cursed Key","downfall:HeartBlessingRed","downfall:HeartBlessingGreen","Whetstone","Centennial Puzzle","downfall:HeartBlessingBlue","Frozen Egg 2","Juzu Bracelet","White Beast Statue","Chemical X","Art of War","StoneCalendar"],"acts_visited":["Exordium","TheCity","TheBeyond"],"potions_floor_usage":[],"damage_taken":[{"damage":9.0,"enemies":"2 Louse","floor":2.0,"turns":3.0},{"damage":15.0,"enemies":"downfall:FleeingMerchant","floor":4.0,"turns":4.0},{"damage":46.0,"enemies":"downfall:FleeingMerchant","floor":5.0,"turns":7.0},{"damage":0.0,"enemies":"Small Slimes","floor":8.0,"turns":2.0},{"damage":13.0,"enemies":"3 Sentries","floor":9.0,"turns":5.0},{"damage":3.0,"enemies":"downfall:FleeingMerchant","floor":12.0,"turns":4.0},{"damage":5.0,"enemies":"downfall:FleeingMerchant","floor":14.0,"turns":4.0},{"damage":0.0,"enemies":"Cultist","floor":15.0,"turns":1.0},{"damage":25.0,"enemies":"downfall:Ironclad","floor":16.0,"turns":6.0},{"damage":17.0,"enemies":"Shell Parasite","floor":19.0,"turns":5.0},{"damage":62.0,"enemies":"Slavers","floor":20.0,"turns":7.0},{"damage":3.0,"enemies":"Snake Plant","floor":22.0,"turns":5.0},{"damage":16.0,"enemies":"Gremlin Leader","floor":23.0,"turns":6.0},{"damage":22.0,"enemies":"Snecko","floor":26.0,"turns":5.0},{"damage":21.0,"enemies":"Book of Stabbing","floor":27.0,"turns":6.0},{"damage":11.0,"enemies":"Centurion and Healer","floor":28.0,"turns":6.0},{"damage":9.0,"enemies":"Cultist and Chosen","floor":29.0,"turns":4.0},{"damage":5.0,"enemies":"Cultist and Chosen","floor":30.0,"turns":4.0},{"damage":43.0,"enemies":"Sentry and Sphere","floor":31.0,"turns":4.0},{"damage":38.0,"enemies":"Centurion and Healer","floor":32.0,"turns":6.0},{"damage":44.0,"enemies":"downfall:Defect","floor":33.0,"turns":10.0},{"damage":3.0,"enemies":"3 Darklings","floor":36.0,"turns":3.0},{"damage":47.0,"enemies":"Reptomancer","floor":37.0,"turns":4.0},{"damage":33.0,"enemies":"Orb Walker","floor":39.0,"turns":3.0},{"damage":53.0,"enemies":"Jaw Worm Horde","floor":40.0,"turns":3.0},{"damage":74,"enemies":"Giant Head","floor":43,"turns":6},{"damage":33,"enemies":"Writhing Mass","floor":45,"turns":5},{"damage":13,"enemies":"Sphere and 2 Shapes","floor":46,"turns":3},{"damage":16,"enemies":"downfall:LadyInBlue","floor":47,"turns":5},{"damage":49,"enemies":"downfall:FleeingMerchant","floor":48,"turns":4},{"damage":86,"enemies":"4 Shapes","floor":49,"turns":5},{"damage":39,"enemies":"downfall:Watcher","floor":50,"turns":7}],"seed_played":"-6275840730232377031","potions_obtained":[{"floor":5.0,"key":"ColorlessPotion"},{"floor":9.0,"key":"Dexterity Potion"},{"floor":16.0,"key":"Dexterity Potion"},{"floor":23.0,"key":"ColorlessPotion"},{"floor":28.0,"key":"DuplicationPotion"},{"floor":46,"key":"DuplicationPotion"},{"floor":47,"key":"Energy Potion"}],"is_trial":false,"path_per_floor":["R","M","R","$","?","R","T","M","E","R","?","$","?","$","M","B",null,"R","M","E","?","M","E","T","R","M","E","M","M","?","M","M","B",null,"R","M","E","R","M","M","T","R","E","R","M","M","?","$","M","B",null],"character_chosen":"THE_CHAMP","items_purchased":["champ:FocusedDefense","Guardian:PocketSentry","ClockworkSouvenir","champ:BringItOn","champ:RageSigil","Chemical X","Art of War","StoneCalendar","expansioncontent:StudyTheSpire+1"],"campfire_rested":1,"item_purchase_floors":[4,12,12,12,14,48,48,48,48],"current_hp_per_floor":[90,86,86,81,50,50,50,50,47,47,47,47,47,47,47,47,90,90,83,50,50,50,44,44,44,44,28,41,51,53,57,71,79,90,90,90,80,80,74,88,88,98,74,100,93,87,80,100,58,93],"gold":286,"neow_bonus":"RANDOM_COMMON_RELIC","is_daily":false,"chose_seed":false,"campfire_upgraded":8,"win_rate":0.0,"timestamp":1608225532,"path_taken":["R","M","R","$","?","R","T","M","E","R","?","$","?","$","M","BOSS","R","M","E","?","?","E","T","R","M","E","M","M","?","M","M","BOSS","R","M","E","R","M","M","T","R","E","R","M","M","?","$","M","BOSS"],"items_purchased_type":["Card","Relic","Relic","Card","Card","Relic","Relic","Relic","Card"],"build_version":"2020-12-13","purchased_purges":3,"victory":true,"max_hp_per_floor":[90,90,90,90,90,90,90,90,90,90,90,90,90,90,90,90,90,90,90,90,90,90,90,90,90,90,90,90,90,90,90,90,90,90,90,90,90,90,90,90,90,100,100,100,100,100,100,100,100,100],"relic_stats":{"Gremlin Horn":[25,25],"counters":[32,150],"Blue Candle":[7],"StoneCalendar":[0],"CloakClasp":[356],"Juzu Bracelet":0,"Whetstone":["champ:FanOfKnives","champ:TornadoPunch"],"War Paint":["champ:Defend","champ:RageSigil"],"MawBank":336,"Cursed Key":1,"Blood Vial":26,"Dream Catcher":1,"Centennial Puzzle":[27],"Turnip":[15],"Black Star":5,"Art of War":[3],"Chemical X":[3],"obtain_stats":[{"Gremlin Horn":9,"Vajra":0,"champ:ChampionCrown":0,"downfall:HeartBlessingGreen":35,"StoneCalendar":48,"CloakClasp":5,"Juzu Bracelet":43,"Whetstone":37,"Cursed Key":34,"ClockworkSouvenir":12,"Blood Vial":27,"Dream Catcher":20,"Centennial Puzzle":37,"downfall:BrokenWingStatue":13,"downfall:GremlinWheel":30,"downfall:HeartBlessingBlue":42,"Chemical X":48,"downfall:HeartBlessingRed":35,"Blue Candle":23,"Guardian:PocketSentry":12,"War Paint":23,"Frozen Egg 2":43,"MawBank":20,"White Beast Statue":47,"Bottled Flame":24,"Turnip":7,"Black Star":17,"Art of War":48,"Meat on the Bone":27},{"Gremlin Horn":5,"Vajra":0,"champ:ChampionCrown":0,"downfall:HeartBlessingGreen":21,"StoneCalendar":30,"CloakClasp":3,"Juzu Bracelet":26,"Whetstone":23,"Cursed Key":21,"ClockworkSouvenir":6,"Blood Vial":15,"Dream Catcher":11,"Centennial Puzzle":23,"downfall:BrokenWingStatue":6,"downfall:GremlinWheel":18,"downfall:HeartBlessingBlue":25,"Chemical X":30,"downfall:HeartBlessingRed":21,"Blue Candle":13,"Guardian:PocketSentry":6,"War Paint":13,"Frozen Egg 2":26,"MawBank":11,"White Beast Statue":29,"Bottled Flame":13,"Turnip":3,"Black Star":9,"Art of War":30,"Meat on the Bone":15},{"Gremlin Horn":21,"Vajra":0,"champ:ChampionCrown":0,"downfall:HeartBlessingGreen":102,"StoneCalendar":138,"CloakClasp":14,"Juzu Bracelet":121,"Whetstone":109,"Cursed Key":102,"ClockworkSouvenir":25,"Blood Vial":68,"Dream Catcher":47,"Centennial Puzzle":109,"downfall:BrokenWingStatue":25,"downfall:GremlinWheel":82,"downfall:HeartBlessingBlue":115,"Chemical X":138,"downfall:HeartBlessingRed":102,"Blue Candle":58,"Guardian:PocketSentry":25,"War Paint":58,"Frozen Egg 2":121,"MawBank":47,"White Beast Statue":134,"Bottled Flame":58,"Turnip":14,"Black Star":36,"Art of War":138,"Meat on the Bone":68}],"Meat on the Bone":108},"card_choices":[{"not_picked":["champ:PerfectedStrike","champ:TornadoPunch"],"picked":"champ:CrookedStrike","floor":2.0},{"not_picked":["champ:FlashCut","champ:BringItOn"],"picked":"champ:TornadoPunch","floor":4.0},{"not_picked":["champ:Riposte","champ:AdrenalArmor"],"picked":"champ:DefensiveShout","floor":5.0},{"not_picked":["champ:AdrenalArmor","champ:BerserkersShout"],"picked":"champ:GladiatorStyle","floor":8.0},{"not_picked":["champ:AdrenalArmor","champ:FanOfKnives"],"picked":"champ:EnchantCrown","floor":9.0},{"not_picked":["champ:BerserkersShout","champ:TornadoPunch"],"picked":"champ:Circumvent","floor":12.0},{"not_picked":["champ:GladiatorsShout","champ:StanceDance"],"picked":"champ:Duel","floor":14.0},{"not_picked":["champ:Encircle","champ:Haymaker"],"picked":"champ:ArenaPreparation","floor":15.0},{"not_picked":["champ:HoldFirm","champ:MurderStrike"],"picked":"champ:Improvising","floor":16.0},{"not_picked":["champ:Lariat","champ:BringItOn"],"picked":"champ:Aggression+1","floor":19.0},{"not_picked":["champ:FightOn","champ:RecklessLeap"],"picked":"champ:SwordSigil+1","floor":20.0},{"not_picked":["champ:Haymaker","champ:DefensiveShout","champ:PerfectedStrike"],"picked":"SKIP","floor":22.0},{"not_picked":["champ:CrookedStrike","champ:SkillfulDodge"],"picked":"champ:RisingSlash","floor":23.0},{"not_picked":["champ:Balance+1","champ:DefensiveShout+1"],"picked":"champ:StrikeOfGenius","floor":26.0},{"not_picked":["champ:BerserkersShout","champ:ViciousMockery"],"picked":"champ:BringItOn","floor":27.0},{"not_picked":["champ:Haymaker","champ:TornadoPunch+1"],"picked":"champ:IronFortress+1","floor":28.0},{"not_picked":["champ:RecklessLeap","champ:BerserkersShout"],"picked":"champ:Control+1","floor":29.0},{"not_picked":["champ:PerfectedStrike","champ:BladeFlurry"],"picked":"champ:Circumvent+1","floor":31.0},{"not_picked":["champ:DeathBlow","champ:RageSigil"],"picked":"champ:FanOfKnives","floor":32.0},{"not_picked":["champ:LastStand","champ:CheapShot"],"picked":"champ:DancingMaster","floor":33.0},{"not_picked":["champ:FanOfKnives","champ:FlashCut+1"],"picked":"champ:GladiatorStyle+1","floor":36.0},{"not_picked":["champ:GladiatorsShout","champ:Circumvent+1"],"picked":"champ:DancingMaster","floor":37.0},{"not_picked":["champ:EndlessRage","champ:CrookedStrike"],"picked":"champ:Aggression","floor":39.0},{"not_picked":["champ:SkillfulDodge+1","champ:Circumvent","champ:PerfectedStrike+1"],"picked":"SKIP","floor":40.0},{"not_picked":["champ:StanceDance+1","champ:CrookedStrike"],"picked":"champ:SteelEdge","floor":43},{"not_picked":["champ:ShieldSigil","champ:RecklessLeap+1"],"picked":"champ:GladiatorStyle+1","floor":44},{"not_picked":["champ:FocusedBerserking","champ:SwordSigil"],"picked":"champ:DefensiveStyle+1","floor":45},{"not_picked":["champ:RapidStrikes","champ:BringItOn"],"picked":"champ:AdrenalArmor+1","floor":46},{"not_picked":["champ:PerfectedStrike","champ:FlashCut"],"picked":"champ:FocusedBerserking","floor":47},{"not_picked":["champ:Riposte","champ:BringItOn+1"],"picked":"champ:Encircle+1","floor":48},{"not_picked":["champ:FocusedBerserking+1","champ:PerfectedStrike"],"picked":"champ:EndlessRage+1","floor":49}],"player_experience":812445,"relics_obtained":[{"floor":5.0,"key":"CloakClasp"},{"floor":7.0,"key":"Turnip"},{"floor":9.0,"key":"Gremlin Horn"},{"floor":20.0,"key":"Dream Catcher"},{"floor":20.0,"key":"MawBank"},{"floor":23.0,"key":"Blue Candle"},{"floor":23.0,"key":"War Paint"},{"floor":24.0,"key":"Bottled Flame"},{"floor":27.0,"key":"Blood Vial"},{"floor":27.0,"key":"Meat on the Bone"},{"floor":30.0,"key":"downfall:GremlinWheel"},{"floor":37.0,"key":"Whetstone"},{"floor":37.0,"key":"Centennial Puzzle"},{"floor":43,"key":"Frozen Egg 2"},{"floor":43,"key":"Juzu Bracelet"},{"floor":47,"key":"White Beast Statue"}],"event_choices":[{"damage_healed":0.0,"max_hp_gain":0.0,"max_hp_loss":0.0,"gold_gain":0.0,"cards_transformed":["champ:Strike"],"event_name":"Transmorgrifier","player_choice":"Transformed","floor":21.0,"gold_loss":0.0,"damage_taken":0.0,"cards_obtained":["champ:EnchantCrown"]},{"damage_healed":0.0,"max_hp_gain":0.0,"max_hp_loss":0.0,"gold_gain":300.0,"event_name":"Wheel of Change","player_choice":"Gold","floor":38.0,"gold_loss":0.0,"damage_taken":0.0}],"is_beta":false,"boss_relics":[{"not_picked":["Ectoplasm","Runic Dome"],"picked":"Black Star"},{"not_picked":["expansioncontent:StudyCardRelic","Snecko Eye"],"picked":"Cursed Key"}],"items_purged_floors":[12,14,48],"is_endless":false,"potions_floor_spawned":[5,9,16,23,26,28,29,30,36,40,46,48,49],"ascension_level":3}}