{"host":"kyy1kus4tsuq869y","time":1608217136,"event":{"mods":["BaseMod","Downfall","GifTheSpireLib","HololiveMod","Hubris","Jorbs\u0027s Wanderer Trilogy","Marisa£®ÏF”Í°°ƒß¿Ì…≥£©","Minty Spire (QoL Compilation)","Quick Restart","READ ME - Guardian Mod","READ ME - Snecko Mod","Reimu£®≤©¿ˆ¡È√Œ£©","Remilia£®¿Ÿ√◊¿Ú—«£©","Replay The Spire","StSLib","Td1madao Mod","The Administrix","The Animator","The Bug Knight","The Construct","The Cursed","The Hierophant","The Runesmith","The Senshi","The Servant 0.9.4","Youmu£®ªÍ∆«—˝√Œ£©"],"gold_per_floor":[114,114,114,114,107,141,66,91,142,175,188,216,216,216,216,216,216],"floor_reached":16,"playtime":341,"items_purged":[],"score":348,"play_id":"b469433d-55d0-4cd8-8d9a-a91033099ca4","local_time":"20201217225856","is_ascension_mode":true,"campfire_choices":[{"floor":13,"key":"REST"},{"data":"Fire Breathing","floor":15,"key":"SMITH"}],"circlet_count":0,"master_deck":["AscendersBane","Strike_R","Strike_R","Strike_R","Strike_R","Strike_R","Defend_R","Defend_R","Defend_R","Bash","Entrench","Life Link+1","Hallucinations","Double Tap","Fire Breathing+1","Flame Barrier"],"relics":["Burning Blood","NeowsBlessing","hubris:Icosahedron","ReplayTheSpireMod:CursedCoin","Anchor","Potion Belt","construct:BoolHorns","Gambling Chip"],"acts_visited":["Exordium"],"potions_floor_usage":[10,10],"damage_taken":[{"damage":0,"enemies":"Small Slimes","floor":1,"turns":1},{"damage":0,"enemies":"Gremlin Nob","floor":6,"turns":1},{"damage":0,"enemies":"3 Sentries","floor":8,"turns":2},{"damage":36,"enemies":"Lagavulin","floor":10,"turns":3},{"damage":19,"enemies":"2 Louse","floor":11,"turns":3},{"damage":28,"enemies":"Gremlin Nob","floor":12,"turns":3},{"damage":78,"enemies":"Hexaghost","floor":16,"turns":9}],"seed_played":"-3844372023000632964","potions_obtained":[{"floor":8,"key":"EntropicBrew"},{"floor":10,"key":"GamblersBrew"}],"is_trial":false,"path_per_floor":["M","?","$","?","$","E","$","E","T","E","M","E","R","?","R","B"],"character_chosen":"IRONCLAD","items_purchased":["ReplayTheSpireMod:CursedCoin","Double Tap","Fire Breathing"],"campfire_rested":1,"item_purchase_floors":[5,5,7],"current_hp_per_floor":[74,74,74,74,74,75,75,75,75,45,32,10,32,32,32,0,0],"gold":216,"neow_bonus":"THREE_ENEMY_KILL","is_daily":false,"chose_seed":false,"campfire_upgraded":1,"win_rate":0.0,"timestamp":1608217136,"path_taken":["M","?","$","?","?","E","?","E","T","E","M","E","R","?","R","BOSS"],"items_purchased_type":["Relic","Card","Card"],"build_version":"2020-12-13","purchased_purges":0,"victory":false,"max_hp_per_floor":[75,75,75,75,75,75,75,75,75,75,75,75,75,75,75,75,75],"card_choices":[{"not_picked":["Pommel Strike","hubris:SharpeningStone"],"picked":"Entrench","floor":1},{"not_picked":["Seeing Red","Thunderclap","Pommel Strike"],"picked":"SKIP","floor":6},{"not_picked":["ReplayTheSpireMod:Strike From Hell","Run Through","Intimidate"],"picked":"SKIP","floor":8},{"not_picked":["Twin Strike","Bludgeon","Clothesline"],"picked":"SKIP","floor":10},{"not_picked":["Warcry","Bloodletting","Life Link"],"picked":"SKIP","floor":11},{"not_picked":["Seeing Red","Sword Boomerang"],"picked":"Flame Barrier","floor":12}],"player_experience":470911,"relics_obtained":[{"floor":6,"key":"Anchor"},{"floor":8,"key":"Potion Belt"},{"floor":10,"key":"construct:BoolHorns"},{"floor":12,"key":"Gambling Chip"}],"event_choices":[],"is_beta":false,"boss_relics":[],"items_purged_floors":[],"is_endless":false,"potions_floor_spawned":[8,10,11,12],"killed_by":"Hexaghost","ascension_level":20}}