{"host":"pletss163z7s8pvv","time":1608175549,"event":{"mods":["AchievementEnabler","BaseMod","Colored Map","Colored Powertips","Minty Spire (QoL Compilation)"],"gold_per_floor":[117,136,152,165,165,239,239,22,46,46,46,64,64,100,100,224,224,247,247,265,5,18,18,18,18,18,32,72,72,111,111,111],"floor_reached":31,"playtime":891,"items_purged":[],"score":283,"play_id":"489e2a59-4d67-40e3-aaa1-7c6a9bb2a145","local_time":"20201216212549","daily_mods":["Allstar","Time Dilation","Elite Swarm"],"is_ascension_mode":false,"campfire_choices":[{"floor":7,"key":"REST"},{"floor":10,"key":"REST"},{"data":"Mayhem","floor":13,"key":"SMITH"},{"floor":15,"key":"REST"},{"floor":23,"key":"REST"},{"floor":25,"key":"REST"},{"floor":29,"key":"REST"}],"circlet_count":0,"master_deck":["Strike_B","Strike_B","Strike_B","Strike_B","Defend_B","Defend_B","Defend_B","Defend_B","Zap","Dualcast","Transmutation","Secret Technique","Deep Breath","Mayhem+1","Mayhem+1","Barrage","Barrage","Go for the Eyes","Conserve Battery","Meteor Strike","Apotheosis+1","Capacitor","Stack","Echo Form","Buffer","Ball Lightning","Rebound+1","Defragment","Streamline","Barrage","CrushJoints","All For One","LessonLearned"],"relics":["Cracked Core","Golden Idol","Anchor","Lantern","Bronze Scales","SlaversCollar","PrismaticShard","Blood Vial","Ginger","Boot"],"acts_visited":["Exordium","TheCity"],"potions_floor_usage":[16],"damage_taken":[{"damage":10,"enemies":"Cultist","floor":1,"turns":4},{"damage":0,"enemies":"2 Louse","floor":2,"turns":2},{"damage":18,"enemies":"Jaw Worm","floor":3,"turns":3},{"damage":16,"enemies":"Blue Slaver","floor":4,"turns":4},{"damage":11,"enemies":"3 Sentries","floor":6,"turns":5},{"damage":0,"enemies":"Exordium Wildlife","floor":12,"turns":3},{"damage":18,"enemies":"Gremlin Nob","floor":14,"turns":3},{"damage":20,"enemies":"The Guardian","floor":16,"turns":6},{"damage":39,"enemies":"Spheric Guardian","floor":18,"turns":6},{"damage":0,"enemies":"Chosen","floor":20,"turns":4},{"damage":18,"enemies":"Centurion and Healer","floor":22,"turns":5},{"damage":8,"enemies":"Cultist and Chosen","floor":27,"turns":6},{"damage":27,"enemies":"Book of Stabbing","floor":28,"turns":4},{"damage":41,"enemies":"Slavers","floor":30,"turns":4},{"damage":0,"enemies":"Snake Plant","floor":31,"turns":2}],"seed_played":"7122720490587794330","potions_obtained":[{"floor":4,"key":"ColorlessPotion"},{"floor":6,"key":"GamblersBrew"},{"floor":18,"key":"SteroidPotion"},{"floor":22,"key":"SneckoOil"}],"is_trial":true,"path_per_floor":["M","M","M","M","?","E","R","$","T","R","?","M","R","E","R","B",null,"M","?","M","$","M","R","$","R","T","M","E","R","E","M"],"character_chosen":"DEFECT","items_purchased":["Apotheosis","Capacitor","Defragment","PrismaticShard","Streamline"],"campfire_rested":6,"item_purchase_floors":[8,8,21,21,21],"current_hp_per_floor":[65,65,47,31,31,20,40,40,40,60,60,60,60,42,62,42,69,30,30,30,30,12,32,32,52,52,46,21,41,2,4,4],"gold":111,"neow_bonus":"","is_daily":false,"chose_seed":false,"campfire_upgraded":1,"win_rate":0.0,"timestamp":1608175549,"path_taken":["M","M","M","?","?","E","R","$","T","R","?","M","R","E","R","BOSS","M","?","M","$","?","R","?","R","T","M","E","R","E","M"],"items_purchased_type":["Card","Card","Card","Relic","Card"],"build_version":"2020-12-13","purchased_purges":0,"victory":false,"max_hp_per_floor":[75,75,75,75,69,69,69,69,69,69,69,69,69,69,69,69,69,69,69,69,69,69,69,69,69,69,69,69,69,69,69,69],"card_choices":[{"not_picked":["Redo","Coolheaded"],"picked":"Barrage","floor":1},{"not_picked":["Beam Cell","Stack"],"picked":"Barrage","floor":2},{"not_picked":["Glacier","Stack"],"picked":"Go for the Eyes","floor":3},{"not_picked":["Turbo","Compile Driver"],"picked":"Conserve Battery","floor":4},{"not_picked":["Seek","Buffer"],"picked":"Meteor Strike","floor":6},{"not_picked":["Compile Driver","Leap"],"picked":"Stack","floor":12},{"not_picked":["Rainbow","Biased Cognition"],"picked":"Echo Form","floor":14},{"not_picked":["Thunder Strike","Biased Cognition"],"picked":"Buffer","floor":16},{"not_picked":["Turbo","Coolheaded+1"],"picked":"Ball Lightning","floor":18},{"not_picked":["Heatsinks+1","Turbo"],"picked":"Rebound+1","floor":20},{"not_picked":["Havoc","EmptyFist"],"picked":"Barrage","floor":22},{"not_picked":["Forethought","Adaptation"],"picked":"CrushJoints","floor":27},{"not_picked":["Hyperbeam","Buffer"],"picked":"All For One","floor":28},{"not_picked":["Berserk","Reboot"],"picked":"LessonLearned","floor":30}],"player_experience":386377,"relics_obtained":[{"floor":6,"key":"Anchor"},{"floor":9,"key":"Lantern"},{"floor":14,"key":"Bronze Scales"},{"floor":26,"key":"Blood Vial"},{"floor":28,"key":"Ginger"},{"floor":30,"key":"Boot"}],"event_choices":[{"damage_healed":0,"gold_gain":0,"player_choice":"Lose Max HP","damage_taken":0,"relics_obtained":["Golden Idol"],"max_hp_gain":0,"max_hp_loss":6,"event_name":"Golden Idol","floor":5,"gold_loss":0},{"damage_healed":0,"gold_gain":0,"player_choice":"Upgraded","damage_taken":0,"max_hp_gain":0,"max_hp_loss":0,"event_name":"Upgrade Shrine","floor":11,"gold_loss":0,"cards_upgraded":["Mayhem"]},{"damage_healed":0,"gold_gain":0,"player_choice":"Upgraded","damage_taken":0,"max_hp_gain":0,"max_hp_loss":0,"event_name":"Upgrade Shrine","floor":19,"gold_loss":0,"cards_upgraded":["Apotheosis"]}],"is_beta":false,"boss_relics":[{"not_picked":["Philosopher\u0027s Stone","Busted Crown"],"picked":"SlaversCollar"}],"items_purged_floors":[],"is_endless":false,"potions_floor_spawned":[4,6,18,22],"killed_by":"Snake Plant","ascension_level":0}}