{"host":"mqhvlr3kpxebko0t","time":1608172637,"event":{"mods":["AchievementEnabler","BaseMod","Colored Map","Colored Powertips","Keyboard Shortcuts","Minty Spire (QoL Compilation)","StSLib","SuperFastMode"],"gold_per_floor":[111,124,199,199,49,75,92,92,116,116,155,155,155,176,176,269,269,284,135,126,151,201,201,251,251,251,82,82,82,82],"floor_reached":29,"playtime":416,"items_purged":["Strike_B"],"score":432,"play_id":"c296420a-23e3-47f5-8e4e-7ff94687e00e","local_time":"20201217113717","is_ascension_mode":true,"campfire_choices":[{"data":"Defragment","floor":10.0,"key":"SMITH"},{"floor":12.0,"key":"REST"},{"data":"Rainbow","floor":15.0,"key":"SMITH"},{"floor":23.0,"key":"REST"},{"data":"Recycle","floor":25.0,"key":"SMITH"},{"floor":28.0,"key":"REST"}],"circlet_count":0,"master_deck":["AscendersBane","Strike_B","Strike_B","Strike_B","Defend_B","Defend_B","Defend_B","Defend_B","Zap","Dualcast","White Noise","Core Surge","Rebound","Defragment+1","Conserve Battery","Recycle+1","Rainbow+1","Seek","CurseOfTheBell","Cold Snap","Echo Form","Coolheaded","Capacitor","Self Repair","Undo"],"relics":["Cracked Core","NeowsBlessing","Dream Catcher","Pantograph","Golden Idol","Juzu Bracelet","Pen Nib","SsserpentHead","Calling Bell","Bag of Preparation","Mummified Hand","StoneCalendar","Regal Pillow","Runic Capacitor"],"acts_visited":["Exordium","TheCity"],"potions_floor_usage":[29],"damage_taken":[{"damage":0.0,"enemies":"2 Louse","floor":1.0,"turns":1.0},{"damage":0.0,"enemies":"Small Slimes","floor":2.0,"turns":1.0},{"damage":0.0,"enemies":"3 Sentries","floor":6.0,"turns":1.0},{"damage":7.0,"enemies":"Jaw Worm","floor":7.0,"turns":3.0},{"damage":22.0,"enemies":"Gremlin Nob","floor":11.0,"turns":4.0},{"damage":18.0,"enemies":"Exordium Wildlife","floor":14.0,"turns":5.0},{"damage":33.0,"enemies":"The Guardian","floor":16.0,"turns":9.0},{"damage":19.0,"enemies":"3 Byrds","floor":18.0,"turns":5.0},{"damage":18.0,"enemies":"2 Thieves","floor":20.0,"turns":4.0},{"damage":12.0,"enemies":"Snake Plant","floor":21.0,"turns":5.0},{"damage":70,"enemies":"Slavers","floor":29,"turns":5}],"seed_played":"2893953464186804170","potions_obtained":[{"floor":6.0,"key":"Weak Potion"},{"floor":7.0,"key":"LiquidMemories"},{"floor":11.0,"key":"Swift Potion"},{"floor":14.0,"key":"EntropicBrew"},{"floor":21.0,"key":"SpeedPotion"}],"is_trial":false,"path_per_floor":["M","M","?","?","$","E","M","?","T","R","E","R","?","M","R","B",null,"M","$","M","M","?","R","?","R","T","$","R","E"],"character_chosen":"DEFECT","items_purchased":["Core Surge","Echo Form","Self Repair","Runic Capacitor"],"campfire_rested":3,"item_purchase_floors":[5,19,27,27],"current_hp_per_floor":[64,64,53,50,50,50,43,43,43,43,21,40,40,22,22,14,53,34,34,16,4,4,23,17,17,17,17,51,0,0],"gold":82,"neow_bonus":"THREE_ENEMY_KILL","is_daily":false,"chose_seed":false,"campfire_upgraded":3,"win_rate":0.0,"timestamp":1608172637,"path_taken":["M","M","?","?","$","E","M","?","T","R","E","R","?","M","R","BOSS","M","$","M","M","?","R","?","R","T","?","R","E"],"items_purchased_type":["Card","Card","Card","Relic"],"build_version":"2020-12-13","purchased_purges":1,"victory":false,"max_hp_per_floor":[71,71,71,71,71,71,71,66,66,66,66,66,66,66,66,66,66,66,66,66,66,66,66,66,66,66,66,66,66,66],"card_choices":[{"not_picked":["Steam","Consume"],"picked":"White Noise","floor":1.0},{"not_picked":["Scrape","Steam","Leap"],"picked":"SKIP","floor":2.0},{"not_picked":["Beam Cell","Turbo"],"picked":"Rebound","floor":6.0},{"not_picked":["Redo","Barrage"],"picked":"Defragment","floor":7.0},{"not_picked":["Fusion","Streamline"],"picked":"Conserve Battery","floor":11.0},{"not_picked":["Leap","Barrage"],"picked":"Recycle","floor":12.0},{"not_picked":["Ball Lightning","FTL"],"picked":"Rainbow","floor":14.0},{"not_picked":["Machine Learning","All For One"],"picked":"Seek","floor":16.0},{"not_picked":["Sweeping Beam+1","Barrage"],"picked":"Cold Snap","floor":18.0},{"not_picked":["Hologram","Double Energy+1"],"picked":"Coolheaded","floor":20.0},{"not_picked":["Rebound","Gash"],"picked":"Capacitor","floor":21.0},{"not_picked":["Redo+1","Compile Driver"],"picked":"Undo","floor":28.0}],"player_experience":645389,"relics_obtained":[{"floor":6.0,"key":"Pantograph"},{"floor":9.0,"key":"Juzu Bracelet"},{"floor":11.0,"key":"Pen Nib"},{"floor":17.0,"key":"Bag of Preparation"},{"floor":17.0,"key":"Mummified Hand"},{"floor":17.0,"key":"StoneCalendar"},{"floor":26.0,"key":"Regal Pillow"}],"event_choices":[{"damage_healed":0.0,"max_hp_gain":0.0,"max_hp_loss":0.0,"gold_gain":75.0,"event_name":"World of Goop","player_choice":"Gather Gold","floor":3.0,"gold_loss":0.0,"damage_taken":11.0},{"damage_healed":0.0,"max_hp_gain":0.0,"max_hp_loss":0.0,"gold_gain":0.0,"event_name":"Scrap Ooze","player_choice":"Success","floor":4.0,"gold_loss":0.0,"damage_taken":3.0,"relics_obtained":["Dream Catcher"]},{"damage_healed":0.0,"max_hp_gain":0.0,"max_hp_loss":5.0,"gold_gain":0.0,"event_name":"Golden Idol","player_choice":"Lose Max HP","floor":8.0,"gold_loss":0.0,"damage_taken":0.0,"relics_obtained":["Golden Idol"]},{"damage_healed":0.0,"max_hp_gain":0.0,"max_hp_loss":0.0,"gold_gain":0.0,"event_name":"FaceTrader","player_choice":"Trade","floor":13.0,"gold_loss":0.0,"damage_taken":0.0,"relics_obtained":["SsserpentHead"]},{"damage_healed":0.0,"max_hp_gain":0.0,"max_hp_loss":0.0,"gold_gain":0.0,"event_name":"Cursed Tome","player_choice":"Ignored","floor":22.0,"gold_loss":0.0,"damage_taken":0.0},{"damage_healed":0.0,"max_hp_gain":0.0,"max_hp_loss":0.0,"gold_gain":0.0,"event_name":"Knowing Skull","player_choice":"","floor":24.0,"potions_obtained":[],"gold_loss":0.0,"damage_taken":6.0,"cards_obtained":[]}],"is_beta":false,"boss_relics":[{"not_picked":["Busted Crown","Ectoplasm"],"picked":"Calling Bell"}],"items_purged_floors":[19],"is_endless":false,"potions_floor_spawned":[6,7,11,14,21],"killed_by":"Slavers","ascension_level":14}}