{"host":"zhyev11g0du2ne18","time":1608245667,"event":{"mods":["BaseMod","Duelist Mod","GifTheSpireLib","KinomotoSakuraMod(????)","Minty Spire (QoL Compilation)","Relic Stats","Shop Mod","StSLib"],"gold_per_floor":[145,498,97,107,69,98,98,110,110,110,120,120,145,155,155,253,253,253,99,99,99,99,99,99,99,99,99,99,99,99,99,99,99,99,99,99,99,99,99,99,99,99,99,99,99,23,23,23,23],"floor_reached":48,"playtime":3615,"items_purged":[],"score":713,"play_id":"d56ebeee-9b03-4e3f-90d6-358a0cc9d2ac","local_time":"20201217205427","is_ascension_mode":false,"campfire_choices":[{"data":"theDuelist:UnderworldCannon","floor":7.0,"key":"SMITH"},{"data":"theDuelist:CharcoalInpachi","floor":10.0,"key":"SMITH"},{"data":"theDuelist:Electrowhip","floor":12.0,"key":"SMITH"},{"data":"theDuelist:OnslaughtFireKings","floor":15,"key":"SMITH"},{"floor":23,"key":"RECALL"},{"floor":32,"key":"REST"},{"floor":40,"key":"REST"},{"floor":42,"key":"REST"}],"circlet_count":0,"master_deck":["theDuelist:BeaverWarrior","theDuelist:BeaverWarrior","theDuelist:CastleWalls","theDuelist:CastleWalls","theDuelist:FinalFlame","theDuelist:GiantSoldier","theDuelist:GiantSoldier","theDuelist:ScrapFactory","theDuelist:Sparks","theDuelist:Sparks","theDuelist:Jinzo","theDuelist:EvilswarmHeliotrope","theDuelist:Hinotama","theDuelist:UnderworldCannon+1","theDuelist:Eva","theDuelist:CharcoalInpachi+1","theDuelist:Electrowhip+1","theDuelist:OnslaughtFireKings+1","theDuelist:SangaEarth","theDuelist:Wildfire","theDuelist:SpellShatteringArrow+1","theDuelist:WhiteNinja+1","theDuelist:SwordsRevealing","theDuelist:CrystalRaigeki+1","theDuelist:DeltaMagnet","theDuelist:KamionTimelord+1","theDuelist:FuryFire+1","Pain","theDuelist:YamiForm+1","Parasite","theDuelist:GridRod","theDuelist:Raigeki+1","theDuelist:BlockGolem+1","theDuelist:ForbiddenLance","theDuelist:PreventRat+1"],"relics":["theDuelist:MillenniumPuzzle","theDuelist:CardPoolRelic","theDuelist:CardPoolBasicRelic","theDuelist:BoosterPackPoolRelic","theDuelist:CardPoolAddRelic","theDuelist:CardPoolMinusRelic","theDuelist:CardPoolSaveRelic","theDuelist:CardPoolOptionsRelic","NeowsBlessing","Bird Faced Urn","Old Coin","theDuelist:BoosterExtraAllRaresRelic","Mummified Hand","Centennial Puzzle","WingedGreaves","theDuelist:DuelistTeaSet","Ectoplasm","theDuelist:SummonAnchor","Nilry\u0027s Codex","Anchor","Darkstone Periapt","Matryoshka","MutagenicStrength","theDuelist:HauntedRelic","WarpedTongs","MealTicket","Pear","Toxic Egg 2","theDuelist:CursedHealer"],"acts_visited":["TheCity","TheBeyond"],"potions_floor_usage":[33],"damage_taken":[{"damage":0.0,"enemies":"Small Slimes","floor":1.0,"turns":2.0},{"damage":0.0,"enemies":"Small Slimes","floor":2.0,"turns":1.0},{"damage":0.0,"enemies":"Cultist","floor":4.0,"turns":1.0},{"damage":6.0,"enemies":"Gremlin Nob","floor":6.0,"turns":4.0},{"damage":0.0,"enemies":"Jaw Worm","floor":8.0,"turns":3.0},{"damage":0.0,"enemies":"Exordium Wildlife","floor":11.0,"turns":3.0},{"damage":0.0,"enemies":"Lagavulin","floor":13.0,"turns":5.0},{"damage":5,"enemies":"Red Slaver","floor":14,"turns":4},{"damage":0,"enemies":"Slime Boss","floor":16,"turns":5},{"damage":4,"enemies":"3 Byrds","floor":18,"turns":3},{"damage":0,"enemies":"Spheric Guardian","floor":22,"turns":2},{"damage":25,"enemies":"Book of Stabbing","floor":24,"turns":6},{"damage":23,"enemies":"Snake Plant","floor":27,"turns":3},{"damage":0,"enemies":"3 Cultists","floor":28,"turns":3},{"damage":36,"enemies":"Champ","floor":33,"turns":11},{"damage":23,"enemies":"3 Shapes","floor":35,"turns":3},{"damage":0,"enemies":"3 Darklings","floor":38,"turns":3},{"damage":47,"enemies":"Writhing Mass","floor":39,"turns":5},{"damage":8,"enemies":"Spire Growth","floor":41,"turns":5},{"damage":65,"enemies":"Nemesis","floor":44,"turns":5},{"damage":0,"enemies":"Transient","floor":47,"turns":5},{"damage":61,"enemies":"Giant Head","floor":48,"turns":10}],"seed_played":"-2865745874521247732","potions_obtained":[{"floor":4.0,"key":"theDuelist:OrbBottle"},{"floor":11.0,"key":"theDuelist:SummonFuryPotion"},{"floor":13.0,"key":"theDuelist:TokenPotionB"},{"floor":39,"key":"theDuelist:BigOrbBottle"}],"is_trial":false,"path_per_floor":["M","?","$","M","$","E","R","M","T","R","M","R","E","M","R","B",null,"M","$","?","T","M","R","E","$","T","M","M","?","$","?","R","B",null,"M","?","?","M","M","R","M","R","T","E","?","?","M","E"],"character_chosen":"THE_DUELIST","items_purchased":["Mummified Hand","Centennial Puzzle","theDuelist:UnderworldCannon","theDuelist:SummonAnchor"],"campfire_rested":3,"item_purchase_floors":[3,3,5,19],"current_hp_per_floor":[80,80,80,80,80,74,74,74,74,74,74,74,76,73,73,75,80,76,76,60,60,60,60,37,37,37,16,16,16,16,16,40,16,80,57,57,63,63,24,51,47,74,84,25,50,50,54,0,0],"gold":23,"neow_bonus":"THREE_ENEMY_KILL","is_daily":false,"chose_seed":false,"campfire_upgraded":4,"win_rate":0.0,"timestamp":1608245667,"path_taken":["M","?","?","?","?","E","R","M","T","R","M","R","E","M","R","BOSS","M","$","?","?","M","R","E","$","T","M","?","?","$","?","R","BOSS","M","?","?","?","?","R","M","R","T","E","?","?","M","E"],"items_purchased_type":["Relic","Relic","Card","Relic"],"build_version":"2020-12-13","purchased_purges":0,"victory":false,"max_hp_per_floor":[80,80,80,80,80,80,80,80,80,80,80,80,80,80,80,80,80,80,80,80,80,80,80,80,80,80,80,80,80,80,80,80,80,80,80,80,86,86,92,92,92,92,102,102,102,102,102,102,102],"relic_stats":{"Darkstone Periapt":12,"Centennial Puzzle":[33],"counters":[23,92],"Mummified Hand":[29],"Bird Faced Urn":[44],"MealTicket":0,"Ectoplasm":358,"obtain_stats":[{"Darkstone Periapt":24,"theDuelist:CursedHealer":45,"theDuelist:SummonAnchor":19,"Nilry\u0027s Codex":20,"theDuelist:DuelistTeaSet":13,"theDuelist:BoosterExtraAllRaresRelic":2,"theDuelist:MillenniumPuzzle":0,"Old Coin":2,"theDuelist:BoosterPackPoolRelic":0,"Centennial Puzzle":3,"theDuelist:HauntedRelic":34,"Matryoshka":26,"Mummified Hand":3,"MealTicket":43,"theDuelist:CardPoolAddRelic":0,"WingedGreaves":6,"theDuelist:CardPoolOptionsRelic":0,"Toxic Egg 2":44,"theDuelist:CardPoolRelic":0,"Pear":43,"NeowsBlessing":0,"theDuelist:CardPoolSaveRelic":0,"WarpedTongs":37,"theDuelist:CardPoolMinusRelic":0,"Anchor":21,"theDuelist:CardPoolBasicRelic":0,"Bird Faced Urn":2,"MutagenicStrength":31,"Ectoplasm":17},{"Darkstone Periapt":13,"theDuelist:CursedHealer":21,"theDuelist:SummonAnchor":11,"Nilry\u0027s Codex":11,"theDuelist:DuelistTeaSet":8,"theDuelist:BoosterExtraAllRaresRelic":3,"theDuelist:MillenniumPuzzle":0,"Old Coin":3,"theDuelist:BoosterPackPoolRelic":0,"Centennial Puzzle":3,"theDuelist:HauntedRelic":16,"Matryoshka":13,"Mummified Hand":3,"MealTicket":20,"theDuelist:CardPoolAddRelic":0,"WingedGreaves":5,"theDuelist:CardPoolOptionsRelic":0,"Toxic Egg 2":21,"theDuelist:CardPoolRelic":0,"Pear":20,"NeowsBlessing":1,"theDuelist:CardPoolSaveRelic":0,"WarpedTongs":17,"theDuelist:CardPoolMinusRelic":0,"Anchor":11,"theDuelist:CardPoolBasicRelic":0,"Bird Faced Urn":3,"MutagenicStrength":15,"Ectoplasm":10},{"Darkstone Periapt":39,"theDuelist:CursedHealer":77,"theDuelist:SummonAnchor":31,"Nilry\u0027s Codex":31,"theDuelist:DuelistTeaSet":19,"theDuelist:BoosterExtraAllRaresRelic":3,"theDuelist:MillenniumPuzzle":0,"Old Coin":3,"theDuelist:BoosterPackPoolRelic":0,"Centennial Puzzle":3,"theDuelist:HauntedRelic":56,"Matryoshka":39,"Mummified Hand":3,"MealTicket":72,"theDuelist:CardPoolAddRelic":0,"WingedGreaves":8,"theDuelist:CardPoolOptionsRelic":0,"Toxic Egg 2":77,"theDuelist:CardPoolRelic":0,"Pear":72,"NeowsBlessing":0,"theDuelist:CardPoolSaveRelic":0,"WarpedTongs":59,"theDuelist:CardPoolMinusRelic":0,"Anchor":31,"theDuelist:CardPoolBasicRelic":0,"Bird Faced Urn":3,"MutagenicStrength":45,"Ectoplasm":28}],"WarpedTongs":[33]},"card_choices":[{"not_picked":["theDuelist:LightningVortex","theDuelist:Wiretap","theDuelist:HeavyStorm","theDuelist:StrayLambs"],"picked":"theDuelist:Jinzo","floor":1.0},{"not_picked":["theDuelist:BattleOx","theDuelist:Fissure","theDuelist:GilfordLegend","theDuelist:Mudora"],"picked":"theDuelist:EvilswarmHeliotrope","floor":2.0},{"not_picked":["theDuelist:Tuningware","theDuelist:WhiteMagicalHat","theDuelist:FluteKuriboh","theDuelist:RainbowNeos"],"picked":"theDuelist:Hinotama","floor":4.0},{"not_picked":["theDuelist:MeteorDestruction","theDuelist:WormApocalypse","theDuelist:RainbowNeos","theDuelist:BigKoala"],"picked":"theDuelist:Eva","floor":6.0},{"not_picked":["theDuelist:CrossAttack","theDuelist:BattleFootballer","theDuelist:WhiteHowling","theDuelist:InstantFusion"],"picked":"theDuelist:CharcoalInpachi","floor":8.0},{"not_picked":["theDuelist:SpiralSpearStrike","theDuelist:FusionFire","theDuelist:ElectromagneticShield","theDuelist:MagnumShield"],"picked":"theDuelist:Electrowhip","floor":11.0},{"not_picked":["theDuelist:ScrapFactory","theDuelist:DarkFactory","theDuelist:ChaosSeed","theDuelist:AfterTheStorm"],"picked":"theDuelist:OnslaughtFireKings","floor":13.0},{"not_picked":["theDuelist:Eva","theDuelist:RainbowNeos","theDuelist:FrontierWiseman","theDuelist:MythicalBeast"],"picked":"theDuelist:SangaEarth","floor":14},{"not_picked":["theDuelist:ForbiddenLance","theDuelist:GravityLash","theDuelist:PineappleBlast","theDuelist:SevenCompleted"],"picked":"theDuelist:Wildfire","floor":16},{"not_picked":["theDuelist:BigFire+1","theDuelist:Downbeat+1","theDuelist:RainbowNeos","theDuelist:AfterTheStorm"],"picked":"theDuelist:SpellShatteringArrow+1","floor":18},{"not_picked":["Blind","Enlightenment","Secret Weapon","Trip"],"picked":"SKIP","floor":22},{"not_picked":["theDuelist:FrontierWiseman+1","theDuelist:MythicalBeast+1","theDuelist:AmuletAmbition","theDuelist:LightLaser"],"picked":"theDuelist:WhiteNinja+1","floor":24},{"not_picked":["theDuelist:Mathematician+1","theDuelist:AncientGearFist+1","theDuelist:ForbiddenLance+1","theDuelist:InstantFusion"],"picked":"theDuelist:SwordsRevealing","floor":27},{"not_picked":["theDuelist:FuryFire+1","theDuelist:LegendarySword+1"],"picked":"theDuelist:CrystalRaigeki+1","floor":28},{"not_picked":["theDuelist:Eva","theDuelist:HappyLover","theDuelist:RainbowNeos","theDuelist:RainbowOverdragon"],"picked":"theDuelist:KamionTimelord+1","floor":33},{"not_picked":["theDuelist:InfernoFireBlast+1","theDuelist:LegendarySword+2","theDuelist:MagicalStone+1","theDuelist:MagnumShield+1"],"picked":"theDuelist:FuryFire+1","floor":35},{"not_picked":["theDuelist:ElectromagneticShield+1","theDuelist:GravityAxe+1","theDuelist:KamionTimelord","theDuelist:Mathematician"],"picked":"theDuelist:YamiForm+1","floor":38},{"not_picked":["theDuelist:BigKoala+1","theDuelist:Mathematician+1","theDuelist:MythicalBeast+1","theDuelist:SwordsRevealing"],"picked":"theDuelist:GridRod","floor":39},{"not_picked":["theDuelist:KamionTimelord+1","theDuelist:LightningBlade+1"],"picked":"theDuelist:Raigeki+1","floor":41},{"not_picked":["theDuelist:BigFire","theDuelist:BlackPendant+1","theDuelist:MagicalStone+1","theDuelist:PotGreed+1"],"picked":"theDuelist:BlockGolem+1","floor":44},{"not_picked":["theDuelist:KamionTimelord+1","theDuelist:MythicalBeast+1","theDuelist:GridRod","theDuelist:SevenCompleted+1"],"picked":"theDuelist:PreventRat+1","floor":47}],"player_experience":49092,"relics_obtained":[{"floor":2.0,"key":"Bird Faced Urn"},{"floor":2.0,"key":"Old Coin"},{"floor":2.0,"key":"theDuelist:BoosterExtraAllRaresRelic"},{"floor":6.0,"key":"WingedGreaves"},{"floor":13.0,"key":"theDuelist:DuelistTeaSet"},{"floor":20,"key":"Nilry\u0027s Codex"},{"floor":21,"key":"Anchor"},{"floor":24,"key":"Darkstone Periapt"},{"floor":26,"key":"Matryoshka"},{"floor":43,"key":"MealTicket"},{"floor":43,"key":"Pear"},{"floor":44,"key":"Toxic Egg 2"}],"event_choices":[{"damage_healed":0.0,"max_hp_gain":0.0,"max_hp_loss":0.0,"gold_gain":0.0,"event_name":"Battle City","player_choice":"Fight","floor":2.0,"gold_loss":0.0,"damage_taken":0.0},{"damage_healed":0,"gold_gain":0,"player_choice":"Obtained Book","damage_taken":16,"max_hp_gain":0,"max_hp_loss":0,"event_name":"Cursed Tome","floor":20,"gold_loss":0},{"damage_healed":0,"gold_gain":0,"player_choice":"Delta Electro","duelist":true,"damage_taken":0,"max_hp_gain":0,"max_hp_loss":0,"event_name":"Egyptian Village","floor":29,"gold_loss":0,"cards_obtained":["Delta Electromagnet Warrior"]},{"damage_healed":0,"gold_gain":0,"player_choice":"Inject Mutagens","damage_taken":0,"relics_obtained":["MutagenicStrength"],"max_hp_gain":0,"max_hp_loss":0,"event_name":"Drug Dealer","floor":31,"gold_loss":0},{"total_magic_score":86,"gold_gain":0,"duelist":true,"damage_taken":0,"relics_obtained":[],"points":15,"max_hp_gain":0,"max_hp_loss":0,"spent_points":{"magic":0,"greed":0,"war":0,"power":0,"hunger":0},"event_name":"Nameless Tomb","floor":36,"gold_loss":0,"cards_obtained":[]},{"damage_healed":0,"gold_gain":0,"player_choice":"Rummage","damage_taken":0,"relics_obtained":["WarpedTongs"],"max_hp_gain":0,"max_hp_loss":0,"event_name":"Accursed Blacksmith","floor":37,"gold_loss":0,"cards_obtained":["Pain"]},{"damage_healed":0,"gold_gain":0,"player_choice":"Succumb - +25HP/Cursed Relic","duelist":true,"damage_taken":0,"max_hp_gain":0,"max_hp_loss":0,"event_name":"Tomb of the Nameless","floor":45,"gold_loss":0},{"damage_healed":0,"gold_gain":0,"player_choice":"Purchased Forbidden Lance for 76 Gold.","duelist":true,"damage_taken":0,"max_hp_gain":0,"max_hp_loss":0,"event_name":"Card Trader","floor":46,"gold_loss":0}],"is_beta":false,"boss_relics":[{"not_picked":["Runic Pyramid","Coffee Dripper"],"picked":"Ectoplasm"},{"not_picked":["Inserter","SacredBark"],"picked":"theDuelist:HauntedRelic"}],"items_purged_floors":[],"is_endless":false,"potions_floor_spawned":[4,11,13,24,27,28,39,41,44],"killed_by":"Giant Head","ascension_level":0}}