{"host":"msepye59htvs4aw4","time":1608235871,"event":{"mods":["BaseMod","Colored Map","DeckTracker","Highlight Path","Minty Spire (QoL Compilation)","Shop Mod","StSLib","SuperFastMode"],"gold_per_floor":[16,16,33,47,65,65,100,100,100,18,18,18,18,28,28,99,99,118,132,132,12,12,12,27,55,55,82,94,44,57,71,71,71,71],"floor_reached":33,"playtime":1031,"items_purged":["Regret"],"score":432,"play_id":"5d755189-700f-4dc4-b015-166ed5cf5895","local_time":"20201217211111","is_ascension_mode":true,"campfire_choices":[{"data":"Footwork","floor":6,"key":"SMITH"},{"floor":8,"key":"REST"},{"floor":12,"key":"REST"},{"data":"Predator","floor":15,"key":"SMITH"},{"data":"Dodge and Roll","floor":23,"key":"SMITH"},{"floor":32,"key":"REST"}],"circlet_count":0,"master_deck":["AscendersBane","Strike_G+1","Strike_G+1","Strike_G+1","Strike_G+1","Strike_G+1","Defend_G+1","Defend_G+1","Defend_G+1","Defend_G+1","Defend_G+1","Survivor","Neutralize","Apotheosis+1","Predator+1","Footwork+1","Catalyst","Backflip","Glass Knife","Backstab","Leg Sweep","Dodge and Roll+1","Crippling Poison","Well Laid Plans","Clumsy"],"relics":["Ring of the Snake","Potion Belt","Vajra","Eternal Feather","Cursed Key","Red Mask","Darkstone Periapt","Smiling Mask"],"acts_visited":["Exordium","TheCity"],"potions_floor_usage":[5,7,16,25,33],"damage_taken":[{"damage":0,"enemies":"2 Louse","floor":1,"turns":3},{"damage":0,"enemies":"Small Slimes","floor":3,"turns":3},{"damage":0,"enemies":"Jaw Worm","floor":4,"turns":3},{"damage":0,"enemies":"2 Fungi Beasts","floor":5,"turns":3},{"damage":20,"enemies":"3 Sentries","floor":7,"turns":11},{"damage":9,"enemies":"Large Slime","floor":14,"turns":6},{"damage":25,"enemies":"The Guardian","floor":16,"turns":15},{"damage":3,"enemies":"2 Thieves","floor":18,"turns":5},{"damage":3,"enemies":"Shell Parasite","floor":19,"turns":4},{"damage":0,"enemies":"Snecko","floor":24,"turns":5},{"damage":22,"enemies":"Masked Bandits","floor":25,"turns":6},{"damage":4,"enemies":"Centurion and Healer","floor":28,"turns":8},{"damage":13,"enemies":"Shelled Parasite and Fungi","floor":30,"turns":6},{"damage":14,"enemies":"Snake Plant","floor":31,"turns":5},{"damage":69,"enemies":"Champ","floor":33,"turns":13}],"seed_played":"-5347034811804167746","potions_obtained":[{"floor":1,"key":"Dexterity Potion"},{"floor":3,"key":"GamblersBrew"},{"floor":4,"key":"DistilledChaos"},{"floor":14,"key":"DuplicationPotion"},{"floor":24,"key":"Strength Potion"},{"floor":28,"key":"SpeedPotion"}],"is_trial":false,"path_per_floor":["M","?","M","M","M","R","E","R","T","$","?","R","T","M","R","B",null,"M","M","?","$","?","R","M","?","T","T","M","$","M","M","R","B"],"character_chosen":"THE_SILENT","items_purchased":["Catalyst","Leg Sweep","Dodge and Roll"],"campfire_rested":3,"item_purchase_floors":[10,21,21],"current_hp_per_floor":[59,59,59,59,59,59,39,58,58,58,63,71,71,62,71,46,65,62,59,71,71,71,71,71,49,49,55,51,51,38,24,62,0,0],"gold":71,"neow_bonus":"RANDOM_COLORLESS_2","is_daily":false,"chose_seed":false,"campfire_upgraded":3,"win_rate":0.0,"timestamp":1608235871,"path_taken":["M","?","M","M","M","R","E","R","T","$","?","R","?","M","R","BOSS","M","M","?","$","?","R","M","?","T","?","M","?","?","M","R","BOSS"],"items_purchased_type":["Card","Card","Card"],"build_version":"2020-12-13","purchased_purges":1,"victory":false,"max_hp_per_floor":[66,66,66,66,66,66,66,66,66,66,71,71,71,71,71,71,71,71,71,71,71,71,71,71,71,71,77,77,77,77,77,77,77,77],"card_choices":[{"not_picked":["Transmutation","Panache"],"picked":"Apotheosis","floor":0},{"not_picked":["Choke","Slice"],"picked":"Predator","floor":1},{"not_picked":["Cloak And Dagger","Underhanded Strike","Masterful Stab"],"picked":"SKIP","floor":3},{"not_picked":["Deflect","Dodge and Roll"],"picked":"Footwork","floor":4},{"not_picked":["Acrobatics","Choke","Heel Hook"],"picked":"SKIP","floor":5},{"not_picked":["Tactician","Caltrops","Underhanded Strike"],"picked":"SKIP","floor":7},{"not_picked":["Setup","Deflect"],"picked":"Backflip","floor":14},{"not_picked":["Storm of Steel","Night Terror"],"picked":"Glass Knife","floor":16},{"not_picked":["Dagger Spray","Calculated Gamble+1"],"picked":"Backstab","floor":18},{"not_picked":["Flechettes","Outmaneuver","Cloak And Dagger"],"picked":"SKIP","floor":19},{"not_picked":["Flying Knee","Outmaneuver"],"picked":"Crippling Poison","floor":24},{"not_picked":["Calculated Gamble+1","Dagger Throw"],"picked":"Well Laid Plans","floor":25},{"not_picked":["Bane","Infinite Blades","Outmaneuver"],"picked":"SKIP","floor":28},{"not_picked":["Cloak And Dagger","Eviscerate","Underhanded Strike"],"picked":"SKIP","floor":30},{"not_picked":["Infinite Blades","Prepared","Bane"],"picked":"SKIP","floor":31}],"player_experience":1598234,"relics_obtained":[{"floor":7,"key":"Potion Belt"},{"floor":9,"key":"Vajra"},{"floor":13,"key":"Eternal Feather"},{"floor":25,"key":"Red Mask"},{"floor":26,"key":"Darkstone Periapt"},{"floor":27,"key":"Smiling Mask"}],"event_choices":[{"damage_healed":0,"gold_gain":0,"player_choice":"Grow","damage_taken":0,"max_hp_gain":0,"max_hp_loss":0,"event_name":"Living Wall","floor":2,"gold_loss":0,"cards_upgraded":["Apotheosis"]},{"damage_healed":0,"gold_gain":0,"player_choice":"Donut","damage_taken":0,"max_hp_gain":5,"max_hp_loss":0,"event_name":"Big Fish","floor":11,"gold_loss":0},{"damage_healed":14,"gold_gain":0,"player_choice":"Heal","damage_taken":0,"max_hp_gain":0,"max_hp_loss":0,"event_name":"The Library","floor":20,"gold_loss":0},{"damage_healed":0,"gold_gain":0,"player_choice":"Simplicity","damage_taken":0,"max_hp_gain":0,"max_hp_loss":0,"event_name":"Back to Basics","floor":22,"gold_loss":0,"cards_upgraded":["Strike_G","Strike_G","Strike_G","Strike_G","Strike_G","Defend_G","Defend_G","Defend_G","Defend_G","Defend_G"]},{"damage_healed":0,"gold_gain":0,"player_choice":"Fought Bandits","damage_taken":0,"max_hp_gain":0,"max_hp_loss":0,"event_name":"Masked Bandits","floor":25,"gold_loss":0}],"is_beta":false,"boss_relics":[{"not_picked":["Runic Dome","Black Star"],"picked":"Cursed Key"}],"items_purged_floors":[29],"is_endless":false,"potions_floor_spawned":[1,3,4,14,24,28],"killed_by":"Champ","ascension_level":15}}