{"host":"yecadp3kwkksam5a","time":1608220528,"event":{"mods":["BaseMod","Minty Spire (QoL Compilation)","StSLib","The Gatherer"],"gold_per_floor":[114,189,204,204,204,238,238,271,271,271,284,309,128,144,144,144,144],"floor_reached":16,"playtime":496,"items_purged":["Strike_R"],"score":165,"play_id":"8bf91a26-0a87-43ba-ad83-d0e28e332ebf","local_time":"20201218005528","is_ascension_mode":true,"campfire_choices":[{"data":"Bash","floor":7.0,"key":"SMITH"},{"data":"Seeing Red","floor":10.0,"key":"SMITH"},{"floor":15,"key":"RECALL"}],"circlet_count":0,"master_deck":["Defend_R","Defend_R","Defend_R","Defend_R","Bash+1","Rage+1","Dropkick+1","Headbutt+1","Seeing Red+1","Thunderclap","Dropkick+1"],"relics":["Astrolabe","PreservedInsect","Lantern","The Courier","Molten Egg 2","DollysMirror"],"acts_visited":["Exordium"],"potions_floor_usage":[12,14],"damage_taken":[{"damage":3.0,"enemies":"2 Louse","floor":1.0,"turns":4.0},{"damage":0.0,"enemies":"Small Slimes","floor":3.0,"turns":3.0},{"damage":5.0,"enemies":"Lagavulin","floor":6.0,"turns":5.0},{"damage":35.0,"enemies":"3 Sentries","floor":8.0,"turns":13.0},{"damage":0.0,"enemies":"Cultist","floor":11.0,"turns":2.0},{"damage":16,"enemies":"Gremlin Nob","floor":12,"turns":3},{"damage":10,"enemies":"2 Fungi Beasts","floor":14,"turns":3},{"damage":15,"enemies":"Hexaghost","floor":16,"turns":5}],"seed_played":"-8709676971158541365","potions_obtained":[{"floor":3.0,"key":"Strength Potion"},{"floor":8.0,"key":"BloodPotion"},{"floor":12,"key":"DistilledChaos"}],"is_trial":false,"path_per_floor":["M","?","M","?","?","E","R","E","T","R","M","E","$","M","R","B"],"character_chosen":"IRONCLAD","items_purchased":["DollysMirror"],"campfire_rested":0,"item_purchase_floors":[13],"current_hp_per_floor":[69,58,58,63,63,58,58,23,23,23,23,7,7,14,14,0,0],"gold":144,"neow_bonus":"BOSS_RELIC","is_daily":false,"chose_seed":true,"campfire_upgraded":2,"win_rate":0.0,"timestamp":1608220528,"path_taken":["M","?","M","?","?","E","R","E","T","R","M","E","$","M","R","BOSS"],"items_purchased_type":["Relic"],"build_version":"2020-12-13","purchased_purges":1,"victory":false,"max_hp_per_floor":[80,80,80,85,85,85,85,85,85,85,85,85,85,85,85,85,85],"card_choices":[{"not_picked":["Wild Strike","Clothesline"],"picked":"Seeing Red","floor":1.0},{"not_picked":["Burning Pact","Fire Breathing","Shrug It Off"],"picked":"SKIP","floor":3.0},{"not_picked":["Warcry","Searing Blow","Heavy Blade"],"picked":"SKIP","floor":6.0},{"not_picked":["Twin Strike","Clothesline","Body Slam"],"picked":"SKIP","floor":8.0},{"not_picked":["Dual Wield","Iron Wave"],"picked":"Thunderclap","floor":11.0},{"not_picked":["Reaper+1","Pommel Strike+1","Sword Boomerang+1"],"picked":"SKIP","floor":12},{"not_picked":["Wild Strike+1","Clothesline+1","Anger+1"],"picked":"SKIP","floor":14}],"player_experience":230051,"relics_obtained":[{"floor":6.0,"key":"PreservedInsect"},{"floor":8.0,"key":"Lantern"},{"floor":9.0,"key":"The Courier"},{"floor":12,"key":"Molten Egg 2"}],"event_choices":[{"damage_healed":0.0,"max_hp_gain":0.0,"max_hp_loss":0.0,"gold_gain":75.0,"event_name":"World of Goop","player_choice":"Gather Gold","floor":2.0,"gold_loss":0.0,"damage_taken":11.0},{"damage_healed":0.0,"max_hp_gain":5.0,"max_hp_loss":0.0,"gold_gain":0.0,"event_name":"Big Fish","player_choice":"Donut","floor":4.0,"gold_loss":0.0,"damage_taken":0.0},{"cards_removed":["Strike_R"],"damage_healed":0.0,"max_hp_gain":0.0,"max_hp_loss":0.0,"gold_gain":0.0,"event_name":"Bonfire Elementals","player_choice":"Offered Basic","floor":5.0,"gold_loss":0.0,"damage_taken":0.0}],"is_beta":false,"boss_relics":[],"items_purged_floors":[13],"is_endless":false,"potions_floor_spawned":[3,8,12],"killed_by":"Hexaghost","ascension_level":8}}