{"host":"rygf0m8z92bga31f","time":1608202841,"event":{"mods":["BaseMod","Bestiary","Colored Powertips","Filter the Spire","Minty Spire (QoL Compilation)","Rare Cards Sparkle","Relic Stats","StSLib","Waifu the Spire"],"gold_per_floor":[116,134,309,3,3,38,69,102,127,161,174,174,200,275,275,376,376,331,331,331,331,331,331,331,331,331,25,25,25,25,25,25,25,25,25,25,25,25,0,0,0,0,0,0,0,0,0,0,0,0],"floor_reached":51,"playtime":1983,"items_purged":["Doubt"],"score":1151,"play_id":"d2c823db-0cd5-404e-a687-084038acdfc9","local_time":"20201217130041","daily_mods":["SealedDeck","Flight","Lethality"],"is_ascension_mode":true,"campfire_choices":[{"data":"Defragment","floor":12,"key":"SMITH"},{"data":"Loop","floor":15,"key":"SMITH"},{"data":"Loop","floor":29,"key":"SMITH"},{"data":"Capacitor","floor":30,"key":"SMITH"},{"data":"Seek","floor":32,"key":"SMITH"},{"floor":44,"key":"REST"},{"data":"Creative AI","floor":45,"key":"SMITH"},{"data":"Coolheaded","floor":46,"key":"SMITH"},{"data":"Echo Form","floor":49,"key":"SMITH"}],"circlet_count":0,"master_deck":["Conserve Battery","Hologram","Cold Snap","Ball Lightning","Sunder","Coolheaded","Barrage","Defragment+1","Undo","FTL","White Noise","Capacitor+1","Force Field+1","Glacier+1","Loop+1","Creative AI+1","Loop+1","Seek+1","Defragment+1","Reinforced Body+1","Storm+1","Echo Form+1","Coolheaded+1","Barrage+1","Electrodynamics","Coolheaded+1","Leap+1","Go for the Eyes+1","Doom and Gloom+1"],"relics":["Cracked Core","Vajra","Potion Belt","Bronze Scales","Torii","War Paint","MealTicket","Tiny Chest","Ectoplasm","Lantern","Smiling Mask","Boot","Oddly Smooth Stone","Molten Egg 2","DataDisk","Anchor","Ancient Tea Set","Black Star","Ginger","Centennial Puzzle","Red Mask","CeramicFish","Strawberry","Sundial","Dream Catcher","Happy Flower","The Courier","Darkstone Periapt","Du-Vu Doll","Question Card","Orichalcum","StoneCalendar"],"acts_visited":["Exordium","TheCity","TheBeyond"],"potions_floor_usage":[18,18,24,25,50,50,50],"damage_taken":[{"damage":0,"enemies":"Jaw Worm","floor":1,"turns":2},{"damage":0,"enemies":"Cultist","floor":2,"turns":3},{"damage":6,"enemies":"Lagavulin","floor":6,"turns":5},{"damage":17,"enemies":"3 Sentries","floor":7,"turns":5},{"damage":19,"enemies":"Gremlin Nob","floor":8,"turns":4},{"damage":0,"enemies":"Lagavulin","floor":10,"turns":6},{"damage":0,"enemies":"2 Louse","floor":11,"turns":2},{"damage":1,"enemies":"3 Sentries","floor":13,"turns":5},{"damage":0,"enemies":"Hexaghost","floor":16,"turns":7},{"damage":6,"enemies":"2 Thieves","floor":18,"turns":3},{"damage":0,"enemies":"Spheric Guardian","floor":20,"turns":3},{"damage":0,"enemies":"Snecko","floor":21,"turns":3},{"damage":10,"enemies":"Book of Stabbing","floor":23,"turns":7},{"damage":18,"enemies":"Gremlin Leader","floor":24,"turns":6},{"damage":9,"enemies":"Slavers","floor":25,"turns":6},{"damage":1,"enemies":"Gremlin Leader","floor":31,"turns":6},{"damage":1,"enemies":"Champ","floor":33,"turns":6},{"damage":1,"enemies":"3 Darklings","floor":35,"turns":4},{"damage":0,"enemies":"Orb Walker","floor":36,"turns":3},{"damage":23,"enemies":"2 Orb Walkers","floor":37,"turns":4},{"damage":9,"enemies":"Giant Head","floor":40,"turns":7},{"damage":0,"enemies":"Nemesis","floor":41,"turns":5},{"damage":24,"enemies":"Reptomancer","floor":42,"turns":5},{"damage":0,"enemies":"Nemesis","floor":47,"turns":6},{"damage":0,"enemies":"Giant Head","floor":48,"turns":7},{"damage":21,"enemies":"Time Eater","floor":50,"turns":7}],"seed_played":"-9539614184067028","potions_obtained":[{"floor":2,"key":"EssenceOfDarkness"},{"floor":8,"key":"Fire Potion"},{"floor":11,"key":"LiquidMemories"},{"floor":13,"key":"FearPotion"},{"floor":16,"key":"SteroidPotion"},{"floor":18,"key":"Weak Potion"},{"floor":21,"key":"PowerPotion"},{"floor":31,"key":"SpeedPotion"},{"floor":33,"key":"Fire Potion"},{"floor":36,"key":"AttackPotion"},{"floor":42,"key":"Weak Potion"},{"floor":47,"key":"Dexterity Potion"}],"is_trial":true,"path_per_floor":["M","M","?","$","?","E","E","E","T","E","M","R","E","?","R","B",null,"M","?","M","M","T","E","E","E","T","$","?","R","R","E","R","B",null,"M","M","?","T","?","E","E","E","T","R","R","R","E","E","R","B",null],"character_chosen":"DEFECT","items_purchased":["Vajra","Capacitor","DataDisk","Anchor"],"campfire_rested":1,"item_purchase_floors":[4,4,27,27],"current_hp_per_floor":[75,75,75,75,75,69,52,33,33,33,33,33,32,21,21,21,75,69,69,69,69,69,59,41,32,32,47,47,47,47,46,46,45,75,74,74,51,51,51,49,49,25,25,49,49,49,49,49,49,28],"gold":0,"neow_bonus":"","is_daily":false,"chose_seed":false,"campfire_upgraded":8,"win_rate":0.0,"timestamp":1608202841,"path_taken":["M","M","?","$","?","E","E","E","T","E","?","R","E","?","R","BOSS","M","?","M","?","?","E","E","E","T","$","?","R","R","E","R","BOSS","M","?","?","?","?","E","E","E","T","R","R","R","E","E","R","BOSS"],"items_purchased_type":["Relic","Card","Relic","Relic"],"build_version":"2020-12-13","purchased_purges":1,"victory":true,"max_hp_per_floor":[75,75,75,75,75,75,75,75,75,75,75,75,75,75,75,75,75,75,75,75,75,75,75,75,75,75,75,75,75,75,75,75,75,75,75,75,75,75,75,82,82,82,82,82,82,82,82,82,82,82],"relic_stats":{"Darkstone Periapt":0,"Torii":14,"Happy Flower":[6],"counters":[26,126],"CeramicFish":0,"StoneCalendar":[52],"Ginger":[5],"War Paint":["Glacier","Force Field"],"Orichalcum":[0],"Smiling Mask":0,"Boot":[30],"Question Card":1,"Centennial Puzzle":[9],"Dream Catcher":1,"Sundial":[2],"Bronze Scales":[352],"MealTicket":15,"Tiny Chest":2,"Ectoplasm":637,"Black Star":5,"obtain_stats":[{"Darkstone Periapt":43,"Lantern":22,"Torii":8,"CeramicFish":40,"Vajra":4,"StoneCalendar":48,"Ginger":37,"Smiling Mask":23,"Boot":24,"Ancient Tea Set":31,"Centennial Puzzle":38,"Dream Catcher":41,"Sundial":41,"Strawberry":40,"MealTicket":10,"Tiny Chest":13,"Red Mask":39,"Cracked Core":0,"Potion Belt":6,"Happy Flower":42,"Oddly Smooth Stone":25,"The Courier":42,"War Paint":9,"Orichalcum":48,"Question Card":47,"Du-Vu Doll":47,"DataDisk":27,"Anchor":27,"Bronze Scales":7,"Molten Egg 2":26,"Ectoplasm":17,"Black Star":34},{"Darkstone Periapt":23,"Lantern":12,"Torii":5,"CeramicFish":21,"Vajra":2,"StoneCalendar":25,"Ginger":20,"Smiling Mask":13,"Boot":14,"Ancient Tea Set":16,"Centennial Puzzle":20,"Dream Catcher":22,"Sundial":22,"Strawberry":21,"MealTicket":6,"Tiny Chest":8,"Red Mask":20,"Cracked Core":0,"Potion Belt":3,"Happy Flower":23,"Oddly Smooth Stone":15,"The Courier":23,"War Paint":5,"Orichalcum":25,"Question Card":24,"Du-Vu Doll":24,"DataDisk":15,"Anchor":15,"Bronze Scales":4,"Molten Egg 2":15,"Ectoplasm":9,"Black Star":17},{"Darkstone Periapt":106,"Lantern":48,"Torii":19,"CeramicFish":96,"Vajra":5,"StoneCalendar":119,"Ginger":90,"Smiling Mask":55,"Boot":61,"Ancient Tea Set":73,"Centennial Puzzle":90,"Dream Catcher":101,"Sundial":101,"Strawberry":96,"MealTicket":25,"Tiny Chest":32,"Red Mask":90,"Cracked Core":0,"Potion Belt":10,"Happy Flower":106,"Oddly Smooth Stone":67,"The Courier":106,"War Paint":19,"Orichalcum":119,"Question Card":112,"Du-Vu Doll":112,"DataDisk":67,"Anchor":67,"Bronze Scales":15,"Molten Egg 2":67,"Ectoplasm":39,"Black Star":79}]},"card_choices":[{"not_picked":["Compile Driver","Melter"],"picked":"FTL","floor":1},{"not_picked":["Beam Cell","Steam"],"picked":"White Noise","floor":2},{"not_picked":["Redo","Steam Power","Melter"],"picked":"SKIP","floor":6},{"not_picked":["Self Repair","Skim"],"picked":"Glacier","floor":7},{"not_picked":["Multi-Cast","Sunder"],"picked":"Loop","floor":8},{"not_picked":["Redo","Coolheaded","Lockon"],"picked":"SKIP","floor":10},{"not_picked":["Buffer","Meteor Strike"],"picked":"Creative AI","floor":16},{"not_picked":["Streamline","Sunder+1","Compile Driver+1"],"picked":"SKIP","floor":18},{"not_picked":["Aggregate","Hologram+1","Blizzard+1"],"picked":"SKIP","floor":20},{"not_picked":["Cold Snap","Sweeping Beam"],"picked":"Loop","floor":21},{"not_picked":["Force Field","Heatsinks"],"picked":"Seek","floor":23},{"not_picked":["Cold Snap","Gash"],"picked":"Defragment+1","floor":24},{"not_picked":["Sweeping Beam","Steam Power"],"picked":"Reinforced Body+1","floor":25},{"not_picked":["Sunder+1","Reinforced Body"],"picked":"Storm+1","floor":31},{"not_picked":["Reboot","Seek"],"picked":"Echo Form","floor":33},{"not_picked":["Barrage+1","Leap+1"],"picked":"Coolheaded","floor":35},{"not_picked":["Steam+1","Hello World+1","Lockon+1"],"picked":"SKIP","floor":36},{"not_picked":["Steam+1","Hello World+1","Lockon+1"],"picked":"SKIP","floor":36},{"not_picked":["Turbo","FTL+1"],"picked":"Barrage+1","floor":40},{"not_picked":["Beam Cell+1","Skim"],"picked":"Electrodynamics","floor":41},{"not_picked":["Tempest+1","Redo+1"],"picked":"Coolheaded+1","floor":42},{"not_picked":["Rebound+1","Hello World+1"],"picked":"Leap+1","floor":44},{"not_picked":["Undo","Ball Lightning+1"],"picked":"Go for the Eyes+1","floor":47},{"not_picked":["Rebound+1","Ball Lightning+1","White Noise"],"picked":"Doom and Gloom+1","floor":48}],"player_experience":1818893,"relics_obtained":[{"floor":6,"key":"Potion Belt"},{"floor":7,"key":"Bronze Scales"},{"floor":8,"key":"Torii"},{"floor":9,"key":"War Paint"},{"floor":10,"key":"MealTicket"},{"floor":13,"key":"Tiny Chest"},{"floor":22,"key":"Lantern"},{"floor":23,"key":"Smiling Mask"},{"floor":24,"key":"Boot"},{"floor":25,"key":"Oddly Smooth Stone"},{"floor":26,"key":"Molten Egg 2"},{"floor":31,"key":"Ancient Tea Set"},{"floor":37,"key":"Ginger"},{"floor":38,"key":"Centennial Puzzle"},{"floor":40,"key":"CeramicFish"},{"floor":40,"key":"Strawberry"},{"floor":41,"key":"Sundial"},{"floor":41,"key":"Dream Catcher"},{"floor":42,"key":"Happy Flower"},{"floor":42,"key":"The Courier"},{"floor":43,"key":"Darkstone Periapt"},{"floor":47,"key":"Du-Vu Doll"},{"floor":47,"key":"Question Card"},{"floor":48,"key":"Orichalcum"},{"floor":48,"key":"StoneCalendar"}],"event_choices":[{"damage_healed":0,"gold_gain":175,"player_choice":"AGREE","damage_taken":0,"max_hp_gain":0,"max_hp_loss":0,"event_name":"Liars Game","floor":3,"gold_loss":0,"cards_obtained":["Doubt"]},{"damage_healed":0,"gold_gain":0,"cards_transformed":["Gash"],"player_choice":"Transformed","damage_taken":0,"max_hp_gain":0,"max_hp_loss":0,"event_name":"Transmorgrifier","floor":5,"gold_loss":0,"cards_obtained":["Force Field"]},{"damage_healed":0,"gold_gain":75,"player_choice":"Gather Gold","damage_taken":11,"max_hp_gain":0,"max_hp_loss":0,"event_name":"World of Goop","floor":14,"gold_loss":0},{"damage_healed":0,"gold_gain":0,"player_choice":"Ignored","damage_taken":0,"max_hp_gain":0,"max_hp_loss":0,"event_name":"Purifier","floor":19,"gold_loss":0},{"damage_healed":0,"gold_gain":0,"player_choice":"Ignored","damage_taken":0,"max_hp_gain":0,"max_hp_loss":0,"event_name":"Transmorgrifier","floor":28,"gold_loss":0},{"damage_healed":0,"gold_gain":0,"player_choice":"Fight","damage_taken":0,"max_hp_gain":0,"max_hp_loss":0,"event_name":"Mysterious Sphere","floor":37,"gold_loss":0},{"damage_healed":0,"gold_gain":0,"player_choice":"Paid","damage_taken":0,"relics_obtained":["Red Mask"],"max_hp_gain":0,"max_hp_loss":0,"event_name":"Tomb of Lord Red Mask","floor":39,"gold_loss":25}],"is_beta":false,"boss_relics":[{"not_picked":["Philosopher\u0027s Stone","Astrolabe"],"picked":"Ectoplasm"},{"not_picked":["Coffee Dripper","Sozu"],"picked":"Black Star"}],"items_purged_floors":[4],"is_endless":false,"potions_floor_spawned":[2,8,11,13,16,18,21,31,33,36,42,47],"ascension_level":1}}