{"host":"dth8fvkfiulu86fi","time":1608205333,"event":{"mods":["2.2 Compatiblity","AchievementEnabler","BaseMod","Better Third Choice","Colored Map","Colored Powertips","Minty Spire (QoL Compilation)","Rare Cards Sparkle","StSLib","SuperFastMode","Synergy Search"],"gold_per_floor":[114,114,129,204,8,8,23,38,38,38,38,38,3,33,33,33,33],"floor_reached":16,"playtime":340,"items_purged":[],"score":148,"play_id":"d6c37c13-24fc-4d4c-b7dc-d615f2d2adb9","local_time":"20201217124213","daily_mods":["Specialized","Flight","Lethality"],"is_ascension_mode":false,"campfire_choices":[{"data":"White Noise","floor":6.0,"key":"SMITH"},{"data":"White Noise","floor":11.0,"key":"SMITH"},{"data":"White Noise","floor":12.0,"key":"SMITH"},{"floor":15.0,"key":"REST"}],"circlet_count":0,"master_deck":["Strike_B","Strike_B","Strike_B","Strike_B","Defend_B","Defend_B","Defend_B","Defend_B","Zap","Dualcast","White Noise","White Noise+1","White Noise+1","White Noise+1","Good Instincts","FTL","Turbo"],"relics":["Cracked Core","Pear","Strawberry"],"acts_visited":["Exordium"],"potions_floor_usage":[16],"damage_taken":[{"damage":9.0,"enemies":"Cultist","floor":1.0,"turns":3.0},{"damage":11.0,"enemies":"2 Louse","floor":3.0,"turns":3.0},{"damage":8.0,"enemies":"Jaw Worm","floor":7.0,"turns":2.0},{"damage":9.0,"enemies":"2 Fungi Beasts","floor":8.0,"turns":2.0},{"damage":21.0,"enemies":"3 Sentries","floor":14.0,"turns":5.0},{"damage":72,"enemies":"Hexaghost","floor":16,"turns":7}],"seed_played":"-4230686447748436371","potions_obtained":[{"floor":7.0,"key":"FearPotion"},{"floor":8.0,"key":"Block Potion"}],"is_trial":false,"path_per_floor":["M","?","M","?","$","R","M","M","T","$","R","R","?","E","R","B"],"character_chosen":"DEFECT","items_purchased":["Good Instincts","FTL","Turbo"],"campfire_rested":1,"item_purchase_floors":[5,5,5],"current_hp_per_floor":[66,66,55,44,44,44,36,27,37,37,37,37,58,44,71,0,0],"gold":33,"neow_bonus":"","is_daily":true,"chose_seed":false,"campfire_upgraded":3,"win_rate":0.0,"timestamp":1608205333,"path_taken":["M","?","M","?","$","R","M","M","T","?","R","R","?","E","R","BOSS"],"items_purchased_type":["Card","Card","Card"],"build_version":"2020-12-13","purchased_purges":0,"victory":false,"max_hp_per_floor":[75,75,75,75,75,75,75,75,85,85,85,85,85,92,92,92,92],"card_choices":[{"not_picked":["Redo","Self Repair","Ball Lightning"],"picked":"SKIP","floor":1.0},{"not_picked":["Barrage","Blizzard","Storm"],"picked":"SKIP","floor":3.0},{"not_picked":["Genetic Algorithm","Auto Shields","Reinforced Body"],"picked":"SKIP","floor":7.0},{"not_picked":["Beam Cell","Steam","Chaos"],"picked":"SKIP","floor":8.0},{"not_picked":["Tempest","Self Repair","Recycle"],"picked":"SKIP","floor":14.0}],"player_experience":1108944,"relics_obtained":[{"floor":9.0,"key":"Pear"},{"floor":14.0,"key":"Strawberry"}],"event_choices":[{"cards_removed":["White Noise"],"damage_healed":0.0,"max_hp_gain":0.0,"max_hp_loss":0.0,"gold_gain":0.0,"event_name":"Living Wall","player_choice":"Forget","floor":2.0,"gold_loss":0.0,"damage_taken":0.0},{"damage_healed":0.0,"max_hp_gain":0.0,"max_hp_loss":0.0,"gold_gain":75.0,"event_name":"betterThird:BetterGoop","player_choice":"Gold","floor":4.0,"gold_loss":0.0,"damage_taken":11.0},{"damage_healed":21.0,"max_hp_gain":0.0,"max_hp_loss":0.0,"gold_gain":0.0,"event_name":"The Cleric","player_choice":"Healed","floor":13.0,"gold_loss":35.0,"damage_taken":0.0}],"is_beta":false,"boss_relics":[],"items_purged_floors":[],"is_endless":false,"potions_floor_spawned":[7,8],"killed_by":"Hexaghost","ascension_level":0}}