{"host":"w3x3n9s6mrz4xpf0","time":1608208012,"event":{"mods":["BaseMod","Minty Spire (QoL Compilation)","StSLib","SuperFastMode"],"gold_per_floor":[112,123,123,137,137,137,157,170,170,170,199,209,134,146,146,217,217,235,235,251,271,271,271],"floor_reached":22,"playtime":727,"items_purged":["Strike_R"],"score":358,"play_id":"6297a001-12df-4005-9946-1f5efaf84f34","local_time":"20201217212652","is_ascension_mode":true,"campfire_choices":[{"data":"Feed","floor":6.0,"key":"SMITH"},{"data":"Armaments","floor":10.0,"key":"SMITH"},{"data":"Rampage","floor":15.0,"key":"SMITH"}],"circlet_count":0,"master_deck":["AscendersBane","Strike_R","Strike_R","Strike_R","Defend_R","Defend_R","Defend_R","Defend_R","Bash","Feed+1","Armaments+1","Rampage+1","Shrug It Off","Offering"],"relics":["Burning Blood","Magic Flower","Turnip","SacredBark","Enchiridion"],"acts_visited":["Exordium","TheCity"],"potions_floor_usage":[],"damage_taken":[{"damage":11.0,"enemies":"Jaw Worm","floor":1.0,"turns":4.0},{"damage":9.0,"enemies":"2 Louse","floor":2.0,"turns":3.0},{"damage":6.0,"enemies":"Cultist","floor":4.0,"turns":3.0},{"damage":13.0,"enemies":"Red Slaver","floor":7.0,"turns":3.0},{"damage":15.0,"enemies":"2 Fungi Beasts","floor":8.0,"turns":3.0},{"damage":40.0,"enemies":"Gremlin Nob","floor":11.0,"turns":5.0},{"damage":18.0,"enemies":"3 Louse","floor":12.0,"turns":5.0},{"damage":4.0,"enemies":"Looter","floor":14.0,"turns":3.0},{"damage":29.0,"enemies":"The Guardian","floor":16.0,"turns":12.0},{"damage":32.0,"enemies":"3 Byrds","floor":18.0,"turns":9.0},{"damage":16.0,"enemies":"2 Thieves","floor":20.0,"turns":4.0},{"damage":39.0,"enemies":"Snecko","floor":21.0,"turns":7.0},{"damage":22,"enemies":"Shelled Parasite and Fungi","floor":22,"turns":6}],"seed_played":"-4062230431763137998","potions_obtained":[{"floor":2.0,"key":"LiquidBronze"},{"floor":11.0,"key":"Strength Potion"},{"floor":16.0,"key":"SpeedPotion"}],"is_trial":false,"path_per_floor":["M","M","?","M","?","R","M","M","T","R","E","M","$","M","R","B",null,"M","?","M","M","M"],"character_chosen":"IRONCLAD","items_purchased":[],"campfire_rested":0,"item_purchase_floors":[],"current_hp_per_floor":[66,66,66,69,69,69,66,61,61,61,30,27,27,38,38,24,79,62,41,40,10,0,0],"gold":271,"neow_bonus":"THREE_RARE_CARDS","is_daily":false,"chose_seed":false,"campfire_upgraded":3,"win_rate":0.0,"timestamp":1608208012,"path_taken":["M","M","?","M","?","R","M","M","T","R","E","M","$","M","R","BOSS","M","?","M","M","M"],"items_purchased_type":[],"build_version":"2020-12-13","purchased_purges":1,"victory":false,"max_hp_per_floor":[71,74,74,77,77,77,81,85,85,85,85,89,89,93,93,97,97,101,101,105,105,109,109],"card_choices":[{"not_picked":["Limit Break","Exhume"],"picked":"Feed","floor":0.0},{"not_picked":["Cleave","Clothesline"],"picked":"Armaments","floor":1.0},{"not_picked":["Perfected Strike","Flex","True Grit"],"picked":"SKIP","floor":2.0},{"not_picked":["Dark Embrace","Twin Strike","Entrench"],"picked":"SKIP","floor":4.0},{"not_picked":["Perfected Strike","Feel No Pain"],"picked":"Rampage","floor":7.0},{"not_picked":["Thunderclap","Flex","Pummel"],"picked":"SKIP","floor":8.0},{"not_picked":["Flex","Anger","Seeing Red"],"picked":"SKIP","floor":11.0},{"not_picked":["Rampage","Body Slam"],"picked":"Shrug It Off","floor":12.0},{"not_picked":["Brutality","Reckless Charge","Warcry"],"picked":"SKIP","floor":14.0},{"not_picked":["Juggernaut","Corruption"],"picked":"Offering","floor":16.0},{"not_picked":["Perfected Strike","Warcry","Pommel Strike"],"picked":"SKIP","floor":18.0},{"not_picked":["Sword Boomerang+1","Entrench","Heavy Blade"],"picked":"SKIP","floor":20.0},{"not_picked":["Armaments","Dark Embrace","Warcry"],"picked":"SKIP","floor":21.0}],"player_experience":70088,"relics_obtained":[{"floor":9.0,"key":"Magic Flower"},{"floor":11.0,"key":"Turnip"},{"floor":19.0,"key":"Enchiridion"}],"event_choices":[{"damage_healed":0.0,"max_hp_gain":0.0,"max_hp_loss":0.0,"gold_gain":0.0,"event_name":"Liars Game","player_choice":"Ignored","floor":3.0,"gold_loss":0.0,"damage_taken":0.0},{"cards_removed":["Strike_R"],"damage_healed":0.0,"max_hp_gain":0.0,"max_hp_loss":0.0,"gold_gain":0.0,"event_name":"Living Wall","player_choice":"Forget","floor":5.0,"gold_loss":0.0,"damage_taken":0.0},{"damage_healed":0.0,"max_hp_gain":0.0,"max_hp_loss":0.0,"gold_gain":0.0,"event_name":"Cursed Tome","player_choice":"Obtained Book","floor":19.0,"gold_loss":0.0,"damage_taken":21.0}],"is_beta":false,"boss_relics":[{"not_picked":["Ectoplasm","Velvet Choker"],"picked":"SacredBark"}],"items_purged_floors":[13],"is_endless":false,"potions_floor_spawned":[2,11,12,14,16],"killed_by":"Shelled Parasite and Fungi","ascension_level":15}}