{"host":"a9gsz7kv8aebwp1f","time":1608211161,"event":{"mods":["AchievementEnabler","BaseMod","Minty Spire (QoL Compilation)"],"gold_per_floor":[365,365,377,377,377,377,389,389,436,453,453,64,84,102,102,199,199,214,19,19,31,47,47,59,92,92,92,92,40,40,60,60,60,60],"floor_reached":33,"playtime":1153,"items_purged":["Regret"],"score":398,"play_id":"4a2cfb92-7ff5-4080-ab0e-f63f663c538d","local_time":"20201217221921","is_ascension_mode":true,"campfire_choices":[{"data":"Bash","floor":6,"key":"SMITH"},{"data":"Heavy Blade","floor":8,"key":"SMITH"},{"data":"Perfected Strike","floor":11,"key":"SMITH"},{"floor":15,"key":"REST"},{"data":"Disarm","floor":23,"key":"SMITH"},{"data":"Spot Weakness","floor":27,"key":"SMITH"},{"floor":32,"key":"REST"}],"circlet_count":0,"master_deck":["Strike_R","Strike_R+1","Strike_R","Strike_R","Strike_R","Defend_R","Defend_R+1","Bash+1","Shrug It Off","Headbutt","Heavy Blade+1","Perfected Strike+1","Shrug It Off","Burning Pact","Wild Strike","Limit Break","Shrug It Off+1","Bloodletting+1","Spot Weakness+1","Disarm+1","Spot Weakness+1","Shrug It Off+1","Impervious","Shrug It Off","Heavy Blade"],"relics":["Burning Blood","Art of War","Vajra","Bag of Marbles","Toolbox","Astrolabe","ClockworkSouvenir","Strawberry","Shuriken","Self Forming Clay"],"acts_visited":["Exordium","TheCity"],"potions_floor_usage":[16,25,33],"damage_taken":[{"damage":3,"enemies":"Jaw Worm","floor":1,"turns":5},{"damage":0,"enemies":"2 Louse","floor":3,"turns":3},{"damage":3,"enemies":"Cultist","floor":7,"turns":2},{"damage":12,"enemies":"Red Slaver","floor":10,"turns":3},{"damage":8,"enemies":"Blue Slaver","floor":13,"turns":2},{"damage":18,"enemies":"Exordium Wildlife","floor":14,"turns":5},{"damage":48,"enemies":"Hexaghost","floor":16,"turns":9},{"damage":56,"enemies":"3 Byrds","floor":18,"turns":8},{"damage":0,"enemies":"Chosen","floor":21,"turns":4},{"damage":18,"enemies":"Snake Plant","floor":22,"turns":4},{"damage":25,"enemies":"Sentry and Sphere","floor":24,"turns":5},{"damage":7,"enemies":"Book of Stabbing","floor":25,"turns":4},{"damage":6,"enemies":"Cultist and Chosen","floor":31,"turns":5},{"damage":81,"enemies":"Collector","floor":33,"turns":8}],"seed_played":"2447441105948051458","potions_obtained":[{"floor":3,"key":"SkillPotion"},{"floor":7,"key":"Energy Potion"},{"floor":22,"key":"Weak Potion"},{"floor":31,"key":"ColorlessPotion"}],"is_trial":false,"path_per_floor":["M","?","M","?","?","R","M","R","T","M","R","$","M","M","R","B",null,"M","$","?","M","M","R","M","E","T","R","?","$","T","M","R","B"],"character_chosen":"IRONCLAD","items_purchased":["Shrug It Off","Toolbox","Burning Pact","Whirlwind","ClockworkSouvenir","Disarm","Shrug It Off"],"campfire_rested":2,"item_purchase_floors":[12,12,12,12,19,19,29],"current_hp_per_floor":[54,38,44,44,44,44,47,47,47,41,41,41,39,27,51,9,62,12,12,80,80,68,68,49,55,55,55,55,55,55,55,81,0,0],"gold":60,"neow_bonus":"TWO_FIFTY_GOLD","is_daily":false,"chose_seed":false,"campfire_upgraded":5,"win_rate":0.0,"timestamp":1608211161,"path_taken":["M","?","M","?","?","R","M","R","T","M","R","$","?","M","R","BOSS","M","$","?","M","?","R","M","E","T","R","?","?","?","M","R","BOSS"],"items_purchased_type":["Card","Relic","Card","Card","Relic","Card","Card"],"build_version":"2020-12-13","purchased_purges":1,"victory":false,"max_hp_per_floor":[80,80,80,80,80,80,80,80,80,80,80,80,80,80,80,80,80,80,80,80,80,80,80,80,87,87,87,87,87,87,87,87,87,87],"card_choices":[{"not_picked":["Anger","Infernal Blade"],"picked":"Shrug It Off","floor":1},{"not_picked":["Ghostly Armor","Twin Strike"],"picked":"Headbutt","floor":3},{"not_picked":["Flame Barrier","Wild Strike"],"picked":"Heavy Blade","floor":7},{"not_picked":["Metallicize","Sentinel"],"picked":"Perfected Strike","floor":10},{"not_picked":["Rupture","Dark Embrace","Entrench"],"picked":"SKIP","floor":13},{"not_picked":["Immolate","True Grit"],"picked":"Wild Strike","floor":14},{"not_picked":["Corruption","Offering"],"picked":"Limit Break","floor":16},{"not_picked":["Disarm","Shrug It Off"],"picked":"Spot Weakness","floor":18},{"not_picked":["Iron Wave+1","Second Wind"],"picked":"Spot Weakness+1","floor":21},{"not_picked":["Flex","Clash"],"picked":"Shrug It Off+1","floor":22},{"not_picked":["Cleave","Iron Wave+1"],"picked":"Impervious","floor":24},{"not_picked":["Barricade","Hemokinesis+1","Combust+1"],"picked":"SKIP","floor":25},{"not_picked":["Sword Boomerang","Pommel Strike"],"picked":"Heavy Blade","floor":31}],"player_experience":432311,"relics_obtained":[{"floor":9,"key":"Bag of Marbles"},{"floor":25,"key":"Strawberry"},{"floor":26,"key":"Shuriken"},{"floor":30,"key":"Self Forming Clay"}],"event_choices":[{"damage_healed":0,"gold_gain":0,"player_choice":"Entered Light","damage_taken":16,"max_hp_gain":0,"max_hp_loss":0,"event_name":"Shining Light","floor":2,"gold_loss":0,"cards_upgraded":["Defend_R","Strike_R"]},{"damage_healed":0,"gold_gain":0,"player_choice":"Box","damage_taken":0,"relics_obtained":["Art of War"],"max_hp_gain":0,"max_hp_loss":0,"event_name":"Big Fish","floor":4,"gold_loss":0,"cards_obtained":["Regret"]},{"damage_healed":0,"gold_gain":0,"player_choice":"Gave Potion","damage_taken":0,"relics_obtained":["Vajra"],"max_hp_gain":0,"max_hp_loss":0,"event_name":"WeMeetAgain","floor":5,"gold_loss":0},{"cards_removed":["Feel No Pain"],"damage_healed":68,"gold_gain":0,"player_choice":"Offered Uncommon","damage_taken":0,"max_hp_gain":0,"max_hp_loss":0,"event_name":"Bonfire Elementals","floor":20,"gold_loss":0},{"damage_healed":0,"gold_gain":0,"player_choice":"Ignored","damage_taken":0,"max_hp_gain":0,"max_hp_loss":0,"event_name":"Ghosts","floor":28,"gold_loss":0}],"is_beta":false,"boss_relics":[{"not_picked":["Busted Crown","Velvet Choker"],"picked":"Astrolabe"}],"items_purged_floors":[12],"is_endless":false,"potions_floor_spawned":[3,7,22,31],"killed_by":"Collector","ascension_level":9}}