{"host":"u2dm6glrpyjr66v9","time":1608190212,"event":{"mods":["AchievementEnabler","BaseMod","CapriCore","Colored Map","Colored Powertips","DeckTracker","Friendly Minions","KomeijiMod","Minty Spire (QoL Compilation)","Quick Restart","StSLib","SuperFastMode"],"gold_per_floor":[280,7,7,20,20,20,51,51,51,69,69,69,82,82,82,184,184,194,209,209,209,222,222,247,247,247,257,274,373,373,373,373],"floor_reached":31,"playtime":833,"items_purged":[],"score":303,"play_id":"8271adc7-cc1f-4bfc-a2c9-913a24fb524c","local_time":"20201217163012","is_ascension_mode":false,"campfire_choices":[{"data":"Absorbed","floor":6,"key":"SMITH"},{"floor":8,"key":"REST"},{"floor":15,"key":"REST"},{"floor":23,"key":"REST"},{"floor":25,"key":"REST"},{"floor":30,"key":"REST"}],"circlet_count":0,"master_deck":["Strike_Remiria","Strike_Remiria","Strike_Remiria","Strike_Remiria","Defend_Remirira","Defend_Remirira","Defend_Remirira","Defend_Remirira","Absorbed+1","Scratch","DoubleEdge+1","BloodPact+1","DoubleEdge","MiserableFate_Remiria","BloodCleaner","StigmaNizer+1","BathedInBlood","CurseofVladTepes+1","BloodCleaner","CurseofVladTepes","SeparateFleshBlood","StigmaNizer"],"relics":["ThirstyCrossSpe","Omamori","Mummified Hand","Dream Catcher","Bird Faced Urn","MutagenicStrength","Toy Ornithopter","Du-Vu Doll"],"acts_visited":["Exordium","TheCity"],"potions_floor_usage":[13,16,18,24,24,31],"damage_taken":[{"damage":5,"enemies":"Small Slimes","floor":1,"turns":3},{"damage":20,"enemies":"Jaw Worm","floor":4,"turns":4},{"damage":73,"enemies":"Lagavulin","floor":7,"turns":6},{"damage":0,"enemies":"2 Louse","floor":10,"turns":2},{"damage":13,"enemies":"Blue Slaver","floor":13,"turns":4},{"damage":0,"enemies":"Slime Boss","floor":16,"turns":7},{"damage":46,"enemies":"2 Thieves","floor":18,"turns":4},{"damage":25,"enemies":"3 Byrds","floor":19,"turns":4},{"damage":38,"enemies":"Cultist and Chosen","floor":22,"turns":4},{"damage":49,"enemies":"Slavers","floor":24,"turns":4},{"damage":36,"enemies":"3 Cultists","floor":27,"turns":4},{"damage":0,"enemies":"Snake Plant","floor":28,"turns":4},{"damage":63,"enemies":"Gremlin Leader","floor":31,"turns":5}],"seed_played":"4933235648377644729","potions_obtained":[{"floor":4,"key":"BlessingOfTheForge"},{"floor":7,"key":"Regen Potion"},{"floor":13,"key":"Fire Potion"},{"floor":19,"key":"Energy Potion"},{"floor":22,"key":"SneckoOil"},{"floor":28,"key":"Weak Potion"}],"is_trial":false,"path_per_floor":["M","$","?","M","T","R","E","R","T","M","?","$","M","?","R","B",null,"M","M","?","?","M","R","E","R","T","M","M","?","R","E"],"character_chosen":"RemiriaScarlet","items_purchased":["Omamori","BloodPact","DoubleEdge"],"campfire_rested":5,"item_purchase_floors":[2,2,2],"current_hp_per_floor":[95,95,95,78,78,78,11,41,41,41,21,21,20,17,47,49,100,54,33,33,48,18,48,5,35,35,3,9,9,39,0,0],"gold":373,"neow_bonus":"HUNDRED_GOLD","is_daily":false,"chose_seed":false,"campfire_upgraded":1,"win_rate":0.0,"timestamp":1608190212,"path_taken":["M","$","?","M","?","R","E","R","T","M","?","?","M","?","R","BOSS","M","M","?","?","M","R","E","R","T","M","M","?","R","E"],"items_purchased_type":["Relic","Card","Card"],"build_version":"2020-12-13","purchased_purges":0,"victory":false,"max_hp_per_floor":[100,100,100,100,100,100,100,100,100,100,100,100,100,100,100,100,100,100,100,100,100,100,100,100,100,100,100,100,100,100,100,100],"card_choices":[{"not_picked":["Warpath","SeparateFleshBlood"],"picked":"DoubleEdge","floor":1},{"not_picked":["LifeBreak","TricksterDevil","TrickFate"],"picked":"SKIP","floor":4},{"not_picked":["DamonLordCradle_Remiria","DoubleEdge"],"picked":"MiserableFate_Remiria","floor":7},{"not_picked":["FateEnsemble","CruelSlaughter"],"picked":"BloodCleaner","floor":8},{"not_picked":["CombatMeter","DemonsDinnerFork_Remiria"],"picked":"StigmaNizer","floor":10},{"not_picked":["VampirishNight","CombatMeter","BodyStrengthen"],"picked":"SKIP","floor":13},{"not_picked":["Cripple+1","ThePrice"],"picked":"BathedInBlood","floor":18},{"not_picked":["Warpath+1","FastHealing","ScarletNetherworld"],"picked":"SKIP","floor":19},{"not_picked":["Feint","VampirishNight"],"picked":"CurseofVladTepes+1","floor":22},{"not_picked":["DamonLordCradle_Remiria","Paradox"],"picked":"BloodCleaner","floor":24},{"not_picked":["TricksterDevil","ScarletDestiny"],"picked":"CurseofVladTepes","floor":27},{"not_picked":["BloodCleaner","Offensive"],"picked":"SeparateFleshBlood","floor":28},{"not_picked":["PainBurst","Cripple"],"picked":"StigmaNizer","floor":30}],"player_experience":103061,"relics_obtained":[{"floor":5,"key":"Mummified Hand"},{"floor":7,"key":"Dream Catcher"},{"floor":24,"key":"Toy Ornithopter"},{"floor":26,"key":"Du-Vu Doll"}],"event_choices":[{"damage_healed":0,"gold_gain":0,"player_choice":"Grow","damage_taken":0,"max_hp_gain":0,"max_hp_loss":0,"event_name":"Living Wall","floor":3,"gold_loss":0,"cards_upgraded":["BloodPact"]},{"damage_healed":0,"gold_gain":0,"player_choice":"Entered Light","damage_taken":20,"max_hp_gain":0,"max_hp_loss":0,"event_name":"Shining Light","floor":11,"gold_loss":0,"cards_upgraded":["DoubleEdge","StigmaNizer"]},{"damage_healed":0,"gold_gain":0,"player_choice":"Success","damage_taken":3,"relics_obtained":["Bird Faced Urn"],"max_hp_gain":0,"max_hp_loss":0,"event_name":"Scrap Ooze","floor":14,"gold_loss":0},{"damage_healed":0,"gold_gain":0,"player_choice":"Inject Mutagens","damage_taken":0,"relics_obtained":["MutagenicStrength"],"max_hp_gain":0,"max_hp_loss":0,"event_name":"Drug Dealer","floor":20,"gold_loss":0},{"damage_healed":0,"gold_gain":99,"player_choice":"Stole From Cult","damage_taken":0,"max_hp_gain":0,"max_hp_loss":0,"event_name":"Nest","floor":29,"gold_loss":0}],"is_beta":false,"boss_relics":[{"not_picked":["Sozu","Runic Dome","Velvet Choker"]}],"items_purged_floors":[],"is_endless":false,"potions_floor_spawned":[4,7,13,19,22,28],"killed_by":"Gremlin Leader","ascension_level":0}}