{"host":"5bdt6s51dmpd4l3v","time":1608190050,"event":{"mods":["AchievementEnabler","BaseMod","Colored Map","Colored Powertips","Highlight Path","Minty Spire (QoL Compilation)","Rare Cards Sparkle","StSLib"],"gold_per_floor":[115,115,131,82,82,82,123,123,123,123,146,167,182,221,221,351,351,375,395,75,124,149,185,185,221,221,221,221,221,221,233,233,329,329,342,51,62,62,62],"floor_reached":38,"playtime":1177,"items_purged":[],"score":574,"play_id":"b5f53835-c249-4e66-8728-22fe7bb5b0d0","local_time":"20201217152730","is_ascension_mode":true,"campfire_choices":[{"data":"Bash","floor":6,"key":"SMITH"},{"floor":8,"key":"REST"},{"data":"Enlightenment","floor":10,"key":"SMITH"},{"data":"Flex","floor":15,"key":"SMITH"},{"data":"Limit Break","floor":24,"key":"SMITH"},{"floor":27,"key":"REST"},{"data":"Flex","floor":30,"key":"SMITH"},{"floor":32,"key":"REST"}],"circlet_count":0,"master_deck":["Strike_R","Strike_R","Strike_R","Strike_R","Strike_R","Defend_R","Defend_R","Defend_R","Bash+1","Enlightenment+1","Rage","Clash","Iron Wave","Intimidate","Headbutt","Cleave","Flex+1","Shockwave","Offering","Limit Break+1","Twin Strike","Bloodletting","Feed","Flex+1","Flex+1","Writhe","Anger+1","Seeing Red","Limit Break"],"relics":["Burning Blood","Bloody Idol","Bronze Scales","Blood Vial","Kunai","Runic Pyramid","Lee\u0027s Waffle","Orichalcum","Juzu Bracelet","Vajra","Strawberry","Boot","Black Star"],"acts_visited":["Exordium","TheCity","TheBeyond"],"potions_floor_usage":[7,14,16,18,22,25,33,33,33,33,38,38],"damage_taken":[{"damage":10,"enemies":"Small Slimes","floor":1,"turns":4},{"damage":12,"enemies":"Jaw Worm","floor":3,"turns":2},{"damage":15,"enemies":"Gremlin Nob","floor":7,"turns":3},{"damage":0,"enemies":"Cultist","floor":11,"turns":2},{"damage":5,"enemies":"Lots of Slimes","floor":12,"turns":3},{"damage":3,"enemies":"Looter","floor":13,"turns":3},{"damage":21,"enemies":"3 Sentries","floor":14,"turns":7},{"damage":36,"enemies":"Slime Boss","floor":16,"turns":9},{"damage":25,"enemies":"Spheric Guardian","floor":18,"turns":5},{"damage":11,"enemies":"2 Thieves","floor":19,"turns":3},{"damage":21,"enemies":"Snake Plant","floor":22,"turns":3},{"damage":25,"enemies":"Slavers","floor":23,"turns":4},{"damage":36,"enemies":"Book of Stabbing","floor":25,"turns":4},{"damage":37,"enemies":"Centurion and Healer","floor":31,"turns":4},{"damage":55,"enemies":"Champ","floor":33,"turns":6},{"damage":25,"enemies":"Orb Walker","floor":35,"turns":3},{"damage":27,"enemies":"3 Darklings","floor":37,"turns":5},{"damage":66,"enemies":"4 Shapes","floor":38,"turns":4}],"seed_played":"5059422988647403225","potions_obtained":[{"floor":3,"key":"Strength Potion"},{"floor":7,"key":"Weak Potion"},{"floor":11,"key":"Dexterity Potion"},{"floor":14,"key":"Fire Potion"},{"floor":19,"key":"DistilledChaos"},{"floor":23,"key":"DuplicationPotion"},{"floor":31,"key":"EntropicBrew"},{"floor":37,"key":"FearPotion"}],"is_trial":false,"path_per_floor":["M","?","M","$","?","R","E","R","T","R","M","M","M","E","R","B",null,"M","M","$","T","M","E","R","E","T","R","?","?","R","M","R","B",null,"M","$","M","M"],"character_chosen":"IRONCLAD","items_purchased":["Iron Wave","Feed","Flex","Lee\u0027s Waffle","Seeing Red","Limit Break","SteroidPotion"],"campfire_rested":3,"item_purchase_floors":[4,20,20,20,36,36,36],"current_hp_per_floor":[68,48,42,42,42,42,33,57,57,57,65,68,73,60,60,32,68,51,48,87,87,75,58,58,30,37,66,66,66,66,45,75,33,83,71,71,60,0,0],"gold":62,"neow_bonus":"RANDOM_COLORLESS","is_daily":false,"chose_seed":false,"campfire_upgraded":5,"win_rate":0.0,"timestamp":1608190050,"path_taken":["M","?","M","$","?","R","E","R","T","R","?","M","M","E","R","BOSS","M","M","$","?","M","E","R","E","T","R","?","?","R","M","R","BOSS","M","$","M","M"],"items_purchased_type":["Card","Card","Card","Relic","Card","Card","Potion"],"build_version":"2020-12-13","purchased_purges":0,"victory":false,"max_hp_per_floor":[80,80,80,80,80,80,80,80,80,80,80,80,80,80,80,80,80,80,80,87,87,90,90,90,90,97,97,97,97,97,100,100,100,100,100,100,103,103,103],"card_choices":[{"not_picked":["Finesse","Good Instincts"],"picked":"Enlightenment","floor":0},{"not_picked":["Burning Pact","Metallicize"],"picked":"Rage","floor":1},{"not_picked":["Thunderclap","Sever Soul"],"picked":"Clash","floor":3},{"not_picked":["Second Wind","Burning Pact"],"picked":"Headbutt","floor":7},{"not_picked":["Pommel Strike","Ghostly Armor"],"picked":"Cleave","floor":11},{"not_picked":["Pommel Strike","Exhume"],"picked":"Flex","floor":12},{"not_picked":["Dark Embrace","Pommel Strike"],"picked":"Shockwave","floor":13},{"not_picked":["Pummel","Immolate"],"picked":"Offering","floor":14},{"not_picked":["Impervious","Offering"],"picked":"Limit Break","floor":16},{"not_picked":["Shrug It Off+1","Body Slam"],"picked":"Twin Strike","floor":18},{"not_picked":["Anger","Clash"],"picked":"Bloodletting","floor":19},{"not_picked":["Anger","Clash"],"picked":"Flex+1","floor":22},{"not_picked":["Dual Wield","Headbutt","Bludgeon"],"picked":"SKIP","floor":23},{"not_picked":["Armaments","Havoc","Evolve+1"],"picked":"SKIP","floor":25},{"not_picked":["Reckless Charge","Headbutt","Flex"],"picked":"SKIP","floor":31},{"not_picked":["Intimidate","Entrench"],"picked":"Anger+1","floor":35},{"not_picked":["Thunderclap","True Grit+1","Iron Wave"],"picked":"SKIP","floor":37}],"player_experience":107942,"relics_obtained":[{"floor":7,"key":"Bronze Scales"},{"floor":9,"key":"Blood Vial"},{"floor":14,"key":"Kunai"},{"floor":21,"key":"Orichalcum"},{"floor":23,"key":"Juzu Bracelet"},{"floor":25,"key":"Vajra"},{"floor":26,"key":"Strawberry"}],"event_choices":[{"damage_healed":0,"gold_gain":0,"player_choice":"Take Damage","damage_taken":20,"relics_obtained":["Golden Idol"],"max_hp_gain":0,"max_hp_loss":0,"event_name":"Golden Idol","floor":2,"gold_loss":0},{"damage_healed":0,"gold_gain":0,"cards_transformed":["Defend_R"],"player_choice":"Transformed","damage_taken":0,"max_hp_gain":0,"max_hp_loss":0,"event_name":"Transmorgrifier","floor":5,"gold_loss":0,"cards_obtained":["Intimidate"]},{"damage_healed":0,"gold_gain":0,"player_choice":"Opened","damage_taken":0,"relics_obtained":["Boot"],"max_hp_gain":0,"max_hp_loss":0,"event_name":"The Mausoleum","floor":28,"gold_loss":0,"cards_obtained":["Writhe"]},{"damage_healed":0,"gold_gain":0,"player_choice":"Gave Idol","damage_taken":0,"relics_obtained":["Bloody Idol"],"max_hp_gain":0,"max_hp_loss":0,"event_name":"Forgotten Altar","floor":29,"relics_lost":["Golden Idol"],"gold_loss":0}],"is_beta":false,"boss_relics":[{"not_picked":["Runic Cube","Snecko Eye"],"picked":"Runic Pyramid"},{"not_picked":["Busted Crown","Fusion Hammer"],"picked":"Black Star"}],"items_purged_floors":[],"is_endless":false,"potions_floor_spawned":[3,7,11,14,19,23,31,37],"killed_by":"4 Shapes","ascension_level":6}}