{"host":"5o2n8gt0sn3szjgb","time":1608214926,"event":{"mods":["BaseMod","BetterRewards","Library of Ruina","Library of Ruina Extra","Minty Spire (QoL Compilation)","StSLib"],"gold_per_floor":[115,132,144,156,175,208,208,238,238,253,273,273,300,357,357,432,432,444,359,1079,1004,1021,1048,1048,1073,1073,1086,1099,1125,1139,1139,1139,1217,1217,1227,1227,1227,1246,1265,1290,1306,1306,1355,1390,1408,1423,1454,1465,1465,1465,1465,1465,1465,944,977,977],"floor_reached":57,"playtime":1106,"items_purged":["DegradedFairy","DegradedFairy"],"score":2762,"play_id":"7069c28b-d977-41d9-a3e0-f030001eb85e","local_time":"20201217222206","is_ascension_mode":true,"campfire_choices":[{"data":"DegradedShockwave","floor":7,"key":"SMITH"},{"data":"DegradedPillar","floor":12,"key":"SMITH"},{"data":"DegradedPillar","floor":15,"key":"SMITH"},{"data":"DegradedLock","floor":24,"key":"SMITH"},{"data":"DegradedChain","floor":32,"key":"SMITH"},{"data":"DegradedFairy","floor":42,"key":"SMITH"},{"floor":49,"key":"RECALL"},{"data":"SomberProcuration","floor":53,"key":"SMITH"}],"circlet_count":0,"master_deck":["AscendersBane","DegradedFairy+1","DegradedChain+1","DegradedLock+1","DegradedPillar+1","DegradedPillar+1","DegradedShockwave+1","SomberProcuration+1"],"relics":["PageOfLibrarian","PageOfMercenary","PageOfSpiderBud","Matryoshka","Gremlin Horn","PageOfGreed","Busted Crown","Ancient Tea Set","PageOfTheQueenOfHatred","PageOfTheKnightOfDespair","PageOfWrath","PageOfWrath","PageOfNihil","PageOfTheKnightOfDespair","Coffee Dripper","PageOfLaetitia","Akabeko","Shuriken","Potion Belt","PageOfTodaysShyLook","Nunchaku","Bag of Marbles"],"acts_visited":["Exordium","TheCity","TheBeyond","TheEnding"],"potions_floor_usage":[56,56,56],"damage_taken":[{"damage":0,"enemies":"Jaw Worm","floor":1,"turns":1},{"damage":0,"enemies":"Small Slimes","floor":2,"turns":2},{"damage":0,"enemies":"Cultist","floor":3,"turns":1},{"damage":0,"enemies":"Large Slime","floor":4,"turns":2},{"damage":0,"enemies":"Blue Slaver","floor":5,"turns":2},{"damage":4,"enemies":"3 Sentries","floor":6,"turns":3},{"damage":0,"enemies":"Gremlin Nob","floor":8,"turns":2},{"damage":0,"enemies":"Red Slaver","floor":10,"turns":1},{"damage":0,"enemies":"Gremlin Gang","floor":11,"turns":2},{"damage":0,"enemies":"Lagavulin","floor":13,"turns":2},{"damage":0,"enemies":"3 Sentries","floor":14,"turns":1},{"damage":7,"enemies":"The Guardian","floor":16,"turns":4},{"damage":0,"enemies":"Chosen","floor":18,"turns":1},{"damage":0,"enemies":"3 Byrds","floor":22,"turns":2},{"damage":3,"enemies":"Book of Stabbing","floor":23,"turns":3},{"damage":0,"enemies":"Slavers","floor":25,"turns":2},{"damage":22,"enemies":"Book of Stabbing","floor":27,"turns":6},{"damage":3,"enemies":"Chosen and Byrds","floor":28,"turns":2},{"damage":3,"enemies":"Book of Stabbing","floor":29,"turns":2},{"damage":0,"enemies":"Snecko","floor":30,"turns":2},{"damage":3,"enemies":"KingOfGreed","floor":33,"turns":5},{"damage":0,"enemies":"3 Shapes","floor":35,"turns":1},{"damage":0,"enemies":"3 Darklings","floor":38,"turns":2},{"damage":0,"enemies":"Writhing Mass","floor":39,"turns":2},{"damage":0,"enemies":"Nemesis","floor":40,"turns":3},{"damage":0,"enemies":"Maw","floor":41,"turns":3},{"damage":0,"enemies":"Giant Head","floor":44,"turns":3},{"damage":0,"enemies":"Sphere and 2 Shapes","floor":45,"turns":1},{"damage":0,"enemies":"Transient","floor":46,"turns":5},{"damage":0,"enemies":"Reptomancer","floor":47,"turns":2},{"damage":0,"enemies":"Writhing Mass","floor":48,"turns":2},{"damage":0,"enemies":"Time Eater","floor":50,"turns":3},{"damage":0,"enemies":"Shield and Spear","floor":55,"turns":2},{"damage":0,"enemies":"The Heart","floor":56,"turns":4}],"seed_played":"6000695884494640740","potions_obtained":[{"floor":1,"key":"Swift Potion"},{"floor":3,"key":"Fire Potion"},{"floor":33,"key":"CultistPotion"},{"floor":46,"key":"FairyPotion"},{"floor":55,"key":"Strength Potion"}],"is_trial":false,"path_per_floor":["M","M","M","M","M","E","R","E","T","M","M","R","E","?","R","B",null,"M","?","?","$","M","E","R","E","T","E","M","E","M","?","R","B",null,"M","?","?","M","M","E","M","R","T","E","M","M","E","M","R","B",null,null,"R","$","E","B",null],"character_chosen":"Librarian","items_purchased":["PageOfTodaysShyLook","Regen Potion","Weak Potion","Nunchaku"],"campfire_rested":0,"item_purchase_floors":[54,54,54,54],"current_hp_per_floor":[63,63,63,63,63,59,59,59,59,62,74,74,77,86,86,82,95,98,98,16,16,25,25,25,34,34,24,27,27,30,30,30,30,82,91,91,91,97,99,99,99,99,99,99,99,99,99,99,99,99,99,99,99,99,99,99],"gold":977,"neow_bonus":"TEN_PERCENT_HP_BONUS","is_daily":false,"chose_seed":false,"campfire_upgraded":7,"win_rate":0.0,"timestamp":1608214926,"path_taken":["M","M","M","M","M","E","R","E","T","M","M","R","E","?","R","BOSS","M","?","?","$","M","E","R","E","T","E","?","E","M","?","R","BOSS","M","?","?","M","M","E","M","R","T","E","?","?","E","M","R","BOSS","R","$","E","BOSS"],"items_purchased_type":["Relic","Potion","Potion","Relic"],"build_version":"2020-12-13","purchased_purges":2,"victory":true,"max_hp_per_floor":[99,99,99,99,99,99,99,99,99,99,99,99,99,99,99,99,99,99,99,99,99,99,99,99,99,99,99,99,99,99,99,99,99,99,99,99,99,99,99,99,99,99,99,99,99,99,99,99,99,99,99,99,99,99,99,99],"card_choices":[{"not_picked":["LossOfSenses","DeepDrag","HeavyPeaks","Eject","StrongStrike","WillBeTasty","Parry","PreemptiveStrike","StructuralAnalysis"],"picked":"SKIP","floor":1},{"not_picked":["DesperateStruggle","BackAttack","Reload","SharpenedBlade","PreemptiveStrike","Marionette","Multislash","TendonChords","EnergyShield"],"picked":"SKIP","floor":2},{"not_picked":["SunsetBlade","EnergyBeam","DarkCloud","FlowOfTheSword","Diversion","Leap_lor","DevastatingThrash","MindPrepared","ToOvercomeCrisis"],"picked":"SKIP","floor":3},{"not_picked":["ChargeUp","SuppressingShot","StayCalm","IllEndYou","Diversion","SmokingPipe","CookingPrep","AGoldenOpportunity","YoureAHindrance"],"picked":"SKIP","floor":4},{"not_picked":["MultiBlock","Punishment","Faith","KeepItFresh","TendonChords","BindingArms","Leap_lor","Juggling","AGoldenOpportunity"],"picked":"SKIP","floor":5},{"not_picked":["GuardingStance","SpearedSweep","YouOnlyLiveOnce","Diversion","ReadyUp","Quickness","Struggle","UnavoidableGaze","WrathOfTorment"],"picked":"SKIP","floor":6},{"not_picked":["Decapitation","QuickAttack","BladeWhirl","TraceOfFumes","FlowOfTheSword","StrongStrike","FleetFootsteps","Faith","Execute_lor"],"picked":"SKIP","floor":8},{"not_picked":["YoureTooSlow","Zzzzzap","PreemptiveStrike","ICanCookAnything","FleetFootsteps","DesperateStruggle","BladeWhirl","MultiBlock","GaleKick"],"picked":"SKIP","floor":10},{"not_picked":["GutHarvesting","UnavoidableGaze","SunsetBlade","ReadyUp","Gigigig","Faith","Standoff","WillOfThePrescript","ProselytesBlade"],"picked":"SKIP","floor":11},{"not_picked":["DestructiveImpact","GuardingStance","StructuralAnalysis","Unlock1","Thrust","BackstreetsDash","Castigation","FeatherShield","EndlessBattle"],"picked":"SKIP","floor":13},{"not_picked":["EnergyShield","Reload","FlashingStrike+1","Diversion","DarkCloud","AlloutWar","NightInTheBackstreets"],"picked":"SKIP","floor":18},{"not_picked":["TendonChords","SparkingSpear+1","EnergyShield","GuardingStance","SunsetBlade","DesperateStruggle","Pound"],"picked":"SKIP","floor":22},{"not_picked":["ElectricShock","BackstreetsDash","Unlock1","HighKick","PreemptiveStrike","StructuralAnalysis","Eliminate"],"picked":"SKIP","floor":23},{"not_picked":["ScatteringSlash","UndertakePrescript","DarkCloud","ChargeUp","FrontalAssault+1","EnergyCycle","MultiBlock"],"picked":"SKIP","floor":25},{"not_picked":["Diversion","BizarreAttack","MultiBlock","Thrust","FleetEdge","StartinOutLightly+1","WillOfThePrescript"],"picked":"SKIP","floor":27},{"not_picked":["Reload","FrontalAssault+1","LoosenUp","FocusFire","Pound","TendonChords","SkyClearingCut"],"picked":"SKIP","floor":28},{"not_picked":["BackstreetsDash","MultiHit","PreemptiveStrike","GuardingStance","Punishment","MultiBlock","UndertakePrescript"],"picked":"SKIP","floor":29},{"not_picked":["HandleRequest","Diversion","BackAttack","EndlessBattle","PreemptiveStrike","FierceCharge","SpearedSweep"],"picked":"SKIP","floor":30},{"not_picked":["IllEndYou+1","Quickness","WillOfThePrescript","DirtyBlow","UpbeatPerformance","Diversion","MultiBlock"],"picked":"SKIP","floor":35},{"not_picked":["DeepDrag","Wallop_lor+1","ShrineToMusic","BlazingStrike","BlowItUp","StructuralAnalysis","WaitUp"],"picked":"SKIP","floor":38},{"not_picked":["HandleRequest","FierceCharge","ToWhereThePrescriptPoints+1","Faith","Gamble+1","FeatherShield","SpearedSweep"],"picked":"SKIP","floor":39},{"not_picked":["GaleKick","CutIn","Riposte+1","GuidanceOfTheGears","Wallop_lor","FeatherShield","DarkCloud+1"],"picked":"SKIP","floor":40},{"not_picked":["Faith","SparkingSpear+1","Endure","FeatherShield","WillOfThePrescript","CutIn","Wallop_lor+1"],"picked":"SKIP","floor":41},{"not_picked":["LossOfSenses+1","Guardian_lor","ProselytesBlade","TrimTheIngredients","EnergyBeam","ICanCookAnything","DesperateStruggle+1"],"picked":"SKIP","floor":44},{"not_picked":["IllEndYou","FierceCharge+1","HiddenBlade","TheArtOfRapidSteps+1","SmokingPipe","FrontalAssault","Diversion"],"picked":"SKIP","floor":45},{"not_picked":["DeepDrag+1","HiddenBlade","Faith","FrontalAssault","ScratchThat","AGoldenOpportunity","BayonetCombat"],"picked":"SKIP","floor":46},{"not_picked":["FleetFootsteps","TheRedNotes","Parry+1","MultiHit+1","NightInTheBackstreets+1","HandleRequest"],"picked":"SomberProcuration","floor":47},{"not_picked":["EnergyShield","EndlessBattle+1","BackAttack","MultiBlock","AsThePrescriptOrders","FierceCharge","Quickness"],"picked":"SKIP","floor":48},{"not_picked":["FierceCharge+1","StrongStrike","LossOfSenses","BindingArms+1","Suppress","UnforgettableMelody","Guardian_lor+1"],"picked":"SKIP","floor":55}],"player_experience":350599,"relics_obtained":[{"floor":6,"key":"PageOfMercenary"},{"floor":8,"key":"PageOfSpiderBud"},{"floor":9,"key":"Matryoshka"},{"floor":13,"key":"Gremlin Horn"},{"floor":14,"key":"PageOfGreed"},{"floor":23,"key":"PageOfTheQueenOfHatred"},{"floor":25,"key":"PageOfTheKnightOfDespair"},{"floor":26,"key":"PageOfWrath"},{"floor":26,"key":"PageOfWrath"},{"floor":27,"key":"PageOfNihil"},{"floor":29,"key":"PageOfTheKnightOfDespair"},{"floor":40,"key":"PageOfLaetitia"},{"floor":43,"key":"Akabeko"},{"floor":44,"key":"Shuriken"},{"floor":47,"key":"Potion Belt"},{"floor":55,"key":"Bag of Marbles"}],"event_choices":[{"damage_healed":0,"gold_gain":0,"player_choice":"Searched \u00272\u0027 times","damage_taken":0,"max_hp_gain":0,"max_hp_loss":0,"event_name":"Dead Adventurer","floor":14,"gold_loss":0},{"damage_healed":0,"gold_gain":0,"player_choice":"Obtained Relic","damage_taken":0,"relics_obtained":["Ancient Tea Set"],"max_hp_gain":0,"max_hp_loss":0,"event_name":"Addict","floor":19,"gold_loss":85},{"damage_healed":0,"gold_gain":720,"player_choice":"GOLD GOLD GOLD GOLD GOLD GOLD GOLD GOLD ","damage_taken":82,"max_hp_gain":0,"max_hp_loss":0,"event_name":"Knowing Skull","floor":20,"potions_obtained":[],"gold_loss":0,"cards_obtained":[]},{"damage_healed":0,"gold_gain":0,"player_choice":"Ignored","damage_taken":0,"max_hp_gain":0,"max_hp_loss":0,"event_name":"The Mausoleum","floor":31,"gold_loss":0},{"cards_removed":["DegradedChain"],"damage_healed":0,"gold_gain":0,"player_choice":"Removed Attack","damage_taken":0,"max_hp_gain":0,"max_hp_loss":0,"event_name":"Falling","floor":36,"gold_loss":0},{"damage_healed":0,"gold_gain":0,"player_choice":"Ignored","damage_taken":0,"max_hp_gain":0,"max_hp_loss":0,"event_name":"Transmorgrifier","floor":37,"gold_loss":0}],"is_beta":false,"boss_relics":[{"not_picked":["Philosopher\u0027s Stone","Fusion Hammer"],"picked":"Busted Crown"},{"not_picked":["Runic Pyramid","Calling Bell"],"picked":"Coffee Dripper"}],"items_purged_floors":[21,54],"is_endless":false,"potions_floor_spawned":[1,3,6,13,16,23,25,30,33,35,38,39,41,46,55],"ascension_level":15}}