{"host":"eketvm4dld8igxnv","time":1608190839,"event":{"mods":["BaseMod","Googly Eyes","Minty Spire (QoL Compilation)","StSLib"],"gold_per_floor":[118,118,135,201,251,282,75,104,104,104,154,166,191,207,207,310,310,325,375,393,73,92,92,110,160,160,160,210,244,294,344,344,441,441,458,508,136,149,10,10,20,20,66,101,1,13,63,113,113,113,113,113,12,45,45,45],"floor_reached":55,"playtime":3369,"items_purged":["Regret","Defend_R"],"score":841,"play_id":"527092d5-793b-473c-b8c6-02d97fe21c30","local_time":"20201217024039","is_ascension_mode":true,"campfire_choices":[{"floor":10,"key":"REST"},{"data":"Brutality","floor":15,"key":"SMITH"},{"data":"Berserk","floor":23,"key":"SMITH"},{"floor":27,"key":"REST"},{"floor":32,"key":"RECALL"},{"data":"1","floor":40,"key":"LIFT"},{"data":"2","floor":42,"key":"LIFT"},{"data":"3","floor":49,"key":"LIFT"},{"data":"Heavy Blade","floor":52,"key":"SMITH"}],"circlet_count":0,"master_deck":["Strike_R","Strike_R","Strike_R","Strike_R","Strike_R","Defend_R","Defend_R","Bash","Burning Pact","Armaments+1","Headbutt","Brutality+1","Spot Weakness","Rupture","Warcry","Heavy Blade+1","Thunderclap","Berserk+1","Double Tap","Heavy Blade","Iron Wave+1","Pummel","Rupture","J.A.X.","Whirlwind","Injury","CurseOfTheBell","Dual Wield","Flame Barrier","Blood for Blood","Inflame","Rupture","Injury","Combust+1","Iron Wave","Feed"],"relics":["Burning Blood","NeowsBlessing","SsserpentHead","Mercury Hourglass","Juzu Bracelet","Bottled Lightning","Paper Frog","Orichalcum","Omamori","Cursed Key","Gremlin Horn","WarpedTongs","Bird Faced Urn","Darkstone Periapt","Calling Bell","Bronze Scales","Mummified Hand","Girya","Lee\u0027s Waffle","Strawberry","Bag of Marbles","Ancient Tea Set","Brimstone","Vajra"],"acts_visited":["Exordium","TheCity","TheBeyond","TheEnding"],"potions_floor_usage":[6,13,13,18,22,22,24,33,41,44,54,55],"damage_taken":[{"damage":0,"enemies":"Small Slimes","floor":1,"turns":1},{"damage":0,"enemies":"Cultist","floor":3,"turns":1},{"damage":0,"enemies":"Jaw Worm","floor":4,"turns":1},{"damage":20,"enemies":"Gremlin Nob","floor":6,"turns":4},{"damage":22,"enemies":"3 Sentries","floor":8,"turns":5},{"damage":16,"enemies":"Exordium Thugs","floor":12,"turns":3},{"damage":4,"enemies":"Gremlin Nob","floor":13,"turns":3},{"damage":6,"enemies":"Large Slime","floor":14,"turns":5},{"damage":47,"enemies":"The Guardian","floor":16,"turns":6},{"damage":24,"enemies":"2 Thieves","floor":18,"turns":3},{"damage":16,"enemies":"Shell Parasite","floor":20,"turns":3},{"damage":23,"enemies":"Snake Plant","floor":22,"turns":3},{"damage":20,"enemies":"Centurion and Healer","floor":24,"turns":5},{"damage":30,"enemies":"Gremlin Leader","floor":29,"turns":5},{"damage":29,"enemies":"Collector","floor":33,"turns":5},{"damage":26,"enemies":"3 Shapes","floor":35,"turns":2},{"damage":32,"enemies":"Orb Walker","floor":38,"turns":4},{"damage":7,"enemies":"Transient","floor":41,"turns":5},{"damage":37,"enemies":"Giant Head","floor":44,"turns":6},{"damage":29,"enemies":"Writhing Mass","floor":46,"turns":2},{"damage":78,"enemies":"Time Eater","floor":50,"turns":6},{"damage":55,"enemies":"Shield and Spear","floor":54,"turns":4},{"damage":138,"enemies":"The Heart","floor":55,"turns":3}],"seed_played":"-3488426162989540718","potions_obtained":[{"floor":1,"key":"CultistPotion"},{"floor":4,"key":"ColorlessPotion"},{"floor":12,"key":"ColorlessPotion"},{"floor":13,"key":"SneckoOil"},{"floor":16,"key":"Explosive Potion"},{"floor":18,"key":"SpeedPotion"},{"floor":20,"key":"BlessingOfTheForge"},{"floor":29,"key":"DuplicationPotion"},{"floor":35,"key":"Energy Potion"},{"floor":41,"key":"Energy Potion"},{"floor":54,"key":"SkillPotion"}],"is_trial":false,"path_per_floor":["M","?","M","M","?","E","$","E","T","R","?","M","E","M","R","B",null,"M","?","M","$","M","R","M","?","T","R","?","E","?","T","R","B",null,"M","?","$","M","$","R","M","R","T","E","$","M","?","?","R","B",null,"R","$","E","B"],"character_chosen":"IRONCLAD","items_purchased":["Spot Weakness","Rupture","Juzu Bracelet","Gremlin Horn","Blood for Blood","Lee\u0027s Waffle","Strawberry","Inflame","Brimstone","DuplicationPotion","Iron Wave"],"campfire_rested":2,"item_purchase_floors":[7,7,7,21,37,37,37,39,45,53,53],"current_hp_per_floor":[80,80,80,80,80,66,66,50,50,74,74,64,66,66,66,25,80,62,80,70,70,53,53,39,39,39,63,63,39,65,65,65,50,86,77,77,100,78,78,78,85,85,91,83,83,62,62,116,116,53,116,116,116,73,0,0],"gold":45,"neow_bonus":"THREE_ENEMY_KILL","is_daily":false,"chose_seed":false,"campfire_upgraded":3,"win_rate":0.0,"timestamp":1608190839,"path_taken":["M","?","M","?","?","E","?","E","T","R","?","M","E","M","R","BOSS","M","?","M","$","M","R","M","?","T","R","?","E","?","?","R","BOSS","M","?","$","M","$","R","M","R","T","E","?","M","?","?","R","BOSS","R","$","E","BOSS"],"items_purchased_type":["Card","Card","Relic","Relic","Card","Relic","Relic","Card","Relic","Potion","Card"],"build_version":"2020-12-13","purchased_purges":2,"victory":false,"max_hp_per_floor":[80,80,80,80,80,80,80,80,80,80,80,80,80,80,80,80,80,80,80,80,80,80,80,80,80,80,80,80,80,80,80,80,80,86,86,86,100,100,100,100,100,100,106,106,106,106,106,116,116,116,116,116,116,116,116,116],"card_choices":[{"not_picked":["True Grit","Fire Breathing"],"picked":"Burning Pact","floor":1},{"not_picked":["Body Slam","Clash"],"picked":"Armaments","floor":3},{"not_picked":["Cleave","Thunderclap"],"picked":"Headbutt","floor":4},{"not_picked":["Fire Breathing","Clash"],"picked":"Brutality","floor":6},{"not_picked":["Second Wind","True Grit"],"picked":"Warcry","floor":8},{"not_picked":["Clothesline","Flex"],"picked":"Heavy Blade","floor":12},{"not_picked":["Dropkick","Twin Strike"],"picked":"Thunderclap","floor":13},{"not_picked":["Clash","Metallicize"],"picked":"Berserk","floor":14},{"not_picked":["Demon Form","Juggernaut"],"picked":"Double Tap","floor":16},{"not_picked":["Flame Barrier+1","Intimidate+1"],"picked":"Heavy Blade","floor":18},{"not_picked":["Second Wind","Seeing Red"],"picked":"Iron Wave+1","floor":20},{"not_picked":["Sword Boomerang","Seeing Red+1"],"picked":"Pummel","floor":22},{"not_picked":["Evolve","Flame Barrier+1"],"picked":"Rupture","floor":24},{"not_picked":["Shrug It Off","Wild Strike"],"picked":"Whirlwind","floor":29},{"not_picked":["Juggernaut","Corruption"],"picked":"Reaper","floor":33},{"not_picked":["Twin Strike+1","Anger"],"picked":"Dual Wield","floor":35},{"not_picked":["True Grit","Body Slam","Flame Barrier+1"],"picked":"SKIP","floor":38},{"not_picked":["Dropkick+1","Warcry"],"picked":"Rupture","floor":41},{"not_picked":["Anger","Clash"],"picked":"Combust+1","floor":44},{"not_picked":["Dual Wield","Anger"],"picked":"Power Through","floor":46},{"not_picked":["Wild Strike+1","Perfected Strike"],"picked":"Feed","floor":54}],"player_experience":232205,"relics_obtained":[{"floor":6,"key":"Mercury Hourglass"},{"floor":8,"key":"Bottled Lightning"},{"floor":9,"key":"Paper Frog"},{"floor":13,"key":"Omamori"},{"floor":29,"key":"Bird Faced Urn"},{"floor":31,"key":"Darkstone Periapt"},{"floor":34,"key":"Bronze Scales"},{"floor":34,"key":"Mummified Hand"},{"floor":34,"key":"Girya"},{"floor":43,"key":"Bag of Marbles"},{"floor":44,"key":"Ancient Tea Set"},{"floor":54,"key":"Vajra"}],"event_choices":[{"damage_healed":0,"gold_gain":0,"player_choice":"Trade","damage_taken":0,"relics_obtained":["SsserpentHead"],"max_hp_gain":0,"max_hp_loss":0,"event_name":"FaceTrader","floor":2,"gold_loss":0},{"damage_healed":0,"gold_gain":0,"player_choice":"Upgraded","damage_taken":0,"max_hp_gain":0,"max_hp_loss":0,"event_name":"Upgrade Shrine","floor":5,"gold_loss":0,"cards_upgraded":["Armaments"]},{"damage_healed":0,"gold_gain":0,"player_choice":"Box","damage_taken":0,"relics_obtained":["Orichalcum"],"max_hp_gain":0,"max_hp_loss":0,"event_name":"Big Fish","floor":11,"gold_loss":0,"cards_obtained":["Regret"]},{"damage_healed":18,"gold_gain":0,"player_choice":"Full Heal","damage_taken":0,"max_hp_gain":0,"max_hp_loss":0,"event_name":"Wheel of Change","floor":19,"gold_loss":0},{"damage_healed":0,"gold_gain":0,"player_choice":"Rummage","damage_taken":0,"relics_obtained":["WarpedTongs"],"max_hp_gain":0,"max_hp_loss":0,"event_name":"Accursed Blacksmith","floor":25,"gold_loss":0,"cards_obtained":["Pain"]},{"damage_healed":0,"gold_gain":0,"player_choice":"Obtain J.A.X.","damage_taken":0,"max_hp_gain":0,"max_hp_loss":0,"event_name":"Drug Dealer","floor":28,"gold_loss":0,"cards_obtained":["J.A.X."]},{"damage_healed":26,"gold_gain":0,"player_choice":"Heal","damage_taken":0,"max_hp_gain":0,"max_hp_loss":0,"event_name":"The Library","floor":30,"gold_loss":0},{"damage_healed":0,"gold_gain":0,"cards_transformed":["Defend_R"],"player_choice":"Transformed","damage_taken":0,"max_hp_gain":0,"max_hp_loss":0,"event_name":"Transmorgrifier","floor":36,"gold_loss":0,"cards_obtained":["Flame Barrier"]},{"cards_removed":["Power Through"],"damage_healed":0,"gold_gain":0,"player_choice":"Removed Skill","damage_taken":0,"max_hp_gain":0,"max_hp_loss":0,"event_name":"Falling","floor":47,"gold_loss":0},{"cards_removed":["Reaper"],"damage_healed":44,"gold_gain":0,"player_choice":"Offered Rare","damage_taken":0,"max_hp_gain":10,"max_hp_loss":0,"event_name":"Bonfire Elementals","floor":48,"gold_loss":0}],"is_beta":false,"boss_relics":[{"not_picked":["Velvet Choker","Ectoplasm"],"picked":"Cursed Key"},{"not_picked":["Runic Dome","Snecko Eye"],"picked":"Calling Bell"}],"items_purged_floors":[21,39],"is_endless":false,"potions_floor_spawned":[1,4,12,13,16,18,20,29,35,41,54],"killed_by":"The Heart","ascension_level":1}}