{"host":"0fmi5fguj5lvt8pf","time":1608179482,"event":{"mods":["BaseMod","BetterRewards","Colored Map","Downfall","Minty Spire (QoL Compilation)","Permanent Neow","StSLib"],"gold_per_floor":[99,116,144,160,20,20,20,20,30,63,82,82,94,24,34,129,129,129,140,140,44,63,63,63,119,119,170,115,115,57,110,122,266,266,41,41,134,186,286,298,298,354,409,409,409,459,140,140,154,154,154,223,0,0,0],"floor_reached":56,"playtime":4987,"items_purged":["champ:Strike","champ:Strike","champ:Defend","champ:ViciousMockery"],"score":3161,"play_id":"c4e921f9-e33f-43d5-9b50-af25e7912aa1","local_time":"20201216203122","is_ascension_mode":false,"campfire_choices":[{"data":"champ:Taunt","floor":1.0,"key":"SMITH"},{"floor":8.0,"key":"REST"},{"data":"champ:Duel","floor":18.0,"key":"SMITH"},{"floor":26.0,"key":"RECALL"},{"data":"champ:Balance","floor":35.0,"key":"SMITH"},{"floor":44.0,"key":"REST"},{"data":"champ:PerfectedStrike+1","floor":54,"key":"PURGE"}],"circlet_count":0,"master_deck":["champ:Taunt+1","champ:FlashCut","champ:Duel+1","champ:RapidStrikes","champ:ShieldSlam","champ:TornadoPunch+1","champ:ShieldWall+1","champ:IronFortress","champ:CrookedStrike","champ:CrownThrow","champ:Balance+1","champ:Circumvent","champ:EnchantCrown","champ:EnchantShield","champ:ShieldSigil+1","champ:RisingSlash","champ:Circumvent","champ:ShieldSlam","champ:SteelEdge","champ:EnGarde+1","champ:IronFortress","champ:CheapShot+1","champ:Circumvent+1","champ:FlashCut"],"relics":["champ:ChampionCrown","champ:DeflectingBracers","Pear","The Courier","Mercury Hourglass","SlaversCollar","downfall:KnowingSkull","champ:GladiatorsBookOfMartialProwess","champ:Barbells","Bronze Scales","Whetstone","Pandora\u0027s Box","downfall:HeartBlessingRed","downfall:HeartBlessingGreen","downfall:HeartBlessingBlue","Shuriken","Peace Pipe","Bottled Lightning","sneckomod:BlankCard","War Paint","Blue Candle","Lantern"],"acts_visited":["Exordium","TheCity","TheBeyond","TheEnding"],"potions_floor_usage":[50,50,50,55,55,55],"damage_taken":[{"damage":10.0,"enemies":"Cultist","floor":2.0,"turns":4.0},{"damage":66.0,"enemies":"Lagavulin","floor":3.0,"turns":9.0},{"damage":0.0,"enemies":"Small Slimes","floor":4.0,"turns":3.0},{"damage":0.0,"enemies":"downfall:FleeingMerchant","floor":5.0,"turns":4.0},{"damage":0.0,"enemies":"Jaw Worm","floor":9.0,"turns":2.0},{"damage":3.0,"enemies":"Gremlin Nob","floor":10.0,"turns":4.0},{"damage":18.0,"enemies":"Exordium Thugs","floor":11.0,"turns":3.0},{"damage":0.0,"enemies":"Lots of Slimes","floor":13.0,"turns":1.0},{"damage":0.0,"enemies":"downfall:FleeingMerchant","floor":14.0,"turns":4.0},{"damage":0.0,"enemies":"2 Fungi Beasts","floor":15.0,"turns":2.0},{"damage":26.0,"enemies":"downfall:Ironclad","floor":16.0,"turns":8.0},{"damage":14.0,"enemies":"Spheric Guardian","floor":19.0,"turns":4.0},{"damage":0.0,"enemies":"downfall:FleeingMerchant","floor":21.0,"turns":4.0},{"damage":5.0,"enemies":"Shell Parasite","floor":22.0,"turns":3.0},{"damage":3.0,"enemies":"Snecko","floor":25.0,"turns":4.0},{"damage":14.0,"enemies":"Chosen and Byrds","floor":27.0,"turns":6.0},{"damage":11.0,"enemies":"downfall:FleeingMerchant","floor":28.0,"turns":4.0},{"damage":3.0,"enemies":"downfall:FleeingMerchant","floor":30.0,"turns":1.0},{"damage":19.0,"enemies":"Snake Plant","floor":31.0,"turns":4.0},{"damage":13.0,"enemies":"3 Cultists","floor":32.0,"turns":3.0},{"damage":3.0,"enemies":"downfall:Watcher","floor":33.0,"turns":7.0},{"damage":24.0,"enemies":"2 Orb Walkers","floor":37.0,"turns":3.0},{"damage":17.0,"enemies":"Orb Walker","floor":38.0,"turns":3.0},{"damage":25.0,"enemies":"3 Darklings","floor":40.0,"turns":4.0},{"damage":3.0,"enemies":"Writhing Mass","floor":42.0,"turns":3.0},{"damage":3.0,"enemies":"Spire Growth","floor":43.0,"turns":4.0},{"damage":15.0,"enemies":"Maw","floor":46.0,"turns":7.0},{"damage":15.0,"enemies":"Jaw Worm Horde","floor":49.0,"turns":3.0},{"damage":44,"enemies":"downfall:Silent","floor":50,"turns":5},{"damage":6,"enemies":"downfall:CharBossMerchant","floor":52,"turns":5},{"damage":25,"enemies":"downfall:NeowBoss","floor":55,"turns":21}],"seed_played":"-4083984978346759032","potions_obtained":[{"floor":3.0,"key":"LiquidMemories"},{"floor":9.0,"key":"PowerPotion"},{"floor":11.0,"key":"Strength Potion"},{"floor":15.0,"key":"SteroidPotion"},{"floor":16.0,"key":"Dexterity Potion"},{"floor":19.0,"key":"SkillPotion"},{"floor":31.0,"key":"AttackPotion"},{"floor":32.0,"key":"Swift Potion"},{"floor":33.0,"key":"Guardian:BlockOnCardUsePotion"},{"floor":40.0,"key":"FearPotion"},{"floor":46.0,"key":"champ:OpenerPotion"},{"floor":49.0,"key":"champ:TechniquePotion"}],"is_trial":false,"path_per_floor":["R","M","E","M","$","T","T","R","M","E","M","?","M","$","M","B",null,"R","M","?","$","M","?","T","M","R","M","$","?","$","M","M","B",null,"R","?","?","M","?","M","T","M","M","R","?","M","$","T","M","B",null,"E","$","R","B",null],"character_chosen":"THE_CHAMP","items_purchased":["champ:ShieldSlam","champ:TornadoPunch","champ:Balance","champ:ShieldSigil","champ:Barbells","Bronze Scales","Whetstone","sneckomod:BlankCard","Fruit Juice","Lantern","DuplicationPotion","PowerPotion"],"campfire_rested":2,"item_purchase_floors":[5,5,14,21,30,30,30,47,47,53,53,53],"current_hp_per_floor":[90,83,17,17,17,27,27,57,57,57,39,39,39,39,39,13,100,100,86,86,86,81,72,72,69,69,55,44,44,41,22,14,11,100,110,110,86,69,69,44,44,41,38,71,71,56,56,56,46,2,115,109,109,109,84],"gold":0,"neow_bonus":"REMOVE_CARD","is_daily":false,"chose_seed":false,"campfire_upgraded":3,"win_rate":0.0,"timestamp":1608179482,"path_taken":["R","?","E","M","?","?","T","R","?","E","M","?","M","?","M","BOSS","R","M","?","$","M","?","T","?","R","M","?","?","?","M","M","BOSS","R","?","?","M","?","M","T","M","?","R","?","M","?","?","M","BOSS","E","$","R","BOSS"],"items_purchased_type":["Card","Card","Card","Card","Relic","Relic","Relic","Relic","Potion","Relic","Potion","Potion"],"build_version":"2020-12-13","purchased_purges":4,"victory":true,"max_hp_per_floor":[90,90,90,90,90,100,100,100,100,100,100,100,100,100,100,100,100,100,100,100,100,100,100,100,100,100,100,100,100,100,100,100,100,100,110,110,110,110,110,110,110,110,110,110,110,110,110,110,115,115,115,115,115,115,115],"card_choices":[{"not_picked":["champ:ShieldSigil","champ:StanceDance"],"picked":"champ:FlashCut","floor":2.0},{"not_picked":["champ:TornadoPunch","champ:FanOfKnives"],"picked":"champ:Duel","floor":3.0},{"not_picked":["champ:AdrenalArmor","champ:Backstep"],"picked":"champ:RapidStrikes","floor":4.0},{"not_picked":["champ:SwordSigil","champ:Backstep"],"picked":"champ:PerfectedStrike","floor":5.0},{"not_picked":["champ:EnGarde","champ:GladiatorStyle"],"picked":"champ:ShieldWall","floor":9.0},{"not_picked":["champ:CalledShot","champ:EnchantSword"],"picked":"champ:IronFortress","floor":10.0},{"not_picked":["champ:Backstep","champ:CrookedStrike"],"picked":"champ:ViciousMockery","floor":11.0},{"not_picked":["champ:Backstep","champ:EndlessRage","champ:DefensiveShout"],"picked":"SKIP","floor":13.0},{"not_picked":["champ:TornadoPunch","champ:FaceSlap"],"picked":"champ:CrownThrow","floor":14.0},{"not_picked":["champ:FlashCut","champ:BringItOn"],"picked":"champ:Circumvent","floor":15.0},{"not_picked":["champ:HeavySlash","champ:EnchantSword"],"picked":"champ:EnchantCrown","floor":16.0},{"not_picked":["champ:EnragedBash","champ:ArenaPreparation"],"picked":"champ:PreciseThrust","floor":19.0},{"not_picked":["champ:FanOfKnives","champ:PreciseThrust+1"],"picked":"champ:EnchantShield","floor":21.0},{"not_picked":["champ:GladiatorStyle","champ:ShieldWall","champ:FanOfKnives"],"picked":"SKIP","floor":22.0},{"not_picked":["champ:BringItOn","champ:ShieldSigil","champ:CrookedStrike"],"picked":"SKIP","floor":25.0},{"not_picked":["champ:IronFortress+1","champ:BladeFlurry"],"picked":"champ:RisingSlash","floor":27.0},{"not_picked":["champ:DefensiveShout+1","champ:ShieldSigil+1","champ:FocusedBerserking"],"picked":"SKIP","floor":28.0},{"not_picked":["champ:FocusedDefense","champ:CrookedStrike","champ:RageSigil"],"picked":"SKIP","floor":30.0},{"not_picked":["champ:FlashCut","champ:HeartStrike","champ:Circumvent"],"picked":"SKIP","floor":31.0},{"not_picked":["champ:FlashCut","champ:HeartStrike"],"picked":"champ:Circumvent","floor":31.0},{"not_picked":["champ:DefensiveShout+1","champ:Lariat+1","champ:Aggression"],"picked":"SKIP","floor":32.0},{"not_picked":["champ:DancingMaster","champ:LastStand"],"picked":"champ:ShieldSlam","floor":33.0},{"not_picked":["champ:ShieldSigil","champ:Riposte+1"],"picked":"champ:Circumvent+1","floor":37.0},{"not_picked":["champ:AdrenalArmor+1","champ:BladeFlurry+1"],"picked":"champ:FlashCut","floor":38.0},{"not_picked":["champ:Encircle","champ:ArenaPreparation+1","champ:AdrenalArmor+1"],"picked":"SKIP","floor":40.0},{"not_picked":["champ:Devastate","champ:TornadoPunch+1","champ:SwordSigil"],"picked":"SKIP","floor":42.0},{"not_picked":["champ:SwordSigil+1","champ:DeathBlow","champ:GladiatorsShout"],"picked":"SKIP","floor":43.0},{"not_picked":["champ:Haymaker+1","champ:FanOfKnives+1","champ:Circumvent"],"picked":"SKIP","floor":46.0},{"not_picked":["champ:FanOfKnives","champ:Haymaker+1","champ:Shatter"],"picked":"SKIP","floor":49.0},{"not_picked":["champ:FlashCut","champ:DefensiveShout","champ:DefensiveStyle+1"],"picked":"SKIP","floor":52}],"player_experience":1171480,"relics_obtained":[{"floor":3.0,"key":"champ:DeflectingBracers"},{"floor":6.0,"key":"Pear"},{"floor":7.0,"key":"The Courier"},{"floor":10.0,"key":"Mercury Hourglass"},{"floor":36.0,"key":"Shuriken"},{"floor":37.0,"key":"Peace Pipe"},{"floor":41.0,"key":"Bottled Lightning"},{"floor":48.0,"key":"War Paint"},{"floor":52,"key":"Blue Candle"}],"event_choices":[{"damage_healed":0.0,"max_hp_gain":0.0,"max_hp_loss":0.0,"gold_gain":0.0,"cards_transformed":["champ:Defend"],"event_name":"Transmorgrifier","player_choice":"Transformed","floor":12.0,"gold_loss":0.0,"damage_taken":0.0,"cards_obtained":["champ:CrookedStrike"]},{"damage_healed":0.0,"max_hp_gain":0.0,"max_hp_loss":0.0,"gold_gain":0.0,"event_name":"Mysterious Sphere","player_choice":"Fight","floor":37.0,"gold_loss":0.0,"damage_taken":0.0},{"cards_removed":["champ:PreciseThrust"],"damage_healed":0.0,"max_hp_gain":0.0,"max_hp_loss":0.0,"gold_gain":0.0,"event_name":"Falling","player_choice":"Removed Attack","floor":45.0,"gold_loss":0.0,"damage_taken":0.0}],"is_beta":false,"boss_relics":[{"not_picked":["Tiny House","Cursed Key"],"picked":"SlaversCollar"},{"not_picked":["Calling Bell","Astrolabe"],"picked":"Pandora\u0027s Box"}],"items_purged_floors":[21,28,30,47],"is_endless":false,"potions_floor_spawned":[3,9,11,15,16,19,31,32,33,40,46,49],"ascension_level":0}}