{"host":"x1qj4d8ympd5jdqh","time":1608211321,"event":{"mods":["AchievementEnabler","AlwaysNeverKeys","BaseMod","Colored Map","Custom Start","DeckTracker","Highlight Path","Minty Spire (QoL Compilation)","StSLib","SuperFastMode"],"gold_per_floor":[116,116,116,72,85,114,61,61,61,91,124,124,124,49,49,123,123,141,141,174,14,27,27,27,43,43,43,58,58,58,58,58],"floor_reached":31,"playtime":684,"items_purged":["Strike_B"],"score":511,"play_id":"50f6c805-ed65-4153-a0be-27eeca9bb95b","local_time":"20201217222201","is_ascension_mode":true,"campfire_choices":[{"data":"Darkness","floor":8.0,"key":"SMITH"},{"data":"Dualcast","floor":13.0,"key":"SMITH"},{"data":"Hologram","floor":15.0,"key":"SMITH"},{"floor":23.0,"key":"REST"},{"data":"Loop","floor":27.0,"key":"SMITH"},{"data":"Buffer","floor":29.0,"key":"SMITH"}],"circlet_count":0,"master_deck":["AscendersBane","Defend_B","Zap","Dualcast+1","Darkness+1","Loop+1","Self Repair","Cold Snap","Hologram+1","Conserve Battery","Conserve Battery","Redo","Undo","Go for the Eyes","Compile Driver","Leap","Buffer+1","Chaos","Coolheaded","Turbo"],"relics":["Cracked Core","NeowsBlessing","White Beast Statue","Pen Nib","Eternal Feather","Turnip","Empty Cage","Red Mask","Orrery","Bottled Lightning"],"acts_visited":["Exordium","TheCity"],"potions_floor_usage":[31],"damage_taken":[{"damage":0.0,"enemies":"Jaw Worm","floor":1.0,"turns":1.0},{"damage":0.0,"enemies":"Small Slimes","floor":5.0,"turns":1.0},{"damage":0.0,"enemies":"Lagavulin","floor":6.0,"turns":2.0},{"damage":44.0,"enemies":"3 Sentries","floor":11.0,"turns":9.0},{"damage":24.0,"enemies":"Slime Boss","floor":16.0,"turns":5.0},{"damage":11.0,"enemies":"3 Byrds","floor":18.0,"turns":5.0},{"damage":50.0,"enemies":"Masked Bandits","floor":20.0,"turns":5.0},{"damage":6.0,"enemies":"Shell Parasite","floor":22.0,"turns":5.0},{"damage":20.0,"enemies":"Snecko","floor":25.0,"turns":7.0},{"damage":22.0,"enemies":"Snake Plant","floor":28.0,"turns":5.0},{"damage":47,"enemies":"Gremlin Leader","floor":31,"turns":7}],"seed_played":"-1559891776276888564","potions_obtained":[{"floor":1.0,"key":"Dexterity Potion"},{"floor":5.0,"key":"BlessingOfTheForge"},{"floor":16.0,"key":"EssenceOfSteel"},{"floor":18.0,"key":"AttackPotion"},{"floor":20.0,"key":"Ancient Potion"}],"is_trial":false,"path_per_floor":["M","?","?","$","M","E","$","R","T","?","E","?","R","$","R","B",null,"M","?","?","$","M","R","?","M","T","R","M","R","?","E"],"character_chosen":"DEFECT","items_purchased":["Loop","Hologram","Orrery"],"campfire_rested":1,"item_purchase_floors":[4,7,21],"current_hp_per_floor":[64,53,58,58,58,58,58,58,58,58,21,14,23,23,32,18,62,58,58,15,15,16,47,47,34,34,46,31,43,43,0,0],"gold":58,"neow_bonus":"THREE_ENEMY_KILL","is_daily":false,"chose_seed":false,"campfire_upgraded":5,"win_rate":0.0,"timestamp":1608211321,"path_taken":["M","?","?","?","M","E","?","R","T","?","E","?","R","$","R","BOSS","M","?","?","$","M","R","?","M","T","R","M","R","?","E"],"items_purchased_type":["Card","Card","Relic"],"build_version":"2020-12-13","purchased_purges":1,"victory":false,"max_hp_per_floor":[71,71,76,76,76,76,76,76,76,76,76,76,76,76,76,76,76,76,76,76,76,76,76,76,76,76,76,76,76,76,76,76],"card_choices":[{"not_picked":["Force Field","Beam Cell"],"picked":"Darkness","floor":1.0},{"not_picked":["Gash","FTL"],"picked":"Self Repair","floor":5.0},{"not_picked":["Creative AI","Gash"],"picked":"Cold Snap","floor":6.0},{"not_picked":["Gash","Beam Cell"],"picked":"Conserve Battery","floor":11.0},{"not_picked":["Scrape","Steam Power","Stack"],"picked":"SKIP","floor":18.0},{"not_picked":["Gash","Steam Power"],"picked":"Conserve Battery","floor":20.0},{"not_picked":["Lockon+1","Cold Snap"],"picked":"Redo","floor":21.0},{"not_picked":["Stack+1","Turbo"],"picked":"Undo","floor":21.0},{"not_picked":["Chaos","Leap"],"picked":"Go for the Eyes","floor":21.0},{"not_picked":["Redo","BootSequence"],"picked":"Compile Driver","floor":21.0},{"not_picked":["Barrage","Steam"],"picked":"Leap","floor":22.0},{"not_picked":["Rip and Tear","Beam Cell"],"picked":"Coolheaded","floor":25.0},{"not_picked":["Go for the Eyes","Conserve Battery"],"picked":"Turbo","floor":28.0}],"player_experience":1234932,"relics_obtained":[{"floor":6.0,"key":"Pen Nib"},{"floor":9.0,"key":"Eternal Feather"},{"floor":11.0,"key":"Turnip"},{"floor":20.0,"key":"Red Mask"},{"floor":26.0,"key":"Bottled Lightning"}],"event_choices":[{"damage_healed":0.0,"max_hp_gain":0.0,"max_hp_loss":0.0,"gold_gain":0.0,"event_name":"Scrap Ooze","player_choice":"Success","floor":2.0,"gold_loss":0.0,"damage_taken":11.0,"relics_obtained":["White Beast Statue"]},{"damage_healed":0.0,"max_hp_gain":5.0,"max_hp_loss":0.0,"gold_gain":0.0,"event_name":"Big Fish","player_choice":"Donut","floor":3.0,"gold_loss":0.0,"damage_taken":0.0},{"damage_healed":0.0,"max_hp_gain":0.0,"max_hp_loss":0.0,"gold_gain":30.0,"event_name":"Dead Adventurer","player_choice":"Searched \u00271\u0027 times","floor":10.0,"gold_loss":0.0,"damage_taken":0.0},{"cards_removed":["Strike_B"],"damage_healed":0.0,"max_hp_gain":0.0,"max_hp_loss":0.0,"gold_gain":0.0,"event_name":"Golden Wing","player_choice":"Card Removal","floor":12.0,"gold_loss":0.0,"damage_taken":7.0},{"damage_healed":0.0,"max_hp_gain":0.0,"max_hp_loss":0.0,"gold_gain":0.0,"event_name":"Vampires","player_choice":"Ignored","floor":19.0,"gold_loss":0.0,"damage_taken":0.0},{"damage_healed":0.0,"max_hp_gain":0.0,"max_hp_loss":0.0,"gold_gain":0.0,"event_name":"Masked Bandits","player_choice":"Fought Bandits","floor":20.0,"gold_loss":0.0,"damage_taken":0.0},{"damage_healed":0.0,"max_hp_gain":0.0,"max_hp_loss":0.0,"gold_gain":0.0,"cards_transformed":["Strike_B","Defend_B"],"event_name":"Drug Dealer","player_choice":"Became Test Subject","floor":24.0,"gold_loss":0.0,"damage_taken":0.0,"cards_obtained":["Buffer","Chaos"]},{"cards_removed":["Defend_B"],"damage_healed":0.0,"max_hp_gain":0.0,"max_hp_loss":0.0,"gold_gain":0.0,"event_name":"Back to Basics","player_choice":"Elegance","floor":30.0,"gold_loss":0.0,"damage_taken":0.0}],"is_beta":false,"boss_relics":[{"not_picked":["Velvet Choker","Inserter"],"picked":"Empty Cage"}],"items_purged_floors":[14],"is_endless":false,"potions_floor_spawned":[1,5,6,11,16,18,20,22,25,28],"killed_by":"Gremlin Leader","ascension_level":19}}