{"host":"gluah3fg3437e73p","time":1608210926,"event":{"mods":["AchievementEnabler","Act Like it!","BaseMod","Highlight Path","Minty Spire (QoL Compilation)","StSLib"],"gold_per_floor":[114,114,189,23,23,23,78,97,97,22,41,91,91,91,91,216,216,235,235,435,435,435],"floor_reached":21,"playtime":1315,"items_purged":["Defend_B"],"score":213,"play_id":"477cd2a7-405e-4471-b189-2209f8b003c5","local_time":"20201217211526","daily_mods":["Specialized","Flight","Lethality"],"is_ascension_mode":false,"campfire_choices":[{"data":"Apotheosis","floor":6.0,"key":"SMITH"},{"floor":15.0,"key":"REST"}],"circlet_count":0,"master_deck":["Strike_B","Strike_B","Strike_B","Defend_B","Zap","Dualcast+1","White Noise","White Noise","White Noise","White Noise","White Noise","Self Repair+1","Apotheosis+1","Streamline","Reinforced Body","Stack+1","Creative AI","Auto Shields+1","Conserve Battery+1","Beam Cell+1","Stack","Ghostly","Ghostly","Ghostly","Ghostly","Ghostly"],"relics":["Cracked Core","Golden Idol","Strawberry","Pear","Astrolabe"],"acts_visited":["Exordium","TheCity"],"potions_floor_usage":[21],"damage_taken":[{"damage":9.0,"enemies":"Cultist","floor":1.0,"turns":3.0},{"damage":21.0,"enemies":"Lagavulin Event","floor":7.0,"turns":5.0},{"damage":7.0,"enemies":"2 Louse","floor":8.0,"turns":3.0},{"damage":0.0,"enemies":"Jaw Worm","floor":11.0,"turns":3.0},{"damage":55.0,"enemies":"Hexaghost","floor":16.0,"turns":4.0},{"damage":85.0,"enemies":"3 Byrds","floor":18.0,"turns":3.0},{"damage":12,"enemies":"Chosen","floor":21,"turns":6}],"seed_played":"-4230686447748436371","potions_obtained":[{"floor":8.0,"key":"FearPotion"},{"floor":16.0,"key":"EssenceOfSteel"},{"floor":18.0,"key":"SpeedPotion"}],"is_trial":false,"path_per_floor":["M","?","?","$","?","R","?","M","T","$","M","?","?","$","R","B",null,"M","?","?","M"],"character_chosen":"DEFECT","items_purchased":["Apotheosis"],"campfire_rested":1,"item_purchase_floors":[4],"current_hp_per_floor":[66,66,55,55,37,37,33,36,46,46,56,56,38,38,65,20,92,7,7,7,0,0],"gold":435,"neow_bonus":"","is_daily":true,"chose_seed":false,"campfire_upgraded":1,"win_rate":0.0,"timestamp":1608210926,"path_taken":["M","?","?","?","?","R","?","M","T","?","?","?","?","$","R","BOSS","M","?","?","?"],"items_purchased_type":["Card"],"build_version":"2020-12-13","purchased_purges":1,"victory":false,"max_hp_per_floor":[75,75,75,75,75,75,82,82,92,92,92,92,92,92,92,92,92,92,46,46,46,46],"card_choices":[{"not_picked":["Redo","Ball Lightning"],"picked":"Self Repair","floor":1.0},{"not_picked":["Redo","Compile Driver"],"picked":"Streamline","floor":7.0},{"not_picked":["Genetic Algorithm","Auto Shields"],"picked":"Reinforced Body","floor":8.0},{"not_picked":["Undo","Streamline"],"picked":"Stack","floor":11.0},{"not_picked":["Echo Form","Reboot"],"picked":"Creative AI","floor":16.0},{"not_picked":["Recycle+1","Compile Driver"],"picked":"Stack","floor":18.0}],"player_experience":51479,"relics_obtained":[{"floor":7.0,"key":"Strawberry"},{"floor":9.0,"key":"Pear"}],"event_choices":[{"damage_healed":0.0,"max_hp_gain":0.0,"max_hp_loss":0.0,"gold_gain":0.0,"event_name":"Living Wall","player_choice":"Grow","floor":2.0,"gold_loss":0.0,"damage_taken":0.0,"cards_upgraded":["Self Repair"]},{"damage_healed":0.0,"max_hp_gain":0.0,"max_hp_loss":0.0,"gold_gain":75.0,"event_name":"World of Goop","player_choice":"Gather Gold","floor":3.0,"gold_loss":0.0,"damage_taken":11.0},{"damage_healed":0.0,"max_hp_gain":0.0,"max_hp_loss":0.0,"gold_gain":0.0,"event_name":"Golden Idol","player_choice":"Take Damage","floor":5.0,"gold_loss":0.0,"damage_taken":18.0,"relics_obtained":["Golden Idol"]},{"damage_healed":0.0,"max_hp_gain":0.0,"max_hp_loss":0.0,"gold_gain":0.0,"event_name":"Dead Adventurer","player_choice":"Searched \u00271\u0027 times","floor":7.0,"gold_loss":0.0,"damage_taken":0.0},{"damage_healed":0.0,"max_hp_gain":0.0,"max_hp_loss":0.0,"gold_gain":50.0,"event_name":"Golden Wing","player_choice":"Gained Gold","floor":12.0,"gold_loss":0.0,"damage_taken":0.0},{"damage_healed":0.0,"max_hp_gain":0.0,"max_hp_loss":0.0,"gold_gain":0.0,"event_name":"Shining Light","player_choice":"Entered Light","floor":13.0,"gold_loss":0.0,"damage_taken":18.0,"cards_upgraded":["Stack","Dualcast"]},{"damage_healed":0.0,"max_hp_gain":0.0,"max_hp_loss":46.0,"gold_gain":0.0,"event_name":"Ghosts","player_choice":"Became a Ghost","floor":19.0,"gold_loss":0.0,"damage_taken":0.0,"cards_obtained":["Ghostly","Ghostly","Ghostly","Ghostly","Ghostly"]},{"damage_healed":0.0,"max_hp_gain":0.0,"max_hp_loss":0.0,"gold_gain":200.0,"event_name":"Wheel of Change","player_choice":"Gold","floor":20.0,"gold_loss":0.0,"damage_taken":0.0}],"is_beta":false,"boss_relics":[{"not_picked":["Runic Pyramid","Busted Crown"],"picked":"Astrolabe"}],"items_purged_floors":[10],"is_endless":false,"potions_floor_spawned":[8,16,18],"killed_by":"Chosen","ascension_level":0}}