{"host":"94aus4jnk6thj94q","time":1608218486,"event":{"mods":["BaseMod","Minty Spire (QoL Compilation)","Quick Restart","StSLib"],"gold_per_floor":[112,112,123,133,133,133,145,145,145,188,188,217,243,281,281,392,392,417,439,538,143,172,172,172],"floor_reached":23,"playtime":1409,"items_purged":[],"score":195,"play_id":"8a868f25-993a-4b9e-94fd-c9e214b2cdf4","local_time":"20201217172126","is_ascension_mode":false,"campfire_choices":[{"floor":6.0,"key":"REST"},{"floor":8.0,"key":"REST"},{"floor":11.0,"key":"REST"},{"floor":15.0,"key":"REST"}],"circlet_count":0,"master_deck":["Strike_B","Strike_B","Strike_B","Strike_B","Defend_B","Defend_B","Defend_B","Defend_B","Zap","Dualcast","Doom and Gloom","Defragment","Coolheaded","Undo","Electrodynamics","Defragment","Cold Snap","Capacitor","Loop","Lockon","Core Surge","Cold Snap","Doom and Gloom+1","Defragment","Melter","Coolheaded","Loop+1","Ball Lightning"],"relics":["Cracked Core","Matryoshka","Prayer Wheel","CeramicFish","Oddly Smooth Stone","Darkstone Periapt","Velvet Choker","White Beast Statue"],"acts_visited":["Exordium","TheCity"],"potions_floor_usage":[],"damage_taken":[{"damage":1.0,"enemies":"2 Louse","floor":1.0,"turns":2.0},{"damage":1.0,"enemies":"Cultist","floor":3.0,"turns":3.0},{"damage":8.0,"enemies":"Jaw Worm","floor":4.0,"turns":3.0},{"damage":12.0,"enemies":"3 Louse","floor":7.0,"turns":2.0},{"damage":28.0,"enemies":"Gremlin Nob","floor":10.0,"turns":4.0},{"damage":20.0,"enemies":"Looter","floor":12.0,"turns":3.0},{"damage":6.0,"enemies":"2 Fungi Beasts","floor":13.0,"turns":2.0},{"damage":17.0,"enemies":"Exordium Thugs","floor":14.0,"turns":4.0},{"damage":6.0,"enemies":"The Guardian","floor":16.0,"turns":11.0},{"damage":35.0,"enemies":"3 Byrds","floor":18.0,"turns":5.0},{"damage":4,"enemies":"Spheric Guardian","floor":19,"turns":6},{"damage":6,"enemies":"Centurion and Healer","floor":22,"turns":5},{"damage":0,"enemies":"Book of Stabbing","floor":23,"turns":1}],"seed_played":"5279903741835526986","potions_obtained":[{"floor":1.0,"key":"SkillPotion"},{"floor":3.0,"key":"Swift Potion"},{"floor":10.0,"key":"PowerPotion"},{"floor":12.0,"key":"Weak Potion"},{"floor":22,"key":"SkillPotion"}],"is_trial":false,"path_per_floor":["M","?","M","M","?","R","M","R","T","E","R","M","M","M","R","B",null,"M","M","?","$","M","E"],"character_chosen":"DEFECT","items_purchased":["White Beast Statue","Defragment","Melter","Coolheaded"],"campfire_rested":4,"item_purchase_floors":[21,21,21,21],"current_hp_per_floor":[81,78,77,69,69,82,70,82,82,54,78,58,52,35,59,53,82,47,43,43,43,37,37,37],"gold":172,"neow_bonus":"TEN_PERCENT_HP_BONUS","is_daily":false,"chose_seed":false,"campfire_upgraded":0,"win_rate":0.0,"timestamp":1608218486,"path_taken":["M","?","M","M","?","R","M","R","T","E","R","M","M","M","R","BOSS","M","M","?","$","M","E"],"items_purchased_type":["Relic","Card","Card","Card"],"build_version":"2020-12-13","purchased_purges":0,"victory":false,"max_hp_per_floor":[82,82,82,82,82,82,82,82,82,82,82,82,82,82,82,82,82,82,82,82,82,82,82,82],"card_choices":[{"not_picked":["Turbo","FTL"],"picked":"Doom and Gloom","floor":1.0},{"not_picked":["Streamline","Rip and Tear"],"picked":"Defragment","floor":3.0},{"not_picked":["Beam Cell","Redo"],"picked":"Coolheaded","floor":4.0},{"not_picked":["Aggregate","Gash"],"picked":"Undo","floor":7.0},{"not_picked":["Chaos","FTL"],"picked":"Electrodynamics","floor":7.0},{"not_picked":["Reinforced Body","Rebound"],"picked":"Defragment","floor":10.0},{"not_picked":["Rebound","Auto Shields"],"picked":"Cold Snap","floor":12.0},{"not_picked":["Stack","Steam","Heatsinks"],"picked":"SKIP","floor":12.0},{"not_picked":["Melter","Sweeping Beam"],"picked":"Capacitor","floor":13.0},{"not_picked":["Rebound","Stack","Beam Cell"],"picked":"SKIP","floor":13.0},{"not_picked":["Double Energy","Melter"],"picked":"Loop","floor":14.0},{"not_picked":["Rebound","Reinforced Body"],"picked":"Lockon","floor":14.0},{"not_picked":["Seek","All For One"],"picked":"Core Surge","floor":16.0},{"not_picked":["Go for the Eyes","Hologram"],"picked":"Cold Snap","floor":18},{"not_picked":["Coolheaded+1","Heatsinks","Stack"],"picked":"SKIP","floor":18},{"not_picked":["FTL","Turbo+1"],"picked":"Doom and Gloom+1","floor":19},{"not_picked":["Steam","Sweeping Beam+1","Tempest"],"picked":"SKIP","floor":19},{"not_picked":["Reinforced Body","Rebound"],"picked":"Loop+1","floor":22},{"not_picked":["Beam Cell","Conserve Battery"],"picked":"Ball Lightning","floor":22}],"player_experience":5603677,"relics_obtained":[{"floor":9.0,"key":"CeramicFish"},{"floor":9.0,"key":"Oddly Smooth Stone"},{"floor":10.0,"key":"Darkstone Periapt"}],"event_choices":[{"damage_healed":0.0,"max_hp_gain":0.0,"max_hp_loss":0.0,"gold_gain":0.0,"event_name":"Scrap Ooze","player_choice":"Success","floor":2.0,"gold_loss":0.0,"damage_taken":3.0,"relics_obtained":["Matryoshka"]},{"damage_healed":0.0,"max_hp_gain":0.0,"max_hp_loss":0.0,"gold_gain":0.0,"event_name":"WeMeetAgain","player_choice":"Gave Potion","floor":5.0,"gold_loss":0.0,"damage_taken":0.0,"relics_obtained":["Prayer Wheel"]},{"damage_healed":0,"gold_gain":99,"player_choice":"Stole From Cult","damage_taken":0,"max_hp_gain":0,"max_hp_loss":0,"event_name":"Nest","floor":20,"gold_loss":0}],"is_beta":false,"boss_relics":[{"not_picked":["Runic Pyramid","Inserter"],"picked":"Velvet Choker"}],"items_purged_floors":[],"is_endless":false,"potions_floor_spawned":[1,3,10,12,22],"killed_by":"Book of Stabbing","ascension_level":0}}