{"host":"jgyoyy5iuhtvyvtg","time":1608194717,"event":{"mods":["2.2 Compatiblity","BaseMod","Challenge The Spire","Colored Map","Conspire","Downfall","Hermit","Highlight Path","Infinite Spire","Lobotomy","LobotomyExtend","Minty Spire (QoL Compilation)","Quick Restart","Replay The Spire","Spikes Relics","StSLib","The Construct","The Disciple","The Jungle","Yuri Mod"],"gold_per_floor":[99,176,26,26,46,46,46,57,85,85,33,45,45,57,73,146,146,146,171,189,189,189,200,200,300,300,328,328,36,48,67,79,153,153,153,173,198,198,225,225,225,225,225,225,241,241,35,35,51,51],"floor_reached":51,"playtime":2008,"items_purged":["Slimebound:Tackle"],"score":1672,"play_id":"058dc65a-6616-4b6f-9a6c-1b24f88aff76","local_time":"20201217004517","is_ascension_mode":true,"campfire_choices":[{"data":"Slimebound:Split","floor":1,"key":"SMITH"},{"data":"Slimebound:CorrosiveSpit","floor":4,"key":"SMITH"},{"data":"Slimebound:FinishingTackle","floor":6,"key":"SMITH"},{"data":"Slimebound:GoopSpray","floor":10,"key":"SMITH"},{"data":"Slimebound:SpikyOuterGoop","floor":18,"key":"SMITH"},{"data":"Slimebound:MegaLick","floor":21,"key":"SMITH"},{"data":"infinitespire:Execution","floor":26,"key":"SMITH"},{"data":"ReplayTheSpireMod:Brewmster","floor":35,"key":"SMITH"},{"data":"Slimebound:FormOfPuddle","floor":40,"key":"SMITH"},{"data":"Slimebound:MegaLick","floor":42,"key":"SMITH"},{"data":"Slimebound:SpikyOuterGoop","floor":44,"key":"SMITH"}],"circlet_count":0,"master_deck":["AscendersBane","Slimebound:Strike_Slimebound","Slimebound:Strike_Slimebound","Slimebound:Strike_Slimebound","Slimebound:Defend_Slimebound","Slimebound:Defend_Slimebound","Slimebound:Defend_Slimebound","Slimebound:Defend_Slimebound","Slimebound:Split+1","Slimebound:CorrosiveSpit+1","Slimebound:MegaLick+1","Slimebound:FinishingTackle+1","Slimebound:SplitMire","Slimebound:ViciousTackle","Slimebound:GoopSpray+1","Slimebound:LeechingTouch","Slimebound:Prepare","Slimebound:SpikyOuterGoop+1","Slimebound:LeechingTouch","Slimebound:LeechEnergy","Slimebound:WasteNot","Slimebound:Schlurp","infinitespire:Execution+1","infinitespire:Fortify","Slimebound:GrowthPunch+1","Slimebound:SamplingLick","Slimebound:SpikyOuterGoop+1","ReplayTheSpireMod:Brewmster+1","Slimebound:Gluttony","Slimebound:Gluttony+1","Slimebound:Recycling","Slimebound:MegaLick+1","Slimebound:FormOfPuddle+1","Pot Of Greed","Pot Of Greed","Pot Of Greed","Slimebound:Recollect","Slimebound:GrowthPunch+1","Pot Of Greed","expansioncontent:CaCaw","Slimebound:HauntingLick","Slimebound:LeechEnergy+1"],"relics":["Slimebound:AbsorbEndCombatUpgraded","Toy Ornithopter","LetterFromLob","conspire:Boomerang","Replay:Wax Seal","Iron Hammer","infinitespire:CheckeredPen","construct:ClawGrip","infinitespire:Broken Mirror","infinitespire:EmpoweringShard","conspire:SlowCooker","Torii","Grinning Jar","Gremlin Food","Anchor","ReplayTheSpireMod:TigerMarble"],"acts_visited":["Exordium","Exordium","TheBeyond"],"potions_floor_usage":[16,16,19,30,32,32,32,33,33,33,37,47,50,50,50,50],"damage_taken":[{"damage":18,"enemies":"Jaw Worm","floor":5,"turns":3},{"damage":8,"enemies":"2 Louse","floor":8,"turns":2},{"damage":25,"enemies":"Lagavulin","floor":9,"turns":6},{"damage":26,"enemies":"downfall:FleeingMerchant","floor":11,"turns":4},{"damage":12,"enemies":"Cultist","floor":12,"turns":3},{"damage":15,"enemies":"3 Louse","floor":14,"turns":3},{"damage":8,"enemies":"2 Fungi Beasts","floor":15,"turns":3},{"damage":61,"enemies":"downfall:Silent","floor":16,"turns":8},{"damage":25,"enemies":"theJungle:MamaSnecko","floor":19,"turns":6},{"damage":40,"enemies":"theJungle:GiantWrat","floor":20,"turns":4},{"damage":4,"enemies":"theJungle:MUSHROOMGANG","floor":23,"turns":3},{"damage":12,"enemies":"theJungle:2_Phrogs","floor":27,"turns":5},{"damage":12,"enemies":"downfall:FleeingMerchant","floor":29,"turns":4},{"damage":6,"enemies":"theJungle:2_Snecko_Cultists","floor":30,"turns":3},{"damage":12,"enemies":"theJungle:JungleHuntersEncounter","floor":31,"turns":4},{"damage":9,"enemies":"theJungle:Lyon","floor":32,"turns":3},{"damage":32,"enemies":"downfall:Defect","floor":33,"turns":6},{"damage":41,"enemies":"3 Darklings","floor":36,"turns":4},{"damage":15,"enemies":"Mind Bloom Boss Battle","floor":37,"turns":5},{"damage":48,"enemies":"Nemesis","floor":39,"turns":5},{"damage":9,"enemies":"Orb Walker","floor":45,"turns":3},{"damage":0,"enemies":"downfall:FleeingMerchant","floor":47,"turns":2},{"damage":11,"enemies":"Jaw Worm Horde","floor":49,"turns":3},{"damage":16,"enemies":"downfall:Watcher","floor":50,"turns":6}],"seed_played":"2636084678979319627","potions_obtained":[{"floor":5,"key":"ColorlessPotion"},{"floor":9,"key":"Adrenaline Potion"},{"floor":16,"key":"Slimebound:ThreeZeroPotion"},{"floor":19,"key":"champ:CounterPotion"},{"floor":23,"key":"Dexterity Potion"},{"floor":30,"key":"Explosive Potion"},{"floor":33,"key":"SteroidPotion"},{"floor":36,"key":"PowerPotion"}],"is_trial":false,"path_per_floor":["R","?","?","R","M","R","T","M","E","R","$","M","?","M","M","B",null,"R","E","M","R","AVR","M","T","?","R","E","?","$","M","M","M","B",null,"R","M","?","?","E","R","T","R","?","R","M","?","$","$","M","B",null],"character_chosen":"SLIMEBOUND","items_purchased":["Slimebound:Prepare","Slimebound:SpikyOuterGoop","ReplayTheSpireMod:Brewmster","Anchor","ReplayTheSpireMod:TigerMarble","EssenceOfSteel","ColorlessPotion"],"campfire_rested":0,"item_purchase_floors":[11,29,29,47,47,47,47],"current_hp_per_floor":[54,31,69,69,67,67,67,67,67,67,69,69,69,69,69,53,65,65,69,52,52,52,68,68,48,48,69,69,69,67,69,69,69,69,69,68,69,69,44,44,44,44,44,44,51,51,64,64,69,69],"gold":51,"neow_bonus":"TEN_PERCENT_HP_BONUS","is_daily":false,"chose_seed":false,"campfire_upgraded":11,"win_rate":0.0,"timestamp":1608194717,"path_taken":["R","?","?","R","M","R","T","?","E","R","$","M","?","M","M","BOSS","R","E","M","R","AVR","M","T","?","R","E","?","$","M","?","M","BOSS","R","M","?","?","E","R","T","R","?","R","M","?","?","$","M","BOSS"],"items_purchased_type":["Card","Card","Card","Relic","Relic","Potion","Potion"],"build_version":"2020-12-13","purchased_purges":1,"victory":true,"max_hp_per_floor":[59,59,69,69,69,69,69,69,69,69,69,69,69,69,69,69,69,69,69,69,69,69,69,69,69,69,69,69,69,69,69,69,69,69,69,69,69,69,69,69,69,69,69,69,69,69,69,69,69,69],"card_choices":[{"not_picked":["Slimebound:Repurpose","Slimebound:DisruptingSlam"],"picked":"Slimebound:MegaLick","floor":2},{"not_picked":["Slimebound:SplitAcid","Slimebound:Dissolve"],"picked":"Slimebound:FinishingTackle","floor":2},{"not_picked":["Slimebound:SamplingLick","Slimebound:SplitBruiser"],"picked":"Slimebound:SplitMire","floor":5},{"not_picked":["Slimebound:SplitMire","Slimebound:MassRepurpose"],"picked":"Slimebound:ViciousTackle","floor":8},{"not_picked":["Slimebound:Equalize","Slimebound:Dissolve"],"picked":"Slimebound:GoopSpray","floor":9},{"not_picked":["Slimebound:PressTheAttack","Slimebound:SlimeSpikes"],"picked":"Slimebound:LeechingTouch","floor":11},{"not_picked":["Slimebound:RollThrough","Slimebound:SlimeSpikes"],"picked":"Slimebound:SpikyOuterGoop","floor":12},{"not_picked":["Slimebound:RollThrough","Slimebound:SplitAcid"],"picked":"Slimebound:LeechingTouch","floor":14},{"not_picked":["Slimebound:RejuvenatingLick","Slimebound:SplitLeeching"],"picked":"Slimebound:LeechEnergy","floor":15},{"not_picked":["Slimebound:MassRepurpose","Slimebound:TagTeam"],"picked":"Slimebound:WasteNot","floor":16},{"not_picked":["Slimebound:FinishingTackle","Slimebound:SlimeSpikes"],"picked":"Slimebound:Schlurp","floor":19},{"not_picked":["Slimebound:SlimeSpikes","Slimebound:LeechingTouch","Slimebound:RollThrough"],"picked":"SKIP","floor":20},{"not_picked":["Slimebound:PressTheAttack","Slimebound:ViciousTackle"],"picked":"Slimebound:GrowthPunch","floor":23},{"not_picked":["Slimebound:GrowthPunch","Slimebound:LeechingTouch+1"],"picked":"Slimebound:SamplingLick","floor":27},{"not_picked":["Slimebound:RainOfGoop","Slimebound:Schlurp","Slimebound:PressTheAttack"],"picked":"SKIP","floor":29},{"not_picked":["Slimebound:LeechingTouch","Slimebound:RallyTheTroops"],"picked":"Slimebound:Gluttony","floor":30},{"not_picked":["Slimebound:SplitLeeching","Slimebound:SlimeSpikes","Slimebound:LeechingTouch+1"],"picked":"SKIP","floor":31},{"not_picked":["Slimebound:Grow","Slimebound:SplitBruiser"],"picked":"Slimebound:Gluttony+1","floor":32},{"not_picked":["Slimebound:MassRepurpose","Slimebound:Darklings"],"picked":"Slimebound:Recycling","floor":33},{"not_picked":["Slimebound:BestDefense","Slimebound:SplitBruiser"],"picked":"Slimebound:MegaLick","floor":36},{"not_picked":["Slimebound:SplitMire","Slimebound:Gluttony+1"],"picked":"Slimebound:FormOfPuddle","floor":37},{"not_picked":["Slimebound:SplitBruiser","Slimebound:RejuvenatingLick"],"picked":"Slimebound:Recollect","floor":39},{"not_picked":["Slimebound:SplitLeeching","Slimebound:FinishingTackle"],"picked":"Slimebound:GrowthPunch+1","floor":45},{"not_picked":["expansioncontent:Sear","expansioncontent:GuardianWhirl"],"picked":"expansioncontent:CaCaw","floor":46},{"not_picked":["Slimebound:SplitAcid","Slimebound:GrowthPunch"],"picked":"Slimebound:HauntingLick","floor":47},{"not_picked":["Slimebound:Schlurp","Slimebound:GoopSpray"],"picked":"Slimebound:LeechEnergy+1","floor":49}],"player_experience":3138608,"relics_obtained":[{"floor":2,"key":"Toy Ornithopter"},{"floor":5,"key":"LetterFromLob"},{"floor":7,"key":"conspire:Boomerang"},{"floor":9,"key":"Replay:Wax Seal"},{"floor":19,"key":"Iron Hammer"},{"floor":24,"key":"infinitespire:Broken Mirror"},{"floor":27,"key":"infinitespire:EmpoweringShard"},{"floor":37,"key":"Torii"},{"floor":39,"key":"Grinning Jar"},{"floor":41,"key":"Gremlin Food"}],"event_choices":[{"damage_healed":0,"gold_gain":0,"player_choice":"Upgraded","damage_taken":0,"max_hp_gain":0,"max_hp_loss":0,"event_name":"Upgrade Shrine","floor":28,"gold_loss":0,"cards_upgraded":["Slimebound:GrowthPunch"]}],"is_beta":false,"boss_relics":[{"not_picked":["ReplayTheSpireMod:SealedPack","Replay:Bronze Core"],"picked":"Slimebound:AbsorbEndCombatUpgraded"},{"not_picked":["Runic Pyramid","conspire:SeveredTorchhead"],"picked":"conspire:SlowCooker"}],"items_purged_floors":[47],"is_endless":false,"potions_floor_spawned":[5,9,14,15,16,19,23,30,31,33,36,45,49],"ascension_level":20}}