{"host":"k0d0avqto4hu4k85","time":1608174267,"event":{"mods":["AchievementEnabler","BaseMod","BetterRewards","Colored Map","Colored Powertips","Minty Spire (QoL Compilation)"],"gold_per_floor":[114,129,144,144,159,159,174,189,189,235,81,81,31,46,46,146,146,161,161,161,176,176,176],"floor_reached":22,"playtime":708,"items_purged":["Strike_B"],"score":228,"play_id":"2e8b72d6-485d-4929-85e7-3427a9bc7ca2","local_time":"20201216220427","daily_mods":["Specialized","Flight","Lethality"],"is_ascension_mode":false,"campfire_choices":[{"floor":6,"key":"REST"},{"floor":12,"key":"REST"},{"floor":15,"key":"REST"}],"circlet_count":0,"master_deck":["Strike_B","Strike_B","Defend_B","Defend_B","Defend_B","Defend_B","Zap","Dualcast","White Noise","White Noise","White Noise","White Noise","White Noise","Self Repair+1","Ball Lightning","Leap","Streamline","Conserve Battery","Streamline","Defragment","Cold Snap","Buffer"],"relics":["Cracked Core","Pear","Strawberry","Busted Crown","Pantograph"],"acts_visited":["Exordium","TheCity"],"potions_floor_usage":[10,16,21],"damage_taken":[{"damage":11,"enemies":"Cultist","floor":1,"turns":4},{"damage":10,"enemies":"2 Louse","floor":2,"turns":3},{"damage":14,"enemies":"Jaw Worm","floor":3,"turns":3},{"damage":14,"enemies":"2 Fungi Beasts","floor":5,"turns":3},{"damage":32,"enemies":"3 Louse","floor":7,"turns":4},{"damage":28,"enemies":"Large Slime","floor":8,"turns":5},{"damage":16,"enemies":"Lagavulin Event","floor":10,"turns":5},{"damage":25,"enemies":"Red Slaver","floor":14,"turns":4},{"damage":67,"enemies":"Hexaghost","floor":16,"turns":8},{"damage":72,"enemies":"3 Byrds","floor":18,"turns":3},{"damage":24,"enemies":"Chosen","floor":21,"turns":5},{"damage":0,"enemies":"Centurion and Healer","floor":22,"turns":1}],"seed_played":"-4230686447748436371","potions_obtained":[{"floor":3,"key":"AttackPotion"},{"floor":5,"key":"DistilledChaos"},{"floor":7,"key":"FearPotion"},{"floor":8,"key":"Block Potion"},{"floor":18,"key":"Block Potion"}],"is_trial":false,"path_per_floor":["M","M","M","?","M","R","M","M","T","?","$","R","?","M","R","B",null,"M","?","?","M","M"],"character_chosen":"DEFECT","items_purchased":["Defragment"],"campfire_rested":3,"item_purchase_floors":[11],"current_hp_per_floor":[64,61,54,54,50,72,50,32,42,43,43,70,70,55,82,25,92,30,30,27,13,13,13],"gold":176,"neow_bonus":"","is_daily":true,"chose_seed":false,"campfire_upgraded":0,"win_rate":0.0,"timestamp":1608174267,"path_taken":["M","M","M","?","M","R","M","M","T","?","?","R","?","M","R","BOSS","M","?","?","?","M"],"items_purchased_type":["Card"],"build_version":"2020-12-13","purchased_purges":1,"victory":false,"max_hp_per_floor":[75,75,75,75,75,75,75,75,85,92,92,92,92,92,92,92,92,92,92,92,92,92,92],"card_choices":[{"not_picked":["Redo","Ball Lightning"],"picked":"Self Repair","floor":1},{"not_picked":["Barrage","Blizzard","Storm"],"picked":"SKIP","floor":2},{"not_picked":["Turbo","Tempest"],"picked":"Ball Lightning","floor":3},{"not_picked":["Turbo","Sweeping Beam"],"picked":"Leap","floor":5},{"not_picked":["Sweeping Beam","Seek"],"picked":"Streamline","floor":7},{"not_picked":["Rebound","Barrage"],"picked":"Conserve Battery","floor":8},{"not_picked":["Stack","Go for the Eyes"],"picked":"Streamline","floor":10},{"not_picked":["Go for the Eyes","Stack"],"picked":"Cold Snap","floor":14},{"not_picked":["Biased Cognition","Creative AI"],"picked":"Buffer","floor":16},{"not_picked":["Recycle+1"],"picked":"SKIP","floor":18},{"not_picked":["Turbo"],"picked":"SKIP","floor":21}],"player_experience":1167226,"relics_obtained":[{"floor":9,"key":"Pear"},{"floor":10,"key":"Strawberry"}],"event_choices":[{"damage_healed":0,"gold_gain":0,"player_choice":"Grow","damage_taken":0,"max_hp_gain":0,"max_hp_loss":0,"event_name":"Living Wall","floor":4,"gold_loss":0,"cards_upgraded":["Self Repair"]},{"damage_healed":0,"gold_gain":30,"player_choice":"Searched \u00272\u0027 times","damage_taken":0,"max_hp_gain":0,"max_hp_loss":0,"event_name":"Dead Adventurer","floor":10,"gold_loss":0},{"cards_removed":["Strike_B"],"damage_healed":0,"gold_gain":0,"player_choice":"Card Removal","damage_taken":0,"max_hp_gain":0,"max_hp_loss":0,"event_name":"The Cleric","floor":13,"gold_loss":50},{"damage_healed":0,"gold_gain":0,"player_choice":"Opened","damage_taken":0,"relics_obtained":["Pantograph"],"max_hp_gain":0,"max_hp_loss":0,"event_name":"The Mausoleum","floor":19,"gold_loss":0},{"damage_healed":0,"gold_gain":0,"player_choice":"Punched","damage_taken":3,"max_hp_gain":0,"max_hp_loss":0,"event_name":"Designer","floor":20,"gold_loss":0}],"is_beta":false,"boss_relics":[{"not_picked":["Runic Pyramid","Astrolabe"],"picked":"Busted Crown"}],"items_purged_floors":[11],"is_endless":false,"potions_floor_spawned":[3,5,7,8,18],"killed_by":"Centurion and Healer","ascension_level":0}}