{"host":"u7z1lmrchu4dzqy1","time":1608225256,"event":{"mods":["AchievementEnabler","BaseMod","Colored Map","DeckTracker","Highlight Path","Minty Spire (QoL Compilation)","Permanent Neow","StSLib","SuperFastMode","The Hierophant"],"gold_per_floor":[118,118,13,163,163,206,219,219,219],"floor_reached":8,"playtime":274,"items_purged":["Writhe"],"score":105,"play_id":"e48706cc-0d83-46c2-8155-01f88fcca9b0","local_time":"20201218021416","is_ascension_mode":true,"campfire_choices":[],"circlet_count":0,"master_deck":["AscendersBane","Strike_G","Strike_G","Strike_G","Strike_G","Defend_G","Defend_G","Defend_G","Defend_G","Survivor","Neutralize","Envenom","Distraction","Dagger Spray","Poisoned Stab","Doubt","Noxious Fumes","Deflect"],"relics":["Ring of the Snake","Golden Idol","FaceOfCleric","Anchor"],"acts_visited":["Exordium"],"potions_floor_usage":[],"damage_taken":[{"damage":4,"enemies":"Small Slimes","floor":1,"turns":4},{"damage":44,"enemies":"3 Sentries","floor":6,"turns":12},{"damage":5,"enemies":"Jaw Worm","floor":7,"turns":4},{"damage":7,"enemies":"Gremlin Nob","floor":8,"turns":3}],"seed_played":"-775706560439962129","potions_obtained":[{"floor":6,"key":"SmokeBomb"}],"is_trial":false,"path_per_floor":["M","?","$","?","?","E","M","E"],"character_chosen":"THE_SILENT","items_purchased":["Poisoned Stab"],"campfire_rested":0,"item_purchase_floors":[3],"current_hp_per_floor":[55,55,55,55,55,12,8,1,1],"gold":219,"neow_bonus":"TRANSFORM_TWO_CARDS","is_daily":false,"chose_seed":false,"campfire_upgraded":0,"win_rate":0.0,"timestamp":1608225256,"path_taken":["M","?","$","?","?","E","?","E"],"items_purchased_type":["Card"],"build_version":"2020-12-13","purchased_purges":1,"victory":false,"max_hp_per_floor":[66,60,60,60,60,61,62,62,62],"card_choices":[{"not_picked":["Quick Slash","Eviscerate"],"picked":"Dagger Spray","floor":1},{"not_picked":["Quick Slash","Dagger Throw"],"picked":"Noxious Fumes","floor":6},{"not_picked":["Outmaneuver","Sucker Punch"],"picked":"Deflect","floor":7}],"player_experience":567214,"relics_obtained":[{"floor":6,"key":"Anchor"}],"event_choices":[{"damage_healed":0,"gold_gain":0,"player_choice":"Lose Max HP","damage_taken":0,"relics_obtained":["Golden Idol"],"max_hp_gain":0,"max_hp_loss":6,"event_name":"Golden Idol","floor":2,"gold_loss":0},{"damage_healed":0,"gold_gain":150,"player_choice":"AGREE","damage_taken":0,"max_hp_gain":0,"max_hp_loss":0,"event_name":"Liars Game","floor":4,"gold_loss":0,"cards_obtained":["Doubt"]},{"damage_healed":0,"gold_gain":0,"player_choice":"Trade","damage_taken":0,"relics_obtained":["FaceOfCleric"],"max_hp_gain":0,"max_hp_loss":0,"event_name":"FaceTrader","floor":5,"gold_loss":0}],"is_beta":false,"boss_relics":[],"items_purged_floors":[3],"is_endless":false,"potions_floor_spawned":[6],"killed_by":"Gremlin Nob","ascension_level":19}}