{"host":"kh6fvhxn285ncg0o","time":1608167487,"event":{"mods":["Act Like it!","BaseMod","Colored Map","Friendly Minions","Keyboard Shortcuts","Minty Spire (QoL Compilation)","Quick Restart","Relic Stats","StSLib","SuperFastMode"],"gold_per_floor":[119,269,287,212,82,107,107,134,159,159,184,215,250,273,285,374,386,408,436,448,470,182,212,212,241,241,257,257,277,277,295,295,371,371,386,405,405,430,430,460,507,532,532,545,545,557,323,349,349,349,349,349,349,78,103,103,103],"floor_reached":56,"playtime":1749,"items_purged":["Strike_R","Strike_R","Regret","Pain"],"score":2111,"play_id":"9556ccbc-fa62-4310-93fd-83e68258e2e3","local_time":"20201217101127","is_ascension_mode":true,"campfire_choices":[{"data":"Bash","floor":7,"key":"SMITH"},{"floor":10,"key":"REST"},{"data":"Carnage","floor":15,"key":"SMITH"},{"data":"Battle Trance","floor":24,"key":"SMITH"},{"data":"Second Wind","floor":28,"key":"SMITH"},{"data":"Pommel Strike","floor":32,"key":"SMITH"},{"floor":45,"key":"RECALL"},{"data":"Evolve","floor":49,"key":"SMITH"},{"data":"Barricade","floor":53,"key":"SMITH"}],"circlet_count":0,"master_deck":["AscendersBane","Strike_R","Defend_R","Defend_R","Defend_R","Bash+1","Flame Barrier","Pommel Strike+1","Carnage+1","Immolate+1","Battle Trance+1","Second Wind+1","Entrench+1","Writhe","Barricade+1","Evolve+1","Fire Breathing","Purity"],"relics":["Burning Blood","Lantern","CaptainsWheel","Strawberry","MawBank","Cursed Key","Membership Card","Anchor","Du-Vu Doll","Oddly Smooth Stone","StoneCalendar","Happy Flower","Coffee Dripper","Champion Belt","Akabeko","Turnip","Vajra","Mummified Hand","Thread and Needle","InkBottle","TheAbacus","Art of War"],"acts_visited":["Exordium","TheCity","TheBeyond","TheEnding"],"potions_floor_usage":[6,8,19,25,29,33,41,44,55,56,56],"damage_taken":[{"damage":7,"enemies":"Jaw Worm","floor":1,"turns":3},{"damage":3,"enemies":"2 Louse","floor":3,"turns":3},{"damage":17,"enemies":"3 Sentries","floor":6,"turns":5},{"damage":40,"enemies":"Lagavulin","floor":8,"turns":6},{"damage":15,"enemies":"3 Sentries","floor":11,"turns":8},{"damage":1,"enemies":"Cultist","floor":12,"turns":3},{"damage":1,"enemies":"Looter","floor":14,"turns":2},{"damage":43,"enemies":"The Guardian","floor":16,"turns":9},{"damage":0,"enemies":"Chosen","floor":18,"turns":3},{"damage":0,"enemies":"Spheric Guardian","floor":19,"turns":4},{"damage":6,"enemies":"3 Cultists","floor":21,"turns":3},{"damage":0,"enemies":"Gremlin Leader","floor":23,"turns":4},{"damage":14,"enemies":"Book of Stabbing","floor":25,"turns":3},{"damage":4,"enemies":"Snake Plant","floor":27,"turns":2},{"damage":6,"enemies":"Sentry and Sphere","floor":29,"turns":4},{"damage":18,"enemies":"Shelled Parasite and Fungi","floor":31,"turns":3},{"damage":37,"enemies":"Automaton","floor":33,"turns":8},{"damage":1,"enemies":"3 Darklings","floor":35,"turns":3},{"damage":15,"enemies":"3 Shapes","floor":36,"turns":6},{"damage":8,"enemies":"Mind Bloom Boss Battle","floor":38,"turns":4},{"damage":4,"enemies":"Giant Head","floor":40,"turns":11},{"damage":1,"enemies":"2 Orb Walkers","floor":41,"turns":5},{"damage":5,"enemies":"Reptomancer","floor":42,"turns":4},{"damage":30,"enemies":"Maw","floor":44,"turns":7},{"damage":5,"enemies":"Jaw Worm Horde","floor":46,"turns":2},{"damage":5,"enemies":"Nemesis","floor":48,"turns":7},{"damage":23,"enemies":"Awakened One","floor":50,"turns":14},{"damage":23,"enemies":"Time Eater","floor":51,"turns":12},{"damage":32,"enemies":"Shield and Spear","floor":55,"turns":5},{"damage":35,"enemies":"The Heart","floor":56,"turns":2}],"seed_played":"-1445618352952513868","potions_obtained":[{"floor":1,"key":"FearPotion"},{"floor":11,"key":"SmokeBomb"},{"floor":12,"key":"SpeedPotion"},{"floor":16,"key":"ColorlessPotion"},{"floor":18,"key":"HeartOfIron"},{"floor":23,"key":"Fire Potion"},{"floor":25,"key":"SneckoOil"},{"floor":31,"key":"HeartOfIron"},{"floor":40,"key":"BloodPotion"},{"floor":41,"key":"GamblersBrew"},{"floor":44,"key":"PowerPotion"},{"floor":55,"key":"Explosive Potion"}],"is_trial":false,"path_per_floor":["M","?","M","?","$","E","R","E","T","R","E","M","T","M","R","B",null,"M","M","?","M","$","E","R","E","T","M","R","M","?","M","R","B",null,"M","M","?","?","?","E","?","E","T","M","R","M","$","E","R","B","B",null,"R","$","E","B"],"character_chosen":"IRONCLAD","items_purchased":["AttackPotion","Membership Card","Anchor","Thread and Needle","TheAbacus","Fire Breathing","ColorlessPotion","Purity"],"campfire_rested":1,"item_purchase_floors":[5,22,22,47,54,54,54,54],"current_hp_per_floor":[67,67,68,68,68,57,57,23,30,52,43,48,48,53,53,16,60,66,72,72,72,72,75,75,67,67,69,69,69,69,57,57,26,63,68,59,59,57,57,59,64,65,65,55,55,56,56,57,57,40,23,59,59,59,33,0,0],"gold":103,"neow_bonus":"REMOVE_TWO","is_daily":false,"chose_seed":false,"campfire_upgraded":7,"win_rate":0.0,"timestamp":1608167487,"path_taken":["M","?","M","?","$","E","R","E","T","R","E","M","?","M","R","BOSS","M","M","?","M","?","E","R","E","T","M","R","M","?","M","R","BOSS","M","M","?","?","?","E","?","E","T","?","R","M","$","E","R","BOSS","BOSS","R","$","E","BOSS"],"items_purchased_type":["Potion","Relic","Relic","Relic","Relic","Card","Potion","Card"],"build_version":"2020-12-13","purchased_purges":4,"victory":false,"max_hp_per_floor":[68,68,68,68,68,68,68,68,75,75,75,75,75,75,75,75,75,75,75,75,75,75,75,75,75,75,75,75,75,75,75,75,75,75,75,75,71,71,71,71,71,71,71,71,71,71,71,71,71,71,71,71,71,71,71,71,71],"relic_stats":{"Happy Flower":[31],"counters":[30,155],"StoneCalendar":[208],"MawBank":132,"Cursed Key":2,"Burning Blood":169,"TheAbacus":[42],"Mummified Hand":[19],"Turnip":[8],"Art of War":[0],"Champion Belt":[21],"obtain_stats":[{"Lantern":6,"Happy Flower":30,"Oddly Smooth Stone":25,"Vajra":42,"StoneCalendar":26,"Thread and Needle":47,"MawBank":11,"Cursed Key":17,"Burning Blood":0,"Akabeko":40,"Du-Vu Doll":23,"CaptainsWheel":8,"Anchor":22,"TheAbacus":54,"Mummified Hand":43,"Strawberry":9,"Turnip":41,"Coffee Dripper":34,"Art of War":55,"Membership Card":22,"Champion Belt":38,"InkBottle":48},{"Lantern":3,"Happy Flower":15,"Oddly Smooth Stone":13,"Vajra":23,"StoneCalendar":13,"Thread and Needle":25,"MawBank":5,"Cursed Key":8,"Burning Blood":0,"Akabeko":21,"Du-Vu Doll":12,"CaptainsWheel":4,"Anchor":11,"TheAbacus":28,"Mummified Hand":23,"Strawberry":4,"Turnip":22,"Coffee Dripper":17,"Art of War":29,"Membership Card":11,"Champion Belt":20,"InkBottle":26},{"Lantern":11,"Happy Flower":62,"Oddly Smooth Stone":56,"Vajra":106,"StoneCalendar":56,"Thread and Needle":115,"MawBank":25,"Cursed Key":39,"Burning Blood":0,"Akabeko":97,"Du-Vu Doll":53,"CaptainsWheel":17,"Anchor":49,"TheAbacus":148,"Mummified Hand":106,"Strawberry":17,"Turnip":102,"Coffee Dripper":73,"Art of War":153,"Membership Card":49,"Champion Belt":86,"InkBottle":122}],"InkBottle":[7]},"card_choices":[{"not_picked":["Intimidate","Body Slam"],"picked":"Flame Barrier","floor":1},{"not_picked":["Heavy Blade","Inflame"],"picked":"Pommel Strike","floor":6},{"not_picked":["Reckless Charge","Rampage"],"picked":"Carnage","floor":8},{"not_picked":["Ghostly Armor","Iron Wave","Intimidate"],"picked":"SKIP","floor":12},{"not_picked":["True Grit","Iron Wave","Warcry"],"picked":"SKIP","floor":14},{"not_picked":["Reaper","Offering"],"picked":"Immolate","floor":16},{"not_picked":["Rampage","Flex","Wild Strike"],"picked":"SKIP","floor":18},{"not_picked":["Armaments","Fiend Fire"],"picked":"Battle Trance","floor":19},{"not_picked":["Sword Boomerang","Flame Barrier","Armaments"],"picked":"SKIP","floor":21},{"not_picked":["Sever Soul","Sentinel+1"],"picked":"Second Wind","floor":23},{"not_picked":["Thunderclap","Clash"],"picked":"Entrench+1","floor":25},{"not_picked":["Sword Boomerang","Searing Blow","Flex"],"picked":"SKIP","floor":27},{"not_picked":["Shrug It Off","Spot Weakness","Flex"],"picked":"SKIP","floor":29},{"not_picked":["Wild Strike","Battle Trance","Perfected Strike"],"picked":"SKIP","floor":31},{"not_picked":["Impervious","Bludgeon"],"picked":"Barricade","floor":33},{"not_picked":["Anger","Second Wind"],"picked":"Evolve","floor":35},{"not_picked":["Searing Blow","Headbutt","Sword Boomerang"],"picked":"SKIP","floor":36},{"not_picked":["Twin Strike","Sentinel","Second Wind"],"picked":"SKIP","floor":40},{"not_picked":["Combust","Cleave+1","Second Wind+1"],"picked":"SKIP","floor":42},{"not_picked":["Bludgeon","Iron Wave","Clothesline"],"picked":"SKIP","floor":44},{"not_picked":["Combust","True Grit+1","Inflame+1"],"picked":"SKIP","floor":46},{"not_picked":["Feed","Sword Boomerang","Intimidate"],"picked":"SKIP","floor":48},{"not_picked":["Headbutt","Sever Soul","Sword Boomerang"],"picked":"SKIP","floor":55}],"player_experience":3200770,"relics_obtained":[{"floor":6,"key":"Lantern"},{"floor":8,"key":"CaptainsWheel"},{"floor":9,"key":"Strawberry"},{"floor":11,"key":"MawBank"},{"floor":23,"key":"Du-Vu Doll"},{"floor":25,"key":"Oddly Smooth Stone"},{"floor":26,"key":"StoneCalendar"},{"floor":38,"key":"Champion Belt"},{"floor":40,"key":"Akabeko"},{"floor":41,"key":"Turnip"},{"floor":42,"key":"Vajra"},{"floor":43,"key":"Mummified Hand"},{"floor":48,"key":"InkBottle"},{"floor":55,"key":"Art of War"}],"event_choices":[{"damage_healed":0,"gold_gain":150,"player_choice":"AGREE","damage_taken":0,"max_hp_gain":0,"max_hp_loss":0,"event_name":"Liars Game","floor":2,"gold_loss":0,"cards_obtained":["Doubt"]},{"cards_removed":["Doubt"],"damage_healed":0,"gold_gain":0,"player_choice":"Card Removal","damage_taken":0,"max_hp_gain":0,"max_hp_loss":0,"event_name":"The Cleric","floor":4,"gold_loss":75},{"damage_healed":0,"gold_gain":0,"player_choice":"Upgraded","damage_taken":0,"max_hp_gain":0,"max_hp_loss":0,"event_name":"Upgrade Shrine","floor":20,"gold_loss":0,"cards_upgraded":["Immolate"]},{"damage_healed":0,"gold_gain":0,"player_choice":"Opened","damage_taken":0,"relics_obtained":["Happy Flower"],"max_hp_gain":0,"max_hp_loss":0,"event_name":"The Mausoleum","floor":30,"gold_loss":0,"cards_obtained":["Writhe"]},{"damage_healed":0,"gold_gain":0,"player_choice":"Max HP","damage_taken":0,"max_hp_gain":0,"max_hp_loss":4,"event_name":"Winding Halls","floor":37,"gold_loss":0},{"damage_healed":0,"gold_gain":0,"player_choice":"Fight","damage_taken":0,"max_hp_gain":0,"max_hp_loss":0,"event_name":"MindBloom","floor":38,"gold_loss":0},{"cards_removed":["Strike_R"],"damage_healed":0,"gold_gain":0,"player_choice":"Removed Attack","damage_taken":0,"max_hp_gain":0,"max_hp_loss":0,"event_name":"Falling","floor":39,"gold_loss":0},{"damage_healed":0,"gold_gain":0,"player_choice":"Fight","damage_taken":0,"max_hp_gain":0,"max_hp_loss":0,"event_name":"Mysterious Sphere","floor":41,"gold_loss":0}],"is_beta":false,"boss_relics":[{"not_picked":["Black Blood","Velvet Choker"],"picked":"Cursed Key"},{"not_picked":["Astrolabe","Snecko Eye"],"picked":"Coffee Dripper"}],"items_purged_floors":[5,22,47,54],"is_endless":false,"potions_floor_spawned":[1,11,12,16,18,23,25,31,40,41,44,55],"killed_by":"The Heart","ascension_level":20}}