{"host":"6gzy6nvr8uokwcne","time":1608179293,"event":{"mods":["2.2 Compatiblity","AchievementEnabler","BaseMod","Marisa????????","Minty Spire (QoL Compilation)","Quick Restart","StSLib","The Alterego","The Cursed","The Disciple","The Necromancer","The Servant 0.9.4"],"gold_per_floor":[115,132,147,165,180,180,200,210,257,274,274,294,35,35,35,140,140,168,168,197,224,235,235],"floor_reached":22,"playtime":1971,"items_purged":[],"score":236,"play_id":"e4a0d079-de12-48d9-a8d7-6b5014ff0c8b","local_time":"20201216212813","daily_mods":["Heirloom"],"is_ascension_mode":false,"campfire_choices":[{"floor":6,"key":"REST"},{"floor":15,"key":"REST"}],"circlet_count":0,"master_deck":["TheCursedMod:CleanUpWorkshop","TheCursedMod:CursedSpellbook","TheCursedMod:CursedArmor","TheCursedMod:SpitefulPlan","TheCursedMod:LuckyCharm","TheCursedMod:ShockAndAwe","TheCursedMod:CircleOfBlood","TheCursedMod:CircleOfFocus","TheCursedMod:CircleOfAmplification","TheCursedMod:VoidForm","TheCursedMod:SpitefulStrike","TheCursedMod:HellfireBreathing","TheCursedMod:SurpriseAttack","TheCursedMod:Neurasthenia","TheCursedMod:CircleOfCorruption+1","TheCursedMod:CircleOfBlood","TheCursedMod:WearCloak+1"],"relics":["TheCursedMod:OminousMark","Gambling Chip","CeramicFish","Calipers","Happy Flower","Philosopher\u0027s Stone"],"acts_visited":["Exordium","TheCity"],"potions_floor_usage":[8,21,22],"damage_taken":[{"damage":17,"enemies":"Small Slimes","floor":1,"turns":3},{"damage":8,"enemies":"2 Louse","floor":2,"turns":3},{"damage":17,"enemies":"Cultist","floor":3,"turns":3},{"damage":0,"enemies":"3 Louse","floor":4,"turns":4},{"damage":16,"enemies":"Looter","floor":5,"turns":3},{"damage":13,"enemies":"Red Slaver","floor":7,"turns":3},{"damage":9,"enemies":"2 Fungi Beasts","floor":8,"turns":4},{"damage":8,"enemies":"Exordium Thugs","floor":10,"turns":4},{"damage":12,"enemies":"Looter","floor":12,"turns":2},{"damage":0,"enemies":"Slime Boss","floor":16,"turns":5},{"damage":0,"enemies":"Spheric Guardian","floor":18,"turns":3},{"damage":15,"enemies":"Shell Parasite","floor":20,"turns":3},{"damage":14,"enemies":"Centurion and Healer","floor":21,"turns":5},{"damage":7,"enemies":"Snake Plant","floor":22,"turns":4}],"seed_played":"7202173968761448660","potions_obtained":[{"floor":5,"key":"LiquidMemories"},{"floor":8,"key":"SpeedPotion"},{"floor":12,"key":"FearPotion"},{"floor":18,"key":"Weak Potion"},{"floor":19,"key":"DuplicationPotion"},{"floor":19,"key":"Energy Potion"},{"floor":19,"key":"Fire Potion"},{"floor":21,"key":"Explosive Potion"}],"is_trial":true,"path_per_floor":["M","M","M","M","M","R","M","M","T","M","?","M","$","?","R","B",null,"M","?","M","M","M"],"character_chosen":"THE_CURSED","items_purchased":["TheCursedMod:HellfireBreathing","Happy Flower","TheCursedMod:SurpriseAttack"],"campfire_rested":2,"item_purchase_floors":[13,13,13],"current_hp_per_floor":[58,52,37,37,21,43,32,25,25,17,17,7,7,7,29,33,75,75,75,60,48,47,47],"gold":235,"neow_bonus":"","is_daily":false,"chose_seed":false,"campfire_upgraded":0,"win_rate":0.0,"timestamp":1608179293,"path_taken":["M","M","M","M","M","R","M","M","T","M","?","M","$","?","R","BOSS","M","?","?","M","M"],"items_purchased_type":["Card","Relic","Card"],"build_version":"2020-12-13","purchased_purges":0,"victory":false,"max_hp_per_floor":[75,75,75,75,75,75,75,75,75,75,75,75,75,75,75,75,75,75,75,75,75,75,75],"card_choices":[{"not_picked":["TheCursedMod:CircleOfWindfury","TheCursedMod:RavingStaff","TheCursedMod:CursedBlade"],"picked":"SKIP","floor":1},{"not_picked":["TheCursedMod:CursedMace","TheCursedMod:TacticalStrike","TheCursedMod:SpitefulStrike"],"picked":"SKIP","floor":2},{"not_picked":["TheCursedMod:Stigma","TheCursedMod:CursedAmulet","TheCursedMod:CursedShiv"],"picked":"SKIP","floor":3},{"not_picked":["TheCursedMod:CircleOfFlame","TheCursedMod:RavingStaff","TheCursedMod:Hemoplague"],"picked":"SKIP","floor":4},{"not_picked":["TheCursedMod:Obscuration","TheCursedMod:CircleOfWindfury"],"picked":"TheCursedMod:SpitefulStrike","floor":5},{"not_picked":["TheCursedMod:FuryStrike","TheCursedMod:Stigma","TheCursedMod:CircleOfFocus"],"picked":"SKIP","floor":7},{"not_picked":["TheCursedMod:CursedShiv","TheCursedMod:SpitefulStrike","TheCursedMod:PrepareRite"],"picked":"SKIP","floor":8},{"not_picked":["TheCursedMod:CircleOfFocus","TheCursedMod:ParallelWorld","TheCursedMod:Obscuration"],"picked":"SKIP","floor":10},{"not_picked":["TheCursedMod:CursedMace","TheCursedMod:CursedBoomerang","TheCursedMod:CursedAmulet"],"picked":"SKIP","floor":12},{"not_picked":["TheCursedMod:AntiAging","TheCursedMod:NeowsMight"],"picked":"TheCursedMod:Neurasthenia","floor":16},{"not_picked":["TheCursedMod:CursedArmor+1","TheCursedMod:Wield"],"picked":"TheCursedMod:CircleOfCorruption+1","floor":18},{"not_picked":["TheCursedMod:Stigma+1","TheCursedMod:RavingStaff+1"],"picked":"TheCursedMod:CircleOfBlood","floor":20},{"not_picked":["TheCursedMod:RapidMovement","TheCursedMod:Obscuration"],"picked":"TheCursedMod:WearCloak+1","floor":21}],"player_experience":416424,"relics_obtained":[{"floor":9,"key":"CeramicFish"}],"event_choices":[{"damage_healed":0,"gold_gain":0,"player_choice":"Searched \u00271\u0027 times","damage_taken":0,"relics_obtained":["Calipers"],"max_hp_gain":0,"max_hp_loss":0,"event_name":"Dead Adventurer","floor":11,"gold_loss":0},{"damage_healed":0,"gold_gain":0,"player_choice":"Fled","damage_taken":0,"max_hp_gain":0,"max_hp_loss":0,"event_name":"Scrap Ooze","floor":14,"gold_loss":0},{"damage_healed":0,"gold_gain":0,"player_choice":"Got Potions","damage_taken":0,"max_hp_gain":0,"max_hp_loss":0,"event_name":"Lab","floor":19,"gold_loss":0}],"is_beta":false,"boss_relics":[{"not_picked":["Astrolabe","Coffee Dripper"],"picked":"Philosopher\u0027s Stone"}],"items_purged_floors":[],"is_endless":true,"potions_floor_spawned":[1,5,8,12,18,21],"killed_by":"Snake Plant","ascension_level":0}}