{"host":"tljppfwplya481bc","time":1608213632,"event":{"mods":["BaseMod","Colored Map","Minty Spire (QoL Compilation)","Permanent Neow","Quick Restart"],"gold_per_floor":[109,125,15,15,90,90,120,120,193,193,209,309,309,329,329,432,432,448,363,181,211,225,225,242,242,288,208,225,225,225,236,236,333,333,345,356,106,106,106,106],"floor_reached":39,"playtime":1436,"items_purged":["Strike_R","Strike_R+1"],"score":465,"play_id":"e5d24cdf-380e-4a3e-a8be-6b18bf8d31ac","local_time":"20201217230032","is_ascension_mode":true,"campfire_choices":[{"data":"Fire Breathing","floor":6.0,"key":"SMITH"},{"data":"Sword Boomerang","floor":8.0,"key":"SMITH"},{"data":"Feed","floor":10.0,"key":"SMITH"},{"data":"Spot Weakness","floor":13.0,"key":"SMITH"},{"floor":15.0,"key":"REST"},{"data":"Double Tap","floor":23.0,"key":"SMITH"},{"floor":25.0,"key":"REST"},{"floor":30.0,"key":"REST"},{"data":"Intimidate","floor":32.0,"key":"SMITH"}],"circlet_count":0,"master_deck":["Strike_R+1","Defend_R+1","Defend_R","Defend_R+1","Defend_R","Bash","Feed+1","Sword Boomerang+1","Fire Breathing+1","Burning Pact+1","Spot Weakness+1","Intimidate+1","Double Tap+1","Heavy Blade+1","Immolate","Flame Barrier","Mayhem"],"relics":["Burning Blood","War Paint","The Courier","Empty Cage","Anchor","Whetstone","Red Mask","Boot","TungstenRod","Mark of Pain","Chemical X"],"acts_visited":["Exordium","TheCity","TheBeyond"],"potions_floor_usage":[39],"damage_taken":[{"damage":10.0,"enemies":"Small Slimes","floor":1.0,"turns":3.0},{"damage":9.0,"enemies":"2 Louse","floor":2.0,"turns":2.0},{"damage":22.0,"enemies":"3 Sentries","floor":7.0,"turns":5.0},{"damage":6.0,"enemies":"Cultist","floor":11.0,"turns":3.0},{"damage":11.0,"enemies":"Looter","floor":14.0,"turns":2.0},{"damage":43.0,"enemies":"Hexaghost","floor":16.0,"turns":9.0},{"damage":4.0,"enemies":"Chosen","floor":18.0,"turns":4.0},{"damage":32.0,"enemies":"Masked Bandits","floor":21.0,"turns":4.0},{"damage":27.0,"enemies":"2 Thieves","floor":22.0,"turns":4.0},{"damage":31.0,"enemies":"Snecko","floor":24.0,"turns":4.0},{"damage":16.0,"enemies":"Centurion and Healer","floor":28.0,"turns":4.0},{"damage":10.0,"enemies":"Snake Plant","floor":31.0,"turns":4.0},{"damage":83.0,"enemies":"Collector","floor":33.0,"turns":10.0},{"damage":7,"enemies":"Orb Walker","floor":35,"turns":3},{"damage":15,"enemies":"3 Darklings","floor":36,"turns":5},{"damage":111,"enemies":"Donu and Deca","floor":39,"turns":7}],"seed_played":"-8056943140107628594","potions_obtained":[{"floor":11.0,"key":"Fire Potion"},{"floor":18.0,"key":"AttackPotion"},{"floor":22.0,"key":"LiquidMemories"},{"floor":31.0,"key":"Energy Potion"},{"floor":35,"key":"Strength Potion"}],"is_trial":false,"path_per_floor":["M","M","$","?","?","R","E","R","T","R","M","?","R","M","R","B",null,"M","?","$","?","M","R","M","R","T","$","M","T","R","M","R","B",null,"M","M","$","?","B"],"character_chosen":"IRONCLAD","items_purchased":["Fire Breathing","Burning Pact","Whetstone","Mayhem","Chemical X"],"campfire_rested":3,"item_purchase_floors":[3,3,20,37,37],"current_hp_per_floor":[79,79,79,62,51,51,35,35,35,35,39,39,39,38,66,29,94,98,98,98,76,59,59,38,71,71,71,65,65,99,95,95,18,114,117,108,108,108,0,0],"gold":106,"neow_bonus":"ONE_RANDOM_RARE_CARD","is_daily":false,"chose_seed":false,"campfire_upgraded":6,"win_rate":0.0,"timestamp":1608213632,"path_taken":["M","M","$","?","?","R","E","R","T","R","M","?","R","M","R","BOSS","M","?","$","?","M","R","M","R","T","?","M","?","R","M","R","BOSS","M","M","$","?","BOSS"],"items_purchased_type":["Card","Card","Relic","Card","Relic"],"build_version":"2020-12-13","purchased_purges":2,"victory":false,"max_hp_per_floor":[83,86,86,86,86,86,86,86,86,86,90,90,90,94,94,94,94,98,98,98,102,106,106,110,110,110,110,114,114,114,114,114,114,114,118,118,118,118,118,118],"card_choices":[{"not_picked":["Feel No Pain","Anger"],"picked":"Sword Boomerang","floor":1.0},{"not_picked":["Wild Strike","Clothesline","Havoc"],"picked":"SKIP","floor":2.0},{"not_picked":["Blood for Blood","Rage","Headbutt"],"picked":"SKIP","floor":7.0},{"not_picked":["Fire Breathing","Anger"],"picked":"Spot Weakness","floor":11.0},{"not_picked":["Wild Strike","Headbutt"],"picked":"Intimidate","floor":14.0},{"not_picked":["Fiend Fire","Feed"],"picked":"Double Tap","floor":16.0},{"not_picked":["True Grit","Shrug It Off"],"picked":"Heavy Blade","floor":18.0},{"not_picked":["Warcry","Iron Wave","Dark Embrace"],"picked":"SKIP","floor":22.0},{"not_picked":["Armaments","Anger","Blood for Blood"],"picked":"SKIP","floor":24.0},{"not_picked":["Warcry","Inflame","Wild Strike"],"picked":"SKIP","floor":28.0},{"not_picked":["Second Wind","Juggernaut","Pommel Strike"],"picked":"SKIP","floor":31.0},{"not_picked":["Fiend Fire","Barricade"],"picked":"Immolate","floor":33.0},{"not_picked":["Armaments+1","Clash+1"],"picked":"Flame Barrier","floor":35},{"not_picked":["Warcry+1","Battle Trance","Clothesline+1"],"picked":"SKIP","floor":36}],"player_experience":195363,"relics_obtained":[{"floor":7.0,"key":"War Paint"},{"floor":9.0,"key":"The Courier"},{"floor":21.0,"key":"Red Mask"},{"floor":26.0,"key":"Boot"},{"floor":29.0,"key":"TungstenRod"}],"event_choices":[{"damage_healed":0.0,"max_hp_gain":0.0,"max_hp_loss":0.0,"gold_gain":0.0,"event_name":"Shining Light","player_choice":"Entered Light","floor":4.0,"gold_loss":0.0,"damage_taken":17.0,"cards_upgraded":["Strike_R","Defend_R"]},{"damage_healed":0.0,"max_hp_gain":0.0,"max_hp_loss":0.0,"gold_gain":75.0,"event_name":"World of Goop","player_choice":"Gather Gold","floor":5.0,"gold_loss":0.0,"damage_taken":11.0},{"damage_healed":0.0,"max_hp_gain":0.0,"max_hp_loss":0.0,"gold_gain":100.0,"event_name":"Golden Shrine","player_choice":"Pray","floor":12.0,"gold_loss":0.0,"damage_taken":0.0},{"damage_healed":0.0,"max_hp_gain":0.0,"max_hp_loss":0.0,"gold_gain":0.0,"event_name":"Addict","player_choice":"Obtained Relic","floor":19.0,"gold_loss":85.0,"damage_taken":0.0,"relics_obtained":["Anchor"]},{"damage_healed":0.0,"max_hp_gain":0.0,"max_hp_loss":0.0,"gold_gain":0.0,"event_name":"Masked Bandits","player_choice":"Fought Bandits","floor":21.0,"gold_loss":0.0,"damage_taken":0.0},{"damage_healed":0,"gold_gain":0,"player_choice":"Took Portal","damage_taken":0,"max_hp_gain":0,"max_hp_loss":0,"event_name":"SecretPortal","floor":38,"gold_loss":0}],"is_beta":false,"boss_relics":[{"not_picked":["Cursed Key","SlaversCollar"],"picked":"Empty Cage"},{"not_picked":["Coffee Dripper","Astrolabe"],"picked":"Mark of Pain"}],"items_purged_floors":[20,27],"is_endless":false,"potions_floor_spawned":[11,18,22,31,35],"killed_by":"Donu and Deca","ascension_level":2}}