{"host":"kpyoctgc7jne3jiy","time":1608215680,"event":{"mods":["AchievementEnabler","BaseMod","Minty Spire (QoL Compilation)"],"gold_per_floor":[112,122,122,82,92,92,107,141,141,175,191,205,205,170,170,267,267,281,295,220,220,230,230,250,261,261,261,291,291,325,7,7,107,107,120,133,64,64,64,64,91,0,27,27,57,107,107,117,117,117],"floor_reached":51,"playtime":2710,"items_purged":[],"score":841,"play_id":"0990d8ca-5d25-4365-9070-867f67bc772b","local_time":"20201217153440","is_ascension_mode":true,"campfire_choices":[{"data":"TalkToTheHand","floor":6,"key":"SMITH"},{"floor":13,"key":"DIG"},{"data":"Swivel","floor":15,"key":"SMITH"},{"data":"Alpha","floor":23,"key":"SMITH"},{"floor":27,"key":"DIG"},{"data":"Nirvana","floor":29,"key":"SMITH"},{"floor":32,"key":"DIG"},{"floor":40,"key":"DIG"},{"floor":44,"key":"DIG"},{"floor":49,"key":"DIG"}],"circlet_count":0,"master_deck":["Strike_P","Strike_P","Strike_P","Defend_P","Defend_P+1","Defend_P","Defend_P","Eruption","Vigilance+1","Consecrate","CutThroughFate","Swivel+1","TalkToTheHand+1","Nirvana+1","WindmillStrike","JustLucky","EmptyBody","Alpha+1","Evaluate+1","Halt","PathToVictory","Brilliance","TalkToTheHand+1","FollowUp","DeusExMachina","ReachHeaven+1","Weave","FearNoEvil+1","Finesse+1","Protect+1"],"relics":["PureWater","FaceOfCleric","CaptainsWheel","Du-Vu Doll","Shovel","Ancient Tea Set","Busted Crown","Eternal Feather","MealTicket","Dream Catcher","Blood Vial","FossilizedHelix","Bag of Marbles","SlaversCollar","Toxic Egg 2","TungstenRod","Red Mask","PreservedInsect","War Paint","Omamori","Peace Pipe","Ginger"],"acts_visited":["Exordium","TheCity","TheBeyond"],"potions_floor_usage":[10,12,16,16,19,25,28,30,41,45],"damage_taken":[{"damage":1,"enemies":"Cultist","floor":1,"turns":4},{"damage":1,"enemies":"2 Louse","floor":2,"turns":3},{"damage":0,"enemies":"Small Slimes","floor":5,"turns":2},{"damage":0,"enemies":"Exordium Wildlife","floor":7,"turns":2},{"damage":20,"enemies":"3 Sentries","floor":8,"turns":10},{"damage":0,"enemies":"Gremlin Nob","floor":10,"turns":4},{"damage":3,"enemies":"Looter","floor":11,"turns":3},{"damage":6,"enemies":"Lots of Slimes","floor":12,"turns":5},{"damage":7,"enemies":"Slime Boss","floor":16,"turns":7},{"damage":3,"enemies":"Shell Parasite","floor":18,"turns":5},{"damage":10,"enemies":"Chosen","floor":19,"turns":5},{"damage":21,"enemies":"Sentry and Sphere","floor":22,"turns":7},{"damage":8,"enemies":"Chosen and Byrds","floor":24,"turns":5},{"damage":11,"enemies":"Centurion and Healer","floor":25,"turns":5},{"damage":0,"enemies":"Gremlin Leader","floor":28,"turns":5},{"damage":15,"enemies":"Slavers","floor":30,"turns":3},{"damage":19,"enemies":"Champ","floor":33,"turns":9},{"damage":0,"enemies":"3 Shapes","floor":35,"turns":8},{"damage":12,"enemies":"Orb Walker","floor":36,"turns":5},{"damage":16,"enemies":"Giant Head","floor":41,"turns":9},{"damage":36,"enemies":"Reptomancer","floor":45,"turns":6},{"damage":1,"enemies":"Mind Bloom Boss Battle","floor":46,"turns":6},{"damage":0,"enemies":"4 Shapes","floor":48,"turns":10},{"damage":36,"enemies":"Donu and Deca","floor":50,"turns":7}],"seed_played":"3260114242361536120","potions_obtained":[{"floor":1,"key":"BottledMiracle"},{"floor":2,"key":"Dexterity Potion"},{"floor":7,"key":"Strength Potion"},{"floor":11,"key":"PowerPotion"},{"floor":18,"key":"Block Potion"},{"floor":22,"key":"EssenceOfSteel"},{"floor":25,"key":"SneckoOil"},{"floor":28,"key":"Fruit Juice"},{"floor":33,"key":"EssenceOfSteel"},{"floor":41,"key":"StancePotion"},{"floor":45,"key":"FearPotion"},{"floor":48,"key":"BottledMiracle"}],"is_trial":false,"path_per_floor":["M","M","?","$","M","R","M","E","T","E","M","M","R","?","R","B",null,"M","M","?","?","M","R","M","M","T","R","E","R","E","$","R","B",null,"M","M","$","?","?","R","E","?","T","R","E","?","?","M","R","B",null],"character_chosen":"WATCHER","items_purchased":["Swivel","FossilizedHelix","FollowUp","Weave"],"campfire_rested":0,"item_purchase_floors":[4,31,31,37],"current_hp_per_floor":[78,77,77,77,78,78,79,60,60,61,59,54,54,75,75,69,86,84,75,75,75,55,55,48,38,38,50,56,68,54,69,81,65,99,100,89,101,96,96,96,81,81,81,96,62,64,64,67,85,52],"gold":117,"neow_bonus":"TEN_PERCENT_HP_BONUS","is_daily":false,"chose_seed":false,"campfire_upgraded":4,"win_rate":0.0,"timestamp":1608215680,"path_taken":["M","?","?","$","M","R","M","E","T","E","M","?","R","?","R","BOSS","M","M","?","?","M","R","M","?","T","R","E","R","E","$","R","BOSS","M","M","$","?","?","R","E","?","T","R","E","?","?","M","R","BOSS"],"items_purchased_type":["Card","Relic","Card","Card"],"build_version":"2020-12-13","purchased_purges":0,"victory":true,"max_hp_per_floor":[79,79,79,79,80,80,81,82,82,83,84,85,85,85,85,86,86,87,88,88,88,89,89,90,91,91,91,97,97,98,98,98,99,99,100,101,101,96,96,96,97,97,97,97,98,99,99,100,100,101],"card_choices":[{"not_picked":["Wallop","CrushJoints"],"picked":"Consecrate","floor":1},{"not_picked":["DeceiveReality","SandsOfTime"],"picked":"CutThroughFate","floor":2},{"not_picked":["Tantrum","Protect"],"picked":"TalkToTheHand","floor":5},{"not_picked":["Tantrum","Protect"],"picked":"Nirvana","floor":7},{"not_picked":["Vengeance","SignatureMove"],"picked":"WindmillStrike","floor":8},{"not_picked":["SignatureMove","Vengeance"],"picked":"JustLucky","floor":10},{"not_picked":["Sanctity","FlyingSleeves"],"picked":"EmptyBody","floor":11},{"not_picked":["ThirdEye","TalkToTheHand","Protect"],"picked":"SKIP","floor":12},{"not_picked":["Ragnarok","Vault"],"picked":"Alpha","floor":16},{"not_picked":[],"picked":"Evaluate+1","floor":18},{"not_picked":[],"picked":"Halt","floor":19},{"not_picked":["Fasting2"],"picked":"SKIP","floor":22},{"not_picked":["Consecrate"],"picked":"SKIP","floor":24},{"not_picked":["ThirdEye"],"picked":"SKIP","floor":25},{"not_picked":["FlyingSleeves"],"picked":"SKIP","floor":28},{"not_picked":[],"picked":"TalkToTheHand+1","floor":30},{"not_picked":[],"picked":"DeusExMachina","floor":33},{"not_picked":["Sanctity"],"picked":"SKIP","floor":35},{"not_picked":[],"picked":"ReachHeaven+1","floor":36},{"not_picked":["Tantrum+1"],"picked":"SKIP","floor":41},{"not_picked":["CrushJoints"],"picked":"SKIP","floor":45},{"not_picked":[],"picked":"FearNoEvil+1","floor":46},{"not_picked":[],"picked":"Finesse+1","floor":47},{"not_picked":[],"picked":"Protect+1","floor":48}],"player_experience":211834,"relics_obtained":[{"floor":8,"key":"CaptainsWheel"},{"floor":9,"key":"Du-Vu Doll"},{"floor":10,"key":"Shovel"},{"floor":13,"key":"Ancient Tea Set"},{"floor":26,"key":"Eternal Feather"},{"floor":27,"key":"MealTicket"},{"floor":28,"key":"Dream Catcher"},{"floor":30,"key":"Blood Vial"},{"floor":32,"key":"Bag of Marbles"},{"floor":40,"key":"Toxic Egg 2"},{"floor":41,"key":"TungstenRod"},{"floor":43,"key":"PreservedInsect"},{"floor":44,"key":"War Paint"},{"floor":45,"key":"Omamori"},{"floor":46,"key":"Peace Pipe"},{"floor":49,"key":"Ginger"}],"event_choices":[{"damage_healed":0,"gold_gain":0,"player_choice":"Trade","damage_taken":0,"relics_obtained":["FaceOfCleric"],"max_hp_gain":0,"max_hp_loss":0,"event_name":"FaceTrader","floor":3,"gold_loss":0},{"damage_healed":21,"gold_gain":0,"player_choice":"Healed","damage_taken":0,"max_hp_gain":0,"max_hp_loss":0,"event_name":"The Cleric","floor":14,"gold_loss":35},{"cards_removed":["Strike_P"],"damage_healed":0,"gold_gain":0,"player_choice":"Gave Gold","damage_taken":0,"max_hp_gain":0,"max_hp_loss":0,"event_name":"Beggar","floor":20,"gold_loss":75},{"damage_healed":0,"gold_gain":0,"player_choice":"2 cards matched","damage_taken":0,"max_hp_gain":0,"max_hp_loss":0,"event_name":"Match and Keep!","floor":21,"gold_loss":0,"cards_obtained":["PathToVictory","Brilliance"]},{"damage_healed":0,"gold_gain":0,"player_choice":"Max HP","damage_taken":0,"max_hp_gain":0,"max_hp_loss":5,"event_name":"Winding Halls","floor":38,"gold_loss":0},{"damage_healed":0,"gold_gain":0,"player_choice":"Ignored","damage_taken":0,"max_hp_gain":0,"max_hp_loss":0,"event_name":"Mysterious Sphere","floor":39,"gold_loss":0},{"damage_healed":0,"gold_gain":0,"player_choice":"Paid","damage_taken":0,"relics_obtained":["Red Mask"],"max_hp_gain":0,"max_hp_loss":0,"event_name":"Tomb of Lord Red Mask","floor":42,"gold_loss":91},{"damage_healed":0,"gold_gain":0,"player_choice":"Fight","damage_taken":0,"max_hp_gain":0,"max_hp_loss":0,"event_name":"MindBloom","floor":46,"gold_loss":0},{"damage_healed":0,"gold_gain":0,"player_choice":"Memory 1","damage_taken":0,"max_hp_gain":0,"max_hp_loss":0,"event_name":"SensoryStone","floor":47,"gold_loss":0}],"is_beta":false,"boss_relics":[{"not_picked":["Runic Pyramid","Sozu"],"picked":"Busted Crown"},{"not_picked":["Empty Cage","Tiny House"],"picked":"SlaversCollar"}],"items_purged_floors":[],"is_endless":false,"potions_floor_spawned":[1,2,7,8,11,18,22,25,28,33,41,45,48],"ascension_level":1}}