{"host":"tsmyusoyd9msvbjb","time":1608186431,"event":{"mods":["2.2 Compatiblity","BaseMod","BetterRewards","DeckTracker","Downfall","Friendly Minions","Lobotomy","LobotomyExtend","Minty Spire (QoL Compilation)","Replay The Spire","StSLib","The Animator","The Fake Hero","The Poker Player","The Servant 0.9.4","Trackpad","Yohane!"],"gold_per_floor":[111,126,178,29,47,74,74,107,107,107,124,124,137,152,152,255,255,272,272,289,306,366,366,380,305,305,305,305,321,321,335,335,435,435,452,452,304,320,333,333,365,365,365,365,382,409,48,48,48,48,48],"floor_reached":52,"playtime":3859,"items_purged":[],"score":622,"play_id":"57264acd-75ce-4855-87d8-8ed36ac51cf3","local_time":"20201217002711","is_ascension_mode":false,"metric_token":1106,"campfire_choices":[{"data":"PokerPlayerMod:Spade1","floor":7.0,"key":"SMITH"},{"data":"PokerPlayerMod:Diamond1","floor":10.0,"key":"SMITH"},{"data":"PokerPlayerMod:Club2","floor":12.0,"key":"SMITH"},{"data":"PokerPlayerMod:Spade2","floor":15.0,"key":"SMITH"},{"data":"PokerPlayerMod:Spade3","floor":23.0,"key":"SMITH"},{"data":"PokerPlayerMod:Diamond2","floor":27.0,"key":"SMITH"},{"data":"PokerPlayerMod:Club3","floor":30.0,"key":"SMITH"},{"floor":32.0,"key":"DIG"},{"data":"PokerPlayerMod:Heart3","floor":40,"key":"SMITH"},{"data":"PokerPlayerMod:GamblerForm","floor":42,"key":"SMITH"},{"data":"PokerPlayerMod:Spade3","floor":44,"key":"SMITH"},{"data":"PokerPlayerMod:ClubShade","floor":49,"key":"SMITH"}],"circlet_count":0,"master_deck":["PokerPlayerMod:Diamond2","PokerPlayerMod:Diamond3","PokerPlayerMod:Diamond3","PokerPlayerMod:Diamond4","PokerPlayerMod:Diamond5","PokerPlayerMod:Spade4","PokerPlayerMod:Spade5","PokerPlayerMod:Spade4","PokerPlayerMod:Spade4","PokerPlayerMod:Club4","PokerPlayerMod:Club4","PokerPlayerMod:Heart2","PokerPlayerMod:BadJoker","PokerPlayerMod:Mulligan","PokerPlayerMod:HeartStrike","PokerPlayerMod:Trickery","PokerPlayerMod:SpadeStrike","PokerPlayerMod:Club4","PokerPlayerMod:Heart4","PokerPlayerMod:CardBurn","PokerPlayerMod:Club7","PokerPlayerMod:Spade4","PokerPlayerMod:Spade6","PokerPlayerMod:FillThePot+1","PokerPlayerMod:HiddenCard+1","PokerPlayerMod:BadJoker","PokerPlayerMod:Configure","PokerPlayerMod:GamblerForm+1","PokerPlayerMod:Club4","PokerPlayerMod:ClubDance","PokerPlayerMod:Spade7","PokerPlayerMod:VarietyAttack","PokerPlayerMod:ClubShade+1","PokerPlayerMod:FlyingCard","PokerPlayerMod:FlyingCard"],"relics":["PokerPlayerMod:DeckCase","PokerPlayerMod:PenAndEraser","Singing Bowl","Pen Nib","Snack Pack","Coffee Dripper","Shovel","Pondfish Scales","Sundial","trackpad:Trackpad","trackpad:AdjectivePendant","LetterFromLob","Pantograph","Letter Opener","Quantum Egg","PokerPlayerMod:PendantOfEscape","LaetitiaHeart"],"acts_visited":["Exordium","TheCity","TheBeyond"],"potions_floor_usage":[],"damage_taken":[{"damage":1.0,"enemies":"2 Louse","floor":1.0,"turns":3.0},{"damage":0.0,"enemies":"Jaw Worm","floor":2.0,"turns":3.0},{"damage":1.0,"enemies":"Small Slimes","floor":5.0,"turns":3.0},{"damage":20.0,"enemies":"3 Sentries","floor":6.0,"turns":6.0},{"damage":11.0,"enemies":"Lagavulin","floor":8.0,"turns":6.0},{"damage":6.0,"enemies":"3 Louse","floor":11.0,"turns":2.0},{"damage":7.0,"enemies":"Blue Slaver","floor":13.0,"turns":2.0},{"damage":7.0,"enemies":"Looter","floor":14.0,"turns":2.0},{"damage":27.0,"enemies":"The Guardian","floor":16.0,"turns":8.0},{"damage":6.0,"enemies":"2 Thieves","floor":18.0,"turns":4.0},{"damage":0.0,"enemies":"3 Byrds","floor":20.0,"turns":3.0},{"damage":22.0,"enemies":"Snecko","floor":21.0,"turns":6.0},{"damage":0.0,"enemies":"Centurion and Healer","floor":24.0,"turns":5.0},{"damage":0.0,"enemies":"3 Cultists","floor":29.0,"turns":4.0},{"damage":0.0,"enemies":"Chosen and Byrds","floor":31.0,"turns":4.0},{"damage":45.0,"enemies":"Automaton","floor":33.0,"turns":12.0},{"damage":11,"enemies":"3 Shapes","floor":35,"turns":4},{"damage":1,"enemies":"3 Darklings","floor":38,"turns":4},{"damage":9,"enemies":"Jaw Worm Horde","floor":39,"turns":3},{"damage":28,"enemies":"Giant Head","floor":41,"turns":10},{"damage":0,"enemies":"Maw","floor":45,"turns":6},{"damage":17,"enemies":"Nemesis","floor":46,"turns":7},{"damage":26,"enemies":"Replay:Hell Engine","floor":50,"turns":17}],"seed_played":"-5961544903556216956","potions_obtained":[{"floor":1.0,"key":"BlessingOfTheForge"},{"floor":2.0,"key":"SkillPotion"},{"floor":5.0,"key":"Weak Potion"},{"floor":22.0,"key":"EssenceOfSteel"},{"floor":29.0,"key":"AttackPotion"},{"floor":31.0,"key":"Regen Potion"},{"floor":33.0,"key":"FairyPotion"}],"is_trial":false,"path_per_floor":["M","M","?","$","M","E","R","E","T","R","M","R","M","M","R","B",null,"M","?","M","M","?","R","M","?","T","R","?","M","R","M","R","B",null,"M","?","$","M","M","R","E","R","T","R","M","E","$","?","R","B",null,null],"character_chosen":"THE_POKER_PLAYER","items_purchased":["PokerPlayerMod:PenAndEraser","trackpad:AdjectivePendant","PokerPlayerMod:ClubShade","PokerPlayerMod:PendantOfEscape","PokerPlayerMod:FlyingCard","Reflective Coating"],"campfire_rested":0,"item_purchase_floors":[4,37,47,47,47,47],"current_hp_per_floor":[56,57,57,57,57,45,45,43,43,43,46,46,42,42,42,35,61,61,61,61,44,29,29,50,50,50,50,50,58,58,65,65,22,65,67,67,67,66,58,58,39,39,39,39,67,62,62,62,62,62,62],"gold":48,"neow_bonus":"TEN_PERCENT_HP_BONUS","is_daily":false,"chose_seed":false,"campfire_upgraded":11,"win_rate":0.0,"timestamp":1608186431,"path_taken":["M","M","?","$","M","E","R","E","T","R","M","R","M","M","R","BOSS","M","?","M","M","?","R","M","?","T","R","?","M","R","M","R","BOSS","M","?","$","?","M","R","E","R","T","R","M","E","$","?","R","BOSS"],"items_purchased_type":["Relic","Relic","Card","Relic","Card","Potion"],"build_version":"2020-12-13","purchased_purges":0,"victory":true,"max_hp_per_floor":[57,57,57,57,57,59,59,59,59,59,59,59,59,61,61,61,61,61,61,61,61,61,61,63,63,63,63,63,65,65,65,65,65,65,67,67,67,67,67,67,67,67,67,67,67,69,69,69,69,69,69],"card_choices":[{"not_picked":["PokerPlayerMod:Spade2","PokerPlayerMod:Heart1"],"picked":"PokerPlayerMod:HeartStrike","floor":1.0},{"not_picked":["PokerPlayerMod:Diamond2","PokerPlayerMod:Diamond1"],"picked":"PokerPlayerMod:Trickery","floor":2.0},{"not_picked":["PokerPlayerMod:Extraction","PokerPlayerMod:DiamondStrike"],"picked":"PokerPlayerMod:SpadeStrike","floor":5.0},{"not_picked":["PokerPlayerMod:Manipulation","PokerPlayerMod:Spade2","PokerPlayerMod:CloakAndDiamond"],"picked":"Singing Bowl","floor":6.0},{"not_picked":["PokerPlayerMod:MagicTrick","PokerPlayerMod:Diamond5"],"picked":"PokerPlayerMod:Club4","floor":8.0},{"not_picked":["PokerPlayerMod:Raise","PokerPlayerMod:DiamondStrike"],"picked":"PokerPlayerMod:Heart3","floor":11.0},{"not_picked":["PokerPlayerMod:Heart6","PokerPlayerMod:Diamond1"],"picked":"PokerPlayerMod:CardBurn","floor":13.0},{"not_picked":["PokerPlayerMod:Spade1","PokerPlayerMod:DartThrow","PokerPlayerMod:Diamond4"],"picked":"Singing Bowl","floor":14.0},{"not_picked":["PokerPlayerMod:Spade9","PokerPlayerMod:Diamond9"],"picked":"PokerPlayerMod:Club7","floor":16.0},{"not_picked":["PokerPlayerMod:Club2","PokerPlayerMod:Diamond1"],"picked":"PokerPlayerMod:Spade4","floor":18.0},{"not_picked":["PokerPlayerMod:Fold","PokerPlayerMod:Diamond1"],"picked":"PokerPlayerMod:Spade6","floor":20.0},{"not_picked":["PokerPlayerMod:Diamond6","PokerPlayerMod:Diamond3"],"picked":"PokerPlayerMod:FillThePot+1","floor":21.0},{"not_picked":["PokerPlayerMod:ClubsClub+1","PokerPlayerMod:Raise"],"picked":"PokerPlayerMod:HiddenCard+1","floor":22.0},{"not_picked":["PokerPlayerMod:Spade4","PokerPlayerMod:Spade1","PokerPlayerMod:Diamond5"],"picked":"Singing Bowl","floor":24.0},{"not_picked":["PokerPlayerMod:Heart2","PokerPlayerMod:Diamond5","PokerPlayerMod:FillThePot"],"picked":"Singing Bowl","floor":29.0},{"not_picked":["PokerPlayerMod:RiskyBet","PokerPlayerMod:Spade1"],"picked":"PokerPlayerMod:Configure","floor":31.0},{"not_picked":["PokerPlayerMod:Spade10+","PokerPlayerMod:Club9"],"picked":"PokerPlayerMod:GamblerForm","floor":33.0},{"not_picked":["PokerPlayerMod:DiamondStrike+1","PokerPlayerMod:Spade1","PokerPlayerMod:Diamond4"],"picked":"Singing Bowl","floor":35},{"not_picked":["PokerPlayerMod:DartThrow","PokerPlayerMod:Spade2"],"picked":"PokerPlayerMod:Club4","floor":38},{"not_picked":["PokerPlayerMod:Sharpen","PokerPlayerMod:Diamond7"],"picked":"PokerPlayerMod:ClubDance","floor":39},{"not_picked":["PokerPlayerMod:Club1","PokerPlayerMod:Harden"],"picked":"PokerPlayerMod:Spade7","floor":41},{"not_picked":["PokerPlayerMod:Heart3","PokerPlayerMod:Heart5"],"picked":"PokerPlayerMod:VarietyAttack","floor":45},{"not_picked":["PokerPlayerMod:Diamond3","PokerPlayerMod:DiamondStrike+1","PokerPlayerMod:CardBurn"],"picked":"Singing Bowl","floor":46}],"player_experience":288352,"relics_obtained":[{"floor":6.0,"key":"Singing Bowl"},{"floor":8.0,"key":"Pen Nib"},{"floor":9.0,"key":"Snack Pack"},{"floor":26.0,"key":"Pondfish Scales"},{"floor":32.0,"key":"Sundial"},{"floor":41,"key":"LetterFromLob"},{"floor":41,"key":"Pantograph"},{"floor":43,"key":"Letter Opener"},{"floor":46,"key":"Quantum Egg"}],"event_choices":[{"damage_healed":0.0,"max_hp_gain":0.0,"max_hp_loss":0.0,"gold_gain":52.0,"event_name":"Golden Wing","player_choice":"Gained Gold","floor":3.0,"gold_loss":0.0,"damage_taken":0.0},{"cards_removed":["PokerPlayerMod:TrumpStrike"],"damage_healed":0.0,"max_hp_gain":0.0,"max_hp_loss":0.0,"gold_gain":0.0,"event_name":"Beggar","player_choice":"Gave Gold","floor":25.0,"gold_loss":75.0,"damage_taken":0.0},{"damage_healed":0.0,"max_hp_gain":0.0,"max_hp_loss":0.0,"gold_gain":0.0,"event_name":"PokerPlayerMod:BackToBasicsPoker","player_choice":"Copied","floor":28.0,"gold_loss":0.0,"damage_taken":0.0,"cards_obtained":["PokerPlayerMod:BadJoker"]},{"damage_healed":0,"gold_gain":0,"player_choice":"Got Potions","damage_taken":0,"max_hp_gain":0,"max_hp_loss":0,"event_name":"Lab","floor":36,"gold_loss":0}],"is_beta":false,"boss_relics":[{"not_picked":["Replay:Grab Bag","Replay:Wanted Poster"],"picked":"Coffee Dripper"},{"not_picked":["Abe\u0027s Treasure","ChewingGum"],"picked":"trackpad:Trackpad"}],"items_purged_floors":[],"is_endless":false,"potions_floor_spawned":[1,2,5,20,29,31,33,38],"ascension_level":0}}