{"host":"Fredi","time":1608197308,"event":{"mods":["AchievementEnabler","Act Like it!","BaseMod","Better Altar","Better Match","Better Note","Better Sensory Stone","Better Skull","Better Third Choice","Block Reminder","Colored Map","Colored Powertips","Custom Start","Downfall","Gensokyo","Hallownest","Hermit","Highlight Path","Mimic Mod","Minty Spire (QoL Compilation)","Permanent Neow","Quick Restart","Rare Cards Sparkle","Relic Stats","Shop Mod","StSLib","The Cursed","The Runesmith","Transform Curses","Wandering Minibosses","everything is the same but u backflip on backflip"],"gold_per_floor":[117,117,217,229,229,264,264,264,340,7,18,48,62,73,73,168,168,182,107,127,140,95,95,123,137,137,47,76,76,76,90,90,191,191,210,229,229,243,243,243],"floor_reached":39,"playtime":3164,"items_purged":["Strike_G"],"score":501,"play_id":"e7210164-734c-4a74-b894-5cc6eaa294cc","local_time":"20201217012828","is_ascension_mode":true,"campfire_choices":[{"floor":8,"key":"RECALL"},{"data":"Terror","floor":15,"key":"SMITH"},{"floor":23,"key":"REST"},{"data":"Outmaneuver","floor":30,"key":"SMITH"},{"floor":32,"key":"REST"}],"circlet_count":0,"master_deck":["Strike_G","Strike_G","Strike_G","Strike_G","Defend_G","Defend_G","Defend_G","Defend_G","Defend_G","Survivor","Neutralize","expansioncontent:Collect","Infinite Blades","Accuracy","Backstab","Escape Plan","Infinite Blades","Terror+1","After Image","Choke","Outmaneuver+1","Deflect","Cloak And Dagger+1","Blade Dance","Accuracy","Storm of Steel","Acrobatics+1","Finisher+1"],"relics":["Ring of the Snake","Gensokyo:NagashiBinaDoll","Gensokyo:Mercy","Omamori","Shuriken","Potion Belt","Black Star","Ancient Tea Set","InkBottle","Bottled Lightning","Hallownest:StagBellRelic1","Molten Egg 2","Pear","HoveringKite"],"acts_visited":["Gensokyo:Gensokyo","Hallownest:CityofTears","TheBeyond"],"potions_floor_usage":[16,20,28,31,31,31,33,38,39],"damage_taken":[{"damage":0,"enemies":"Gensokyo:3_Fairies","floor":1,"turns":5},{"damage":8,"enemies":"Gensokyo:Gryphon","floor":4,"turns":7},{"damage":0,"enemies":"Gensokyo:Mamizou","floor":6,"turns":9},{"damage":0,"enemies":"Gensokyo:Python","floor":11,"turns":4},{"damage":7,"enemies":"Gensokyo:Cirno","floor":12,"turns":9},{"damage":0,"enemies":"Gensokyo:Kitsune","floor":13,"turns":4},{"damage":1,"enemies":"Gensokyo:5_Fairies","floor":14,"turns":7},{"damage":9,"enemies":"Gensokyo:Reimu","floor":16,"turns":6},{"damage":9,"enemies":"Hallownest:2_Mistakes","floor":18,"turns":8},{"damage":32,"enemies":"Hallownest:3_Youths","floor":20,"turns":7},{"damage":18,"enemies":"Hallownest:2_Husk_Sentries","floor":21,"turns":7},{"damage":7,"enemies":"Hallownest:eliteWatcherKnight","floor":24,"turns":11},{"damage":3,"enemies":"Hallownest:monsterShrumalOgre","floor":25,"turns":5},{"damage":5,"enemies":"Hallownest:eliteSoulWarrior","floor":28,"turns":7},{"damage":27,"enemies":"Hallownest:Master_and_Novice","floor":31,"turns":5},{"damage":9,"enemies":"Hallownest:BossSoulMaster","floor":33,"turns":9},{"damage":5,"enemies":"Orb Walker","floor":35,"turns":5},{"damage":24,"enemies":"3 Darklings","floor":36,"turns":5},{"damage":0,"enemies":"Jaw Worm Horde","floor":38,"turns":2},{"damage":66,"enemies":"2 Orb Walkers","floor":39,"turns":4}],"seed_played":"6936750790657937495","potions_obtained":[{"floor":1,"key":"Ancient Potion"},{"floor":14,"key":"Slimebound:ThreeZeroPotion"},{"floor":16,"key":"SteroidPotion"},{"floor":20,"key":"LiquidBronze"},{"floor":21,"key":"Fire Potion"},{"floor":28,"key":"Fruit Juice"},{"floor":31,"key":"PowerPotion"},{"floor":38,"key":"AttackPotion"}],"is_trial":false,"path_per_floor":["M","?","?","M","?","E","?","R","T","$","M","E","M","M","R","B",null,"M","$","M","M","?","R","E","M","T","?","E","?","R","M","R","B",null,"M","M","?","M","?"],"character_chosen":"THE_SILENT","items_purchased":["Shuriken","Infinite Blades"],"campfire_rested":2,"item_purchase_floors":[10,10],"current_hp_per_floor":[70,70,70,62,62,62,62,62,62,62,62,55,55,54,54,45,70,61,61,29,11,11,32,25,22,22,22,32,32,32,5,30,21,85,80,56,56,56,0,0],"gold":243,"neow_bonus":"RANDOM_COLORLESS","is_daily":false,"chose_seed":false,"campfire_upgraded":2,"win_rate":0.0,"timestamp":1608197308,"path_taken":["M","?","?","M","?","E","?","R","T","$","M","E","M","?","R","BOSS","M","$","M","M","?","R","E","M","T","?","E","?","R","M","R","BOSS","M","M","?","M","?"],"items_purchased_type":["Relic","Card"],"build_version":"2020-12-07","purchased_purges":1,"victory":false,"max_hp_per_floor":[70,70,70,70,70,70,70,70,70,70,70,70,70,70,70,70,70,70,70,70,70,70,70,70,70,70,70,85,85,85,85,85,85,85,85,85,85,85,85,85],"relic_stats":{"counters":[20,126],"Shuriken":[53],"HoveringKite":[3],"Black Star":2,"obtain_stats":[{"Potion Belt":12,"Hallownest:StagBellRelic1":27,"Pear":28,"HoveringKite":34,"Gensokyo:NagashiBinaDoll":2,"Omamori":6,"Ancient Tea Set":24,"Gensokyo:Mercy":5,"Shuriken":10,"Molten Egg 2":28,"Black Star":17,"Bottled Lightning":26,"InkBottle":24,"Ring of the Snake":0},{"Potion Belt":5,"Hallownest:StagBellRelic1":13,"Pear":14,"HoveringKite":16,"Gensokyo:NagashiBinaDoll":1,"Omamori":3,"Ancient Tea Set":12,"Gensokyo:Mercy":2,"Shuriken":3,"Molten Egg 2":14,"Black Star":8,"Bottled Lightning":13,"InkBottle":12,"Ring of the Snake":0},{"Potion Belt":34,"Hallownest:StagBellRelic1":89,"Pear":96,"HoveringKite":110,"Gensokyo:NagashiBinaDoll":5,"Omamori":21,"Ancient Tea Set":84,"Gensokyo:Mercy":12,"Shuriken":21,"Molten Egg 2":96,"Black Star":51,"Bottled Lightning":89,"InkBottle":84,"Ring of the Snake":0}],"InkBottle":[22],"Ring of the Snake":[40]},"card_choices":[{"not_picked":["expansioncontent:TimeRipple","Good Instincts"],"picked":"expansioncontent:Collect","floor":0},{"not_picked":["Poisoned Stab","Cloak And Dagger"],"picked":"Infinite Blades","floor":1},{"not_picked":["Bane","Dagger Throw"],"picked":"Endless Agony","floor":4},{"not_picked":["PiercingWail","Catalyst"],"picked":"Accuracy","floor":6},{"not_picked":["Flying Knee","Dodge and Roll"],"picked":"Backstab","floor":7},{"not_picked":["Poisoned Stab","Bane"],"picked":"Escape Plan","floor":7},{"not_picked":["Outmaneuver","Endless Agony","Predator"],"picked":"SKIP","floor":11},{"not_picked":["Footwork","Bane","Poisoned Stab"],"picked":"SKIP","floor":12},{"not_picked":["Well Laid Plans","Underhanded Strike"],"picked":"Terror","floor":13},{"not_picked":["Deadly Poison","Infinite Blades","Outmaneuver"],"picked":"SKIP","floor":14},{"not_picked":["Night Terror","Glass Knife"],"picked":"After Image","floor":16},{"not_picked":["Acrobatics","Caltrops"],"picked":"Choke","floor":18},{"not_picked":["Predator","Well Laid Plans"],"picked":"Outmaneuver","floor":20},{"not_picked":["Underhanded Strike","Distraction"],"picked":"Deflect","floor":21},{"not_picked":["Reflex","Quick Slash"],"picked":"Cloak And Dagger+1","floor":24},{"not_picked":["Sucker Punch","Dagger Throw"],"picked":"Blade Dance","floor":25},{"not_picked":["Bane+1","PiercingWail","Bouncing Flask"],"picked":"SKIP","floor":28},{"not_picked":["Dagger Throw+1","Underhanded Strike+1"],"picked":"Accuracy","floor":31},{"not_picked":["Wraith Form v2","Doppelganger"],"picked":"Storm of Steel","floor":33},{"not_picked":["Setup","Deadly Poison+1"],"picked":"Acrobatics+1","floor":35},{"not_picked":["Terror+1","Caltrops+1","Dodge and Roll+1"],"picked":"SKIP","floor":36},{"not_picked":["Outmaneuver+1","Deadly Poison"],"picked":"Finisher+1","floor":38}],"player_experience":235138,"relics_obtained":[{"floor":6,"key":"Omamori"},{"floor":12,"key":"Potion Belt"},{"floor":24,"key":"Ancient Tea Set"},{"floor":24,"key":"InkBottle"},{"floor":26,"key":"Bottled Lightning"},{"floor":28,"key":"Molten Egg 2"},{"floor":28,"key":"Pear"}],"event_choices":[{"damage_healed":0,"gold_gain":0,"player_choice":"Ignored","damage_taken":0,"max_hp_gain":0,"max_hp_loss":0,"event_name":"Tomb of Lord Red Mask","floor":37,"gold_loss":0},{"damage_healed":0,"gold_gain":0,"player_choice":"Fight","damage_taken":0,"max_hp_gain":0,"max_hp_loss":0,"event_name":"Mysterious Sphere","floor":39,"gold_loss":0}],"is_beta":true,"boss_relics":[{"not_picked":["Velvet Choker","Tiny House"],"picked":"Black Star"},{"not_picked":["Philosopher\u0027s Stone","Pandora\u0027s Box"],"picked":"HoveringKite"}],"items_purged_floors":[19],"is_endless":false,"potions_floor_spawned":[1,14,16,20,21,28,31,38],"killed_by":"2 Orb Walkers","ascension_level":1}}