{"host":"49c2zf0lajbcs427","time":1608197215,"event":{"mods":["AchievementEnabler","BaseMod","Colored Map","Colored Powertips","Highlight Path","Minty Spire (QoL Compilation)","Relic Stats","StSLib"],"gold_per_floor":[110,34,34,47,122,122,33,83,106,120,140,140,140],"floor_reached":12,"playtime":430,"items_purged":[],"score":129,"play_id":"e9ed82d7-d461-4603-b073-8653401241f5","local_time":"20201217222655","is_ascension_mode":true,"campfire_choices":[{"floor":6,"key":"REST"}],"circlet_count":0,"master_deck":["AscendersBane","Strike_P","Strike_P","Strike_P","Strike_P","Defend_P","Defend_P","Defend_P","Defend_P","Eruption","Vigilance","EmptyFist","BattleHymn","ThirdEye","Wireheading","Establishment"],"relics":["Runic Dome","Golden Idol","Damaru"],"acts_visited":["Exordium"],"potions_floor_usage":[],"damage_taken":[{"damage":1,"enemies":"Small Slimes","floor":1,"turns":5},{"damage":6,"enemies":"Jaw Worm","floor":4,"turns":4},{"damage":1,"enemies":"2 Louse","floor":10,"turns":3},{"damage":5,"enemies":"Red Slaver","floor":11,"turns":3},{"damage":50,"enemies":"3 Sentries","floor":12,"turns":6}],"seed_played":"1225813472231048347","potions_obtained":[{"floor":10,"key":"FearPotion"}],"is_trial":false,"path_per_floor":["M","$","?","M","?","R","$","?","T","M","M","E"],"character_chosen":"WATCHER","items_purchased":["BattleHymn","Wireheading"],"campfire_rested":1,"item_purchase_floors":[2,7],"current_hp_per_floor":[60,60,37,31,20,40,40,40,40,39,34,0,0],"gold":140,"neow_bonus":"BOSS_RELIC","is_daily":false,"chose_seed":false,"campfire_upgraded":0,"win_rate":0.0,"timestamp":1608197215,"path_taken":["M","$","?","M","?","R","$","?","T","M","M","E"],"items_purchased_type":["Card","Card"],"build_version":"2020-12-13","purchased_purges":0,"victory":false,"max_hp_per_floor":[68,68,68,68,68,68,68,68,68,68,68,68,68],"relic_stats":{"counters":[5,21],"Golden Idol":10,"obtain_stats":[{"Runic Dome":0,"Golden Idol":3,"Damaru":9,"PureWater":0},{"Runic Dome":0,"Golden Idol":1,"Damaru":2,"PureWater":0},{"Runic Dome":0,"Golden Idol":5,"Damaru":9,"PureWater":0}]},"card_choices":[{"not_picked":["FlurryOfBlows","EmptyBody"],"picked":"EmptyFist","floor":1},{"not_picked":["Crescendo","Protect"],"picked":"ThirdEye","floor":4},{"not_picked":["LikeWater","ClearTheMind"],"picked":"Establishment","floor":10},{"not_picked":["Swivel","WindmillStrike","ForeignInfluence"],"picked":"SKIP","floor":11}],"player_experience":2101661,"relics_obtained":[{"floor":9,"key":"Damaru"}],"event_choices":[{"damage_healed":0,"gold_gain":0,"player_choice":"Take Damage","damage_taken":23,"relics_obtained":["Golden Idol"],"max_hp_gain":0,"max_hp_loss":0,"event_name":"Golden Idol","floor":3,"gold_loss":0},{"damage_healed":0,"gold_gain":75,"player_choice":"Gather Gold","damage_taken":11,"max_hp_gain":0,"max_hp_loss":0,"event_name":"World of Goop","floor":5,"gold_loss":0},{"damage_healed":0,"gold_gain":50,"player_choice":"Pray","damage_taken":0,"max_hp_gain":0,"max_hp_loss":0,"event_name":"Golden Shrine","floor":8,"gold_loss":0}],"is_beta":false,"boss_relics":[],"items_purged_floors":[],"is_endless":false,"potions_floor_spawned":[10],"killed_by":"3 Sentries","ascension_level":18}}