{"host":"p9t7qd83igtcp2bh","time":1608178748,"event":{"mods":["2.2 Compatiblity","AchievementEnabler","BaseMod","Colored Map","Colored Powertips","Custom Start","DeckTracker","Keyboard Shortcuts","Minty Spire (QoL Compilation)","Permanent Neow","Spicy Shops","StSLib","SuperFastMode","everything is the same but u backflip on backflip"],"gold_per_floor":[111,130,145,159,173,173,200,200,200,227,237,268,343,308,308,404,404,416,427,438,145,159,187,187,221,274,274,373,373,373,393,393,496,496,507,525,199,199,210,210,236,236,236,263,282,296,323,342,342,342,342,342,1,34,34],"floor_reached":56,"playtime":2448,"items_purged":[],"score":1713,"play_id":"dcfd4acb-ab9d-4d31-8595-be13aec216fe","local_time":"20201217131908","is_ascension_mode":true,"campfire_choices":[{"data":"Inflame","floor":6.0,"key":"SMITH"},{"data":"Heavy Blade","floor":8.0,"key":"SMITH"},{"data":"Barricade","floor":15.0,"key":"SMITH"},{"data":"Offering","floor":24,"key":"SMITH"},{"data":"Dual Wield","floor":27,"key":"SMITH"},{"data":"Battle Trance","floor":32,"key":"SMITH"},{"floor":40,"key":"RECALL"},{"floor":42,"key":"REST"},{"data":"1","floor":49,"key":"LIFT"},{"data":"Seeing Red","floor":52,"key":"SMITH"}],"circlet_count":0,"master_deck":["Strike_R","Strike_R","Strike_R","Strike_R","Strike_R","Defend_R+1","Defend_R","Defend_R","Defend_R","Bash","Offering+1","Heavy Blade+1","Shrug It Off+1","Carnage","Inflame+1","Barricade+1","Battle Trance+1","Sword Boomerang","Dropkick","Reaper","Shockwave+1","Spot Weakness+1","Reaper","Body Slam","Dual Wield+1","J.A.X.","Armaments+1","Berserk+1","CurseOfTheBell","Reaper","Heavy Blade+1","Battle Trance+1","Seeing Red+1","Offering"],"relics":["Burning Blood","Bag of Marbles","Frozen Egg 2","Potion Belt","Mango","SacredBark","Lee\u0027s Waffle","DollysMirror","InkBottle","Darkstone Periapt","Calling Bell","Torii","Question Card","War Paint","Brimstone","Bird Faced Urn","Omamori","Girya","MealTicket","Anchor","Self Forming Clay"],"acts_visited":["Exordium","TheCity","TheBeyond","TheEnding"],"potions_floor_usage":[23,31,36,41,44,50,54,55,55,55,55,55],"damage_taken":[{"damage":6.0,"enemies":"2 Louse","floor":1.0,"turns":3.0},{"damage":7.0,"enemies":"Jaw Worm","floor":2.0,"turns":3.0},{"damage":2.0,"enemies":"Small Slimes","floor":3.0,"turns":3.0},{"damage":11.0,"enemies":"Looter","floor":4.0,"turns":2.0},{"damage":12.0,"enemies":"Red Slaver","floor":5.0,"turns":4.0},{"damage":6.0,"enemies":"Gremlin Nob","floor":7.0,"turns":2.0},{"damage":11.0,"enemies":"Lagavulin","floor":10.0,"turns":3.0},{"damage":15.0,"enemies":"Exordium Thugs","floor":11.0,"turns":6.0},{"damage":37.0,"enemies":"3 Sentries","floor":12.0,"turns":6.0},{"damage":26.0,"enemies":"Hexaghost","floor":16.0,"turns":7.0},{"damage":34.0,"enemies":"3 Byrds","floor":18.0,"turns":7.0},{"damage":40.0,"enemies":"2 Thieves","floor":19.0,"turns":4.0},{"damage":39,"enemies":"Snake Plant","floor":20,"turns":5},{"damage":7,"enemies":"Snecko","floor":22,"turns":4},{"damage":80,"enemies":"Slavers","floor":23,"turns":5},{"damage":48,"enemies":"Gremlin Leader","floor":25,"turns":4},{"damage":74,"enemies":"Shelled Parasite and Fungi","floor":31,"turns":8},{"damage":115,"enemies":"Collector","floor":33,"turns":12},{"damage":15,"enemies":"3 Shapes","floor":35,"turns":6},{"damage":27,"enemies":"3 Darklings","floor":36,"turns":3},{"damage":87,"enemies":"4 Shapes","floor":39,"turns":5},{"damage":95,"enemies":"Nemesis","floor":41,"turns":7},{"damage":116,"enemies":"Reptomancer","floor":44,"turns":7},{"damage":32,"enemies":"Jaw Worm Horde","floor":45,"turns":4},{"damage":60,"enemies":"3 Darklings","floor":46,"turns":5},{"damage":134,"enemies":"Nemesis","floor":47,"turns":9},{"damage":26,"enemies":"4 Shapes","floor":48,"turns":7},{"damage":94,"enemies":"Time Eater","floor":50,"turns":7},{"damage":98,"enemies":"Shield and Spear","floor":54,"turns":6},{"damage":67,"enemies":"The Heart","floor":55,"turns":6}],"seed_played":"7099177912866756587","potions_obtained":[{"floor":3.0,"key":"SteroidPotion"},{"floor":7.0,"key":"EssenceOfSteel"},{"floor":11.0,"key":"Ancient Potion"},{"floor":16.0,"key":"Weak Potion"},{"floor":20,"key":"SteroidPotion"},{"floor":22,"key":"ColorlessPotion"},{"floor":25,"key":"BloodPotion"},{"floor":33,"key":"Explosive Potion"},{"floor":35,"key":"SmokeBomb"},{"floor":39,"key":"Strength Potion"},{"floor":41,"key":"Energy Potion"},{"floor":45,"key":"DistilledChaos"},{"floor":48,"key":"DistilledChaos"}],"is_trial":false,"path_per_floor":["M","M","M","M","M","R","E","R","T","E","M","E","?","?","R","B",null,"M","M","M","$","M","E","R","E","T","R","?","?","?","M","R","B",null,"M","M","$","?","M","R","E","R","T","E","M","M","E","M","R","B",null,"R","$","E","B",null],"character_chosen":"IRONCLAD","items_purchased":["Lee\u0027s Waffle","DollysMirror","PowerPotion","SteroidPotion","Brimstone","DuplicationPotion","Anchor","Ancient Potion"],"campfire_rested":1,"item_purchase_floors":[21,21,37,37,37,53,53,53],"current_hp_per_floor":[80,79,80,75,69,69,69,69,69,64,55,38,27,50,50,30,94,66,49,16,101,101,79,79,80,80,80,80,80,60,31,31,16,112,112,91,91,91,67,67,92,112,112,106,84,112,45,73,73,54,112,112,112,66,105],"gold":34,"neow_bonus":"ONE_RANDOM_RARE_CARD","is_daily":false,"chose_seed":false,"campfire_upgraded":7,"win_rate":0.0,"timestamp":1608178748,"path_taken":["M","M","M","M","M","R","E","R","T","E","M","E","?","?","R","BOSS","M","M","M","$","M","E","R","E","T","R","?","?","?","M","R","BOSS","M","M","$","?","M","R","E","R","T","E","M","?","E","M","R","BOSS","R","$","E","BOSS"],"items_purchased_type":["Relic","Relic","Potion","Potion","Relic","Potion","Relic","Potion"],"build_version":"2020-12-13","purchased_purges":0,"victory":true,"max_hp_per_floor":[80,80,80,80,80,80,80,80,80,80,80,94,94,94,94,94,94,94,94,94,101,101,101,101,101,101,101,101,101,106,106,106,106,112,112,112,112,112,112,112,112,112,112,112,112,112,112,112,112,112,112,112,112,112,112],"card_choices":[{"not_picked":["Warcry","Ghostly Armor"],"picked":"Heavy Blade","floor":1.0},{"not_picked":["Iron Wave","Twin Strike"],"picked":"Shrug It Off","floor":2.0},{"not_picked":["Warcry","Pommel Strike"],"picked":"Carnage","floor":3.0},{"not_picked":["Heavy Blade","Feel No Pain"],"picked":"Inflame","floor":4.0},{"not_picked":["Anger","Twin Strike"],"picked":"Barricade","floor":5.0},{"not_picked":["Burning Pact","Sever Soul"],"picked":"Battle Trance","floor":7.0},{"not_picked":["Body Slam","Thunderclap"],"picked":"Sword Boomerang","floor":10.0},{"not_picked":["Flex","Iron Wave"],"picked":"Dropkick","floor":11.0},{"not_picked":["Combust+1","Burning Pact","Thunderclap"],"picked":"SKIP","floor":12.0},{"not_picked":["Limit Break","Bludgeon"],"picked":"Reaper","floor":16.0},{"not_picked":["Headbutt","Clash","True Grit"],"picked":"SKIP","floor":18.0},{"not_picked":["Armaments","Havoc"],"picked":"Shockwave+1","floor":19.0},{"not_picked":["Metallicize+1","Anger"],"picked":"Spot Weakness+1","floor":20},{"not_picked":["Spot Weakness","Anger"],"picked":"Body Slam","floor":22},{"not_picked":["Rampage","Heavy Blade","Sever Soul+1"],"picked":"SKIP","floor":23},{"not_picked":["Dark Embrace+1","Combust+1"],"picked":"Dual Wield","floor":25},{"not_picked":["Rampage","Clothesline"],"picked":"Armaments+1","floor":31},{"not_picked":["Bludgeon","Brutality+1"],"picked":"Berserk+1","floor":33},{"not_picked":["Fire Breathing+1","Perfected Strike+1","Iron Wave+1","Sword Boomerang"],"picked":"SKIP","floor":35},{"not_picked":["Rampage","Havoc","Searing Blow+1","Armaments"],"picked":"SKIP","floor":36},{"not_picked":["Headbutt+1","Iron Wave","Havoc+1","Wild Strike"],"picked":"SKIP","floor":39},{"not_picked":["Berserk+1","Armaments+1","Headbutt+1","Body Slam+1"],"picked":"SKIP","floor":41},{"not_picked":["Clothesline","Sentinel+1","Iron Wave+1","Wild Strike"],"picked":"SKIP","floor":44},{"not_picked":["Thunderclap","Inflame+1","Carnage+1"],"picked":"Heavy Blade+1","floor":45},{"not_picked":["Dropkick","Perfected Strike+1","Anger+1"],"picked":"Battle Trance+1","floor":46},{"not_picked":["Blood for Blood+1","Shrug It Off","Perfected Strike+1"],"picked":"Seeing Red","floor":47},{"not_picked":["Barricade+1","Wild Strike+1","Havoc+1","Anger"],"picked":"SKIP","floor":48},{"not_picked":["Headbutt","Flex+1","Combust+1"],"picked":"Offering","floor":54}],"player_experience":550192,"relics_obtained":[{"floor":7.0,"key":"Bag of Marbles"},{"floor":9.0,"key":"Frozen Egg 2"},{"floor":10.0,"key":"Potion Belt"},{"floor":12.0,"key":"Mango"},{"floor":23,"key":"InkBottle"},{"floor":25,"key":"Darkstone Periapt"},{"floor":34,"key":"Torii"},{"floor":34,"key":"Question Card"},{"floor":34,"key":"War Paint"},{"floor":41,"key":"Bird Faced Urn"},{"floor":43,"key":"Omamori"},{"floor":44,"key":"Girya"},{"floor":47,"key":"MealTicket"},{"floor":54,"key":"Self Forming Clay"}],"event_choices":[{"damage_healed":0.0,"max_hp_gain":0.0,"max_hp_loss":0.0,"gold_gain":75.0,"event_name":"World of Goop","player_choice":"Gather Gold","floor":13.0,"gold_loss":0.0,"damage_taken":11.0},{"damage_healed":23.0,"max_hp_gain":0.0,"max_hp_loss":0.0,"gold_gain":0.0,"event_name":"The Cleric","player_choice":"Healed","floor":14.0,"gold_loss":35.0,"damage_taken":0.0},{"damage_healed":0,"gold_gain":99,"player_choice":"Stole From Cult","damage_taken":0,"max_hp_gain":0,"max_hp_loss":0,"event_name":"Nest","floor":28,"gold_loss":0},{"damage_healed":0,"gold_gain":0,"player_choice":"Obtain J.A.X.","damage_taken":0,"max_hp_gain":0,"max_hp_loss":0,"event_name":"Drug Dealer","floor":29,"gold_loss":0,"cards_obtained":["J.A.X."]},{"damage_healed":0,"gold_gain":0,"player_choice":"Shed Blood","damage_taken":25,"max_hp_gain":5,"max_hp_loss":0,"event_name":"Forgotten Altar","floor":30,"gold_loss":0},{"damage_healed":0,"gold_gain":0,"player_choice":"Copied","damage_taken":0,"max_hp_gain":0,"max_hp_loss":0,"event_name":"Duplicator","floor":38,"gold_loss":0,"cards_obtained":["Reaper"]}],"is_beta":false,"boss_relics":[{"not_picked":["Velvet Choker","Busted Crown"],"picked":"SacredBark"},{"not_picked":["Sozu","Runic Cube"],"picked":"Calling Bell"}],"items_purged_floors":[],"is_endless":false,"potions_floor_spawned":[3,7,11,16,20,22,25,33,35,39,41,45,48],"ascension_level":1}}