{"host":"zekcc3vicrep0och","time":1608231300,"event":{"mods":["AchievementEnabler","BaseMod","Colored Map","Colored Powertips","Displayed Cursed Tome","Minty Spire (QoL Compilation)","Relic Stats","StSLib"],"gold_per_floor":[118,168,180,197,213,247,247,281,316,328,353,385,29,29,29,102,102,122,133,151,151,201,201,201,201],"floor_reached":24,"playtime":1061,"items_purged":[],"score":399,"play_id":"71ae9b2c-f850-4443-be6c-bd5209ae4d92","local_time":"20201217215500","is_ascension_mode":true,"campfire_choices":[{"data":"Eruption","floor":7.0,"key":"SMITH"},{"floor":10.0,"key":"REST"},{"data":"FollowUp","floor":15.0,"key":"SMITH"},{"data":"CrushJoints","floor":23.0,"key":"SMITH"}],"circlet_count":0,"master_deck":["AscendersBane","Defend_P","Defend_P","Defend_P","Defend_P","Eruption+1","Vigilance+1","FollowUp+1","FlurryOfBlows","Consecrate","SashWhip","Evaluate","FlyingSleeves","CrushJoints+1","EmptyBody+1","TalkToTheHand","LessonLearned","Pray","Prostrate","DeceiveReality","Bite","Bite","Bite","Bite","Bite"],"relics":["PureWater","Anchor","MawBank","Boot","Eternal Feather","Philosopher\u0027s Stone"],"acts_visited":["Exordium","TheCity"],"potions_floor_usage":[],"damage_taken":[{"damage":0.0,"enemies":"Small Slimes","floor":1.0,"turns":2.0},{"damage":10.0,"enemies":"Cultist","floor":3.0,"turns":6.0},{"damage":0.0,"enemies":"2 Louse","floor":4.0,"turns":1.0},{"damage":8.0,"enemies":"Blue Slaver","floor":5.0,"turns":3.0},{"damage":22.0,"enemies":"Gremlin Nob","floor":6.0,"turns":4.0},{"damage":15.0,"enemies":"Lagavulin","floor":8.0,"turns":5.0},{"damage":0.0,"enemies":"Large Slime","floor":11.0,"turns":3.0},{"damage":5.0,"enemies":"Gremlin Gang","floor":12.0,"turns":3.0},{"damage":13.0,"enemies":"Slime Boss","floor":16.0,"turns":4.0},{"damage":9.0,"enemies":"2 Thieves","floor":18.0,"turns":3.0},{"damage":0.0,"enemies":"Chosen","floor":19.0,"turns":3.0},{"damage":10.0,"enemies":"Centurion and Healer","floor":20.0,"turns":5.0},{"damage":58,"enemies":"Gremlin Leader","floor":24,"turns":4}],"seed_played":"-5224213318335478414","potions_obtained":[{"floor":3.0,"key":"Ancient Potion"},{"floor":4.0,"key":"PowerPotion"},{"floor":8.0,"key":"Strength Potion"},{"floor":11.0,"key":"DistilledChaos"},{"floor":16.0,"key":"Fire Potion"},{"floor":18.0,"key":"BottledMiracle"}],"is_trial":false,"path_per_floor":["M","?","M","M","M","E","R","E","T","R","M","M","$","?","R","B",null,"M","M","M","?","?","R","E"],"character_chosen":"WATCHER","items_purchased":["Eternal Feather","TalkToTheHand"],"campfire_rested":1,"item_purchase_floors":[13,13],"current_hp_per_floor":[67,67,57,57,49,27,27,12,12,34,34,29,29,7,19,6,57,48,48,38,38,38,51,0,0],"gold":201,"neow_bonus":"TEN_PERCENT_HP_BONUS","is_daily":false,"chose_seed":false,"campfire_upgraded":3,"win_rate":0.0,"timestamp":1608231300,"path_taken":["M","?","M","M","M","E","R","E","T","R","M","M","?","?","R","BOSS","M","M","M","?","?","R","E"],"items_purchased_type":["Relic","Card"],"build_version":"2020-12-13","purchased_purges":0,"victory":false,"max_hp_per_floor":[74,74,74,74,74,74,74,74,74,74,74,74,74,74,74,74,74,74,74,74,51,51,51,51,51],"relic_stats":{"counters":[13,46],"Eternal Feather":25,"MawBank":60,"Boot":[10],"obtain_stats":[{"Anchor":6,"Eternal Feather":13,"Philosopher\u0027s Stone":17,"PureWater":0,"MawBank":8,"Boot":9},{"Anchor":5,"Eternal Feather":8,"Philosopher\u0027s Stone":9,"PureWater":0,"MawBank":6,"Boot":6},{"Anchor":16,"Eternal Feather":27,"Philosopher\u0027s Stone":31,"PureWater":0,"MawBank":21,"Boot":21}]},"card_choices":[{"not_picked":["PathToVictory","Nirvana"],"picked":"FollowUp","floor":1.0},{"not_picked":["CarveReality","Blasphemy"],"picked":"FlurryOfBlows","floor":3.0},{"not_picked":["PathToVictory","Prostrate"],"picked":"Consecrate","floor":4.0},{"not_picked":["Tantrum","PathToVictory"],"picked":"SashWhip","floor":5.0},{"not_picked":["Sanctity","PathToVictory"],"picked":"Evaluate","floor":6.0},{"not_picked":["InnerPeace","MasterReality"],"picked":"FlyingSleeves","floor":8.0},{"not_picked":["FollowUp","Pray"],"picked":"CrushJoints","floor":11.0},{"not_picked":["CutThroughFate","Consecrate"],"picked":"EmptyBody","floor":12.0},{"not_picked":["SpiritShield","DeusExMachina"],"picked":"LessonLearned","floor":16.0},{"not_picked":["Halt","SashWhip"],"picked":"Pray","floor":18.0},{"not_picked":["Halt","BowlingBash+1"],"picked":"Prostrate","floor":19.0},{"not_picked":["CutThroughFate+1","Wireheading"],"picked":"DeceiveReality","floor":20.0}],"player_experience":433346,"relics_obtained":[{"floor":6.0,"key":"Anchor"},{"floor":8.0,"key":"MawBank"},{"floor":9.0,"key":"Boot"}],"event_choices":[{"damage_healed":0.0,"max_hp_gain":0.0,"max_hp_loss":0.0,"gold_gain":50.0,"event_name":"Golden Shrine","player_choice":"Pray","floor":2.0,"gold_loss":0.0,"damage_taken":0.0},{"damage_healed":0.0,"max_hp_gain":0.0,"max_hp_loss":0.0,"gold_gain":0.0,"event_name":"Shining Light","player_choice":"Entered Light","floor":14.0,"gold_loss":0.0,"damage_taken":22.0,"cards_upgraded":["EmptyBody","Strike_P"]},{"damage_healed":0.0,"max_hp_gain":0.0,"max_hp_loss":23.0,"gold_gain":0.0,"event_name":"Vampires","player_choice":"Became a vampire","floor":21.0,"gold_loss":0.0,"damage_taken":0.0,"cards_obtained":["Bite","Bite","Bite","Bite","Bite"]},{"damage_healed":0.0,"max_hp_gain":0.0,"max_hp_loss":0.0,"gold_gain":50.0,"event_name":"Nest","player_choice":"Stole From Cult","floor":22.0,"gold_loss":0.0,"damage_taken":0.0}],"is_beta":false,"boss_relics":[{"not_picked":["Fusion Hammer","SacredBark"],"picked":"Philosopher\u0027s Stone"}],"items_purged_floors":[],"is_endless":false,"potions_floor_spawned":[3,4,8,11,16,18,19],"killed_by":"Gremlin Leader","ascension_level":16}}