{"host":"ShadowRapture","time":1608181838,"event":{"mods":["AchievementEnabler","Aspiration","BaseMod","Better Altar","Better Match","Better Note","Better Sensory Stone","Better Skull","Better Third Choice","BetterRewards","CCEM","Colored Map","Colored Powertips","Conspire","Downfall","Friendly Minions","GifTheSpireLib","Googly Eyes","Halation","Highlight Path","Hubris","Infinite Spire","Jorbs\u0027s Wanderer Trilogy","Mad Scientist","Marked Mod","Minty Spire (QoL Compilation)","Permanent Neow","Replay The Spire","Shade Mod","Shop Mod","Spicy Shops","StSLib","Stuff the Spire","The Administrix","The Blackbeard","The Construct","The Cursed","The Runesmith","Unceasing Turn Reminder","Waifu the Spire","[IsaacMod]????","everything is the same but u backflip on backflip","slay the spire mod where everything is the same but ironclad has a cowboy hat"],"gold_per_floor":[99,99,99,99,124,124,124,124,124,151,162,162,162,162,180,180,180],"floor_reached":16,"playtime":651,"items_purged":[],"score":179,"play_id":"096a8c5a-b439-4c64-8783-a5f88ea9d367","local_time":"20201217161038","is_ascension_mode":false,"campfire_choices":[{"floor":1,"key":"DIG"},{"data":"hexamod:Sear","floor":3,"key":"SMITH"},{"data":"hexamod:SwordOfDarkness","floor":6,"key":"SMITH"}],"circlet_count":0,"master_deck":["conspire:GhostlyStrike","conspire:GhostlyStrike","conspire:GhostlyStrike","conspire:GhostlyStrike","conspire:GhostlyDefend","conspire:GhostlyDefend","conspire:GhostlyDefend","conspire:GhostlyDefend","hexamod:Float","hexamod:Sear+1","hexamod:SwordOfDarkness+1","Regret","hexamod:ThirdSeal","hexamod:GhostLash","hexamod:GhostLash"],"relics":["hexamod:SpiritBrand","HushsDoor","YumHeart","downfall:HeartsMalice","StuffTheSpire:Mouthbags","StuffTheSpire:RedRose","Blue Doll","hubris:Icosahedron","Replay:Wax Seal","hubris:Towel","The Courier","Gremlin Food","Lantern"],"acts_visited":["Exordium"],"potions_floor_usage":[10,16],"damage_taken":[{"damage":0,"enemies":"Small Slimes","floor":2,"turns":1},{"damage":0,"enemies":"Lagavulin","floor":5,"turns":1},{"damage":0,"enemies":"2 Louse","floor":9,"turns":1},{"damage":32,"enemies":"Gremlin Nob","floor":10,"turns":4},{"damage":0,"enemies":"Jaw Worm","floor":11,"turns":3},{"damage":1,"enemies":"3 Louse","floor":15,"turns":2},{"damage":25,"enemies":"downfall:Watcher","floor":16,"turns":4}],"seed_played":"4357673961564961940","potions_obtained":[{"floor":5,"key":"AttackPotion"},{"floor":11,"key":"Adrenaline Potion"}],"is_trial":false,"path_per_floor":["R_BF","M","R","?","E","R","T","?","M","E","M","?","?","$","M","B"],"character_chosen":"THE_SPIRIT","items_purchased":["The Courier","Gremlin Food","Lantern"],"campfire_rested":0,"item_purchase_floors":[14,14,14],"current_hp_per_floor":[70,70,70,70,70,70,70,70,70,38,38,38,38,26,25,0,0],"gold":180,"neow_bonus":"THREE_ENEMY_KILL","is_daily":false,"chose_seed":false,"campfire_upgraded":2,"win_rate":0.0,"timestamp":1608181838,"path_taken":["R_BF","M","R","?","E","R","T","?","M","E","M","?","?","?","M","BOSS"],"items_purchased_type":["Relic","Relic","Relic"],"build_version":"2020-12-07","purchased_purges":0,"victory":false,"max_hp_per_floor":[70,70,70,70,70,70,70,70,70,70,70,70,70,70,70,70,70],"card_choices":[{"not_picked":["hexamod:CatchUp","hexamod:ShieldOfDarkness"],"picked":"hexamod:SwordOfDarkness","floor":2},{"not_picked":["hexamod:EmpoweringStance","hexamod:GhostflameBarrier"],"picked":"hexamod:ThirdSeal","floor":5},{"not_picked":["hexamod:ShieldOfDarkness","hexamod:NightmareStrike"],"picked":"hexamod:GhostLash","floor":9},{"not_picked":["hexamod:HauntingEcho","hexamod:ChargedBarrage"],"picked":"hexamod:GhostLash","floor":10},{"not_picked":["Bomb","hexamod:NightmareGuise","hexamod:InspiringFlames"],"picked":"SKIP","floor":10},{"not_picked":["Bomb","hexamod:NightmareGuise","hexamod:InspiringFlames"],"picked":"SKIP","floor":10},{"not_picked":["hexamod:RainOfEmbers","hexamod:SkipABeat","hexamod:HeatShield"],"picked":"SKIP","floor":11},{"not_picked":["hexamod:ShieldOfDarkness","hexamod:ThermalTransfer","hexamod:ChargedBarrage"],"picked":"SKIP","floor":15}],"player_experience":206602,"relics_obtained":[{"floor":1,"key":"StuffTheSpire:Mouthbags"},{"floor":5,"key":"Blue Doll"},{"floor":10,"key":"Replay:Wax Seal"}],"event_choices":[{"damage_healed":0,"gold_gain":0,"player_choice":"Agree","damage_taken":0,"max_hp_gain":0,"max_hp_loss":0,"event_name":"conspire:LoneGhost","floor":13,"gold_loss":0}],"is_beta":true,"boss_relics":[],"items_purged_floors":[],"is_endless":false,"potions_floor_spawned":[5,11],"killed_by":"downfall:Watcher","ascension_level":0}}