{"host":"899crud3100o27sg","time":1608187477,"event":{"mods":["BaseMod","Better Third Choice","Colored Map","Colored Powertips","Downfall","Minty Spire (QoL Compilation)","Quick Restart","Relic Stats","Shop Mod","StSLib","The IronCluck"],"gold_per_floor":[109,120,120,131,150,175,191,191,218,248,248,248,248,265,265,265,265],"floor_reached":16,"playtime":560,"items_purged":[],"score":196,"play_id":"265f61d3-acc1-4734-8c18-3df7c2ac5ab3","local_time":"20201217171437","is_ascension_mode":true,"campfire_choices":[{"data":"Iron Wave","floor":8,"key":"SMITH"},{"data":"True Grit","floor":15,"key":"SMITH"}],"circlet_count":0,"master_deck":["AscendersBane","Strike_R","Strike_R","Strike_R","Strike_R","Strike_R","Defend_R","Defend_R","Defend_R","Defend_R","Bash+1","Iron Wave+1","Ghostly Armor","True Grit+1","Shrug It Off","Bloodletting","Fiend Fire"],"relics":["Burning Blood","Meat on the Bone","Juzu Bracelet","Orichalcum"],"acts_visited":["Exordium"],"potions_floor_usage":[6,10,10,16],"damage_taken":[{"damage":7.0,"enemies":"2 Louse","floor":1.0,"turns":4.0},{"damage":1.0,"enemies":"Cultist","floor":2.0,"turns":3.0},{"damage":0.0,"enemies":"Small Slimes","floor":4.0,"turns":4.0},{"damage":16.0,"enemies":"Blue Slaver","floor":5.0,"turns":5.0},{"damage":54,"enemies":"Gremlin Nob","floor":6,"turns":6},{"damage":3,"enemies":"2 Fungi Beasts","floor":7,"turns":5},{"damage":23,"enemies":"3 Sentries","floor":10,"turns":4},{"damage":12,"enemies":"Exordium Wildlife","floor":14,"turns":5},{"damage":73,"enemies":"Hexaghost","floor":16,"turns":9}],"seed_played":"-1139266180129071892","potions_obtained":[{"floor":2.0,"key":"ElixirPotion"},{"floor":5.0,"key":"sneckomod:MuddlingPotion"},{"floor":6,"key":"PowerPotion"},{"floor":7,"key":"Explosive Potion"},{"floor":10,"key":"AttackPotion"}],"is_trial":false,"path_per_floor":["M","M","?","M","M","E","M","R","T","E","?","?","?","M","R","B"],"character_chosen":"IRONCLAD","items_purchased":[],"campfire_rested":0,"item_purchase_floors":[],"current_hp_per_floor":[67,72,72,75,65,17,32,32,32,27,27,27,75,69,69,0,0],"gold":265,"neow_bonus":"UPGRADE_CARD","is_daily":false,"chose_seed":false,"campfire_upgraded":2,"win_rate":0.0,"timestamp":1608187477,"path_taken":["M","M","?","M","M","E","M","R","T","E","?","?","?","M","R","BOSS"],"items_purchased_type":[],"build_version":"2020-12-13","purchased_purges":0,"victory":false,"max_hp_per_floor":[75,75,75,75,75,75,75,75,75,75,75,75,75,75,75,75,75],"relic_stats":{"counters":[9,45],"Juzu Bracelet":3,"Orichalcum":[6],"obtain_stats":[{"Juzu Bracelet":9,"Orichalcum":10,"Burning Blood":0,"Meat on the Bone":6},{"Juzu Bracelet":6,"Orichalcum":7,"Burning Blood":0,"Meat on the Bone":5},{"Juzu Bracelet":27,"Orichalcum":31,"Burning Blood":0,"Meat on the Bone":22}],"Burning Blood":45,"Meat on the Bone":24},"card_choices":[{"not_picked":["Anger","Perfected Strike"],"picked":"Iron Wave","floor":1.0},{"not_picked":["Rupture","Sever Soul"],"picked":"Ghostly Armor","floor":2.0},{"not_picked":["Reckless Charge","Havoc"],"picked":"True Grit","floor":4.0},{"not_picked":["Warcry","Body Slam"],"picked":"Shrug It Off","floor":5.0},{"not_picked":["Blood for Blood","Feel No Pain"],"picked":"Fire Breathing","floor":6},{"not_picked":["Entrench","Rage"],"picked":"Bloodletting","floor":7},{"not_picked":["Entrench","Body Slam","Perfected Strike"],"picked":"SKIP","floor":10},{"not_picked":["Armaments","Fire Breathing"],"picked":"Fiend Fire","floor":14}],"player_experience":1002485,"relics_obtained":[{"floor":6,"key":"Meat on the Bone"},{"floor":9,"key":"Juzu Bracelet"},{"floor":10,"key":"Orichalcum"}],"event_choices":[{"damage_healed":0.0,"max_hp_gain":0.0,"max_hp_loss":0.0,"gold_gain":0.0,"event_name":"Wheel of Change","player_choice":"Cursed","floor":3.0,"gold_loss":0.0,"damage_taken":0.0,"cards_obtained":["Decay"]},{"damage_healed":0,"gold_gain":0,"player_choice":"Forge","damage_taken":0,"max_hp_gain":0,"max_hp_loss":0,"event_name":"Accursed Blacksmith","floor":11,"gold_loss":0,"cards_upgraded":["Fire Breathing"]},{"cards_removed":["Decay"],"damage_healed":0,"gold_gain":0,"player_choice":"Removed Curses","damage_taken":0,"max_hp_gain":0,"max_hp_loss":0,"event_name":"Fountain of Cleansing","floor":12,"gold_loss":0},{"cards_removed":["Fire Breathing"],"damage_healed":48,"gold_gain":0,"player_choice":"Offered Uncommon","damage_taken":0,"max_hp_gain":0,"max_hp_loss":0,"event_name":"Bonfire Elementals","floor":13,"gold_loss":0}],"is_beta":false,"boss_relics":[],"items_purged_floors":[],"is_endless":false,"potions_floor_spawned":[2,5,6,7,10],"killed_by":"Hexaghost","ascension_level":15}}