{"host":"vdpaduzlq0qlaikq","time":1608247247,"event":{"mods":["AchievementEnabler","BaseMod","Better Third Choice","BetterRewards","Colored Map","Downfall","Gold Saver","Hermit","Jorbs\u0027s Wanderer Trilogy","Minty Spire (QoL Compilation)","Relic Filter","Spicy Shops","StSLib","The Necromancer"],"gold_per_floor":[1353,1353,1367,1386,1397,1397,1421,176,176,209,209,222,68,88,101,204,204,204,217,96,96,113,113,140,155,165,191,191,209,209,224,242,341,341,116,136,136,163,163,195,195,228,228,253,263,41,91,145,161,161,161,196,57,57,57],"floor_reached":56,"playtime":3523,"items_purged":["Pain","Shame"],"score":1823,"play_id":"5e7cef6e-9bb0-45c4-8101-59f2d76219b9","local_time":"20201217212047","is_ascension_mode":true,"campfire_choices":[{"data":"Slimebound:CorrosiveSpit","floor":1.0,"key":"SMITH"},{"floor":6.0,"key":"REST"},{"data":"Slimebound:SplitBruiser","floor":9.0,"key":"SMITH"},{"data":"Slimebound:Darklings","floor":18.0,"key":"SMITH"},{"floor":23,"key":"RECALL"},{"data":"Slimebound:Overexert","floor":35,"key":"SMITH"},{"data":"Slimebound:Split","floor":37,"key":"SMITH"},{"data":"Slimebound:LeadByExample","floor":43,"key":"SMITH"},{"data":"Slimebound:SplitSpecialist","floor":54,"key":"SMITH"}],"circlet_count":0,"master_deck":["Slimebound:Tackle","Slimebound:Split+1","Slimebound:CorrosiveSpit+1","Slimebound:PressTheAttack","Slimebound:RallyTheTroops","Slimebound:Replication+1","Slimebound:SplitBruiser+1","Slimebound:SplitMire","Slimebound:DisruptingSlam","Slimebound:Repurpose","Slimebound:Darklings+1","Slimebound:LevelUp","Slimebound:SplitAcid","Slimebound:LeechLife","Slimebound:ComboTackle","Slimebound:LeadByExample+1","Slimebound:SlimeTap+1","Slimebound:LeechingTouch","Slimebound:Grow","Slimebound:SplitAcid+1","Slimebound:LevelUp","Slimebound:ServeAndProtect","Slimebound:LevelUp","Slimebound:ProtectTheBoss+1","Slimebound:Overexert+1","Slimebound:SplitBruiser+1","Slimebound:SplitLeeching","expansioncontent:ManipulateTime","Slimebound:ForwardTackle+1","Slimebound:SlimeSpikes","Slimebound:Recycling","Slimebound:SplitAcid","Slimebound:SplitBruiser+1","Slimebound:OneTwoCombo","Slimebound:SplitSpecialist+1","Slimebound:LeadByExample"],"relics":["Slimebound:AbsorbEndCombat","WarpedTongs","Slimebound:AggressiveSlimeRelic","Meat on the Bone","Bottled Lightning","Slimebound:PotencyRelic","Guardian:BottledAnomaly","Art of War","Shuriken","Darkstone Periapt","Bag of Marbles","Pandora\u0027s Box","Bag of Preparation","Strawberry","Guardian:PocketSentry","Happy Flower","War Paint","SacredBark","downfall:HeartBlessingRed","downfall:HeartBlessingGreen","downfall:HeartBlessingBlue","Gremlin Horn","Boot","Dream Catcher","Eternal Feather","Unceasing Top","Question Card","FossilizedHelix","StoneCalendar","Anchor"],"acts_visited":["Exordium","TheCity","TheBeyond","TheEnding"],"potions_floor_usage":[33,55,55],"damage_taken":[{"damage":10.0,"enemies":"Jaw Worm","floor":3.0,"turns":3.0},{"damage":24.0,"enemies":"Cultist","floor":4.0,"turns":4.0},{"damage":20.0,"enemies":"Small Slimes","floor":5.0,"turns":3.0},{"damage":26.0,"enemies":"downfall:FleeingMerchant","floor":8.0,"turns":4.0},{"damage":42.0,"enemies":"3 Sentries","floor":10.0,"turns":3.0},{"damage":16.0,"enemies":"Blue Slaver","floor":12.0,"turns":2.0},{"damage":25.0,"enemies":"downfall:FleeingMerchant","floor":13.0,"turns":4.0},{"damage":12.0,"enemies":"2 Fungi Beasts","floor":14.0,"turns":2.0},{"damage":41.0,"enemies":"3 Louse","floor":15.0,"turns":2.0},{"damage":46.0,"enemies":"downfall:Defect","floor":16.0,"turns":4.0},{"damage":35.0,"enemies":"Spheric Guardian","floor":19.0,"turns":3.0},{"damage":54.0,"enemies":"downfall:FleeingMerchant","floor":20.0,"turns":4.0},{"damage":56,"enemies":"Book of Stabbing","floor":22,"turns":3},{"damage":28,"enemies":"Chosen","floor":25,"turns":3},{"damage":52,"enemies":"Snake Plant","floor":26,"turns":3},{"damage":50,"enemies":"Gremlin Leader","floor":27,"turns":4},{"damage":58,"enemies":"Snecko","floor":29,"turns":3},{"damage":28,"enemies":"Cultist and Chosen","floor":31,"turns":3},{"damage":28,"enemies":"Snake Plant","floor":32,"turns":2},{"damage":47,"enemies":"downfall:Ironclad","floor":33,"turns":3},{"damage":32,"enemies":"3 Shapes","floor":36,"turns":1},{"damage":24,"enemies":"Reptomancer","floor":38,"turns":3},{"damage":73,"enemies":"Giant Head","floor":40,"turns":3},{"damage":47,"enemies":"Reptomancer","floor":42,"turns":3},{"damage":23,"enemies":"Nemesis","floor":44,"turns":3},{"damage":24,"enemies":"3 Darklings","floor":45,"turns":2},{"damage":52,"enemies":"Mind Bloom Boss Battle","floor":47,"turns":3},{"damage":44,"enemies":"2 Orb Walkers","floor":48,"turns":2},{"damage":36,"enemies":"Jaw Worm Horde","floor":49,"turns":2},{"damage":71,"enemies":"downfall:Watcher","floor":50,"turns":3},{"damage":42,"enemies":"downfall:CharBossMerchant","floor":52,"turns":3},{"damage":195,"enemies":"downfall:NeowBoss","floor":55,"turns":15}],"seed_played":"5713792808733177773","potions_obtained":[{"floor":3.0,"key":"CultistPotion"},{"floor":5.0,"key":"PowerPotion"},{"floor":10.0,"key":"PowerPotion"},{"floor":15.0,"key":"Slimebound:ThreeZeroPotion"},{"floor":16.0,"key":"Fruit Juice"},{"floor":25,"key":"Guardian:BlockOnCardUsePotion"},{"floor":26,"key":"DuplicationPotion"},{"floor":33,"key":"ColorlessPotion"},{"floor":47,"key":"DuplicationPotion"}],"is_trial":false,"path_per_floor":["R","?","M","M","M","R","T","$","R","E","T","M","$","M","M","B",null,"R","M","$","$","E","R","T","M","M","E","?","M","?","M","M","B",null,"R","M","R","E","?","E","T","E","R","E","M","$","?","?","M","B",null,"E","$","R","B",null],"character_chosen":"SLIMEBOUND","items_purchased":["Meat on the Bone","Bottled Lightning","Slimebound:PotencyRelic","Guardian:BottledAnomaly","Art of War","PowerPotion","Slimebound:LevelUp","Bag of Marbles","Bag of Preparation","Strawberry","Guardian:PocketSentry","Slimebound:LevelUp","Question Card","Slimebound:SplitSpecialist","Slimebound:LeadByExample"],"campfire_rested":1,"item_purchase_floors":[8,8,8,8,8,8,13,13,20,20,20,20,46,53,53],"current_hp_per_floor":[42,42,38,34,26,44,44,40,40,36,36,40,57,61,56,59,71,71,60,55,55,55,55,55,67,51,45,45,53,53,61,67,56,78,88,84,84,86,81,72,72,73,88,85,84,84,84,74,60,67,88,83,83,88,61],"gold":57,"neow_bonus":"TRANSFORM_TWO_CARDS","is_daily":false,"chose_seed":false,"campfire_upgraded":7,"win_rate":0.0,"timestamp":1608247247,"path_taken":["R","?","M","?","M","R","T","?","R","E","?","?","$","M","M","BOSS","R","M","$","$","E","R","T","M","M","E","?","M","?","M","M","BOSS","R","M","R","E","?","E","T","E","R","E","M","$","?","?","M","BOSS","E","$","R","BOSS"],"items_purchased_type":["Relic","Relic","Relic","Relic","Relic","Potion","Card","Relic","Relic","Relic","Relic","Card","Relic","Card","Card"],"build_version":"2020-12-13","purchased_purges":2,"victory":true,"max_hp_per_floor":[60,60,60,60,60,60,60,60,60,60,60,60,66,66,66,71,71,71,71,78,78,78,78,78,78,78,78,78,78,78,78,78,78,78,88,88,88,88,88,88,88,88,88,88,88,88,88,88,88,88,88,88,88,88,88],"card_choices":[{"not_picked":["Slimebound:Gluttony","Slimebound:LivingWall"],"picked":"Slimebound:Replication","floor":3.0},{"not_picked":["Slimebound:GrowthPunch","Slimebound:HungryTackle"],"picked":"Slimebound:SplitBruiser","floor":4.0},{"not_picked":["Slimebound:LeechEnergy","Slimebound:SplitBruiser"],"picked":"Slimebound:SplitMire","floor":5.0},{"not_picked":["Slimebound:ItLooksTasty","Slimebound:FinishingTackle"],"picked":"Slimebound:DisruptingSlam","floor":8.0},{"not_picked":["Slimebound:LeechingTouch","Slimebound:GrowthPunch"],"picked":"Slimebound:Repurpose","floor":10.0},{"not_picked":["Slimebound:BestDefense","Slimebound:ComboTackle","Slimebound:FinishingTackle"],"picked":"SKIP","floor":12.0},{"not_picked":["Slimebound:FinishingTackle","Slimebound:SamplingLick"],"picked":"Slimebound:Darklings","floor":13.0},{"not_picked":["Slimebound:SlimeBrawl","Slimebound:HungryTackle"],"picked":"Slimebound:SplitAcid","floor":14.0},{"not_picked":["Slimebound:SlimeSlap","Slimebound:ViciousTackle","Slimebound:ServeAndProtect"],"picked":"SKIP","floor":15.0},{"not_picked":["Slimebound:OozeBath","Slimebound:SlimeSlap"],"picked":"Slimebound:LeechLife","floor":16.0},{"not_picked":["Slimebound:GoopSpray","Slimebound:LeechEnergy"],"picked":"Slimebound:SplitAcid+1","floor":19.0},{"not_picked":["Slimebound:SplitLeeching","Slimebound:LeechingTouch"],"picked":"Slimebound:ServeAndProtect","floor":22},{"not_picked":["Slimebound:ViciousTackle","Slimebound:Chomp","Slimebound:WasteNot"],"picked":"SKIP","floor":25},{"not_picked":["Slimebound:Nibble","Slimebound:Recollect","Slimebound:DivideAndConquer"],"picked":"SKIP","floor":26},{"not_picked":["Slimebound:RainOfGoop","Slimebound:GrowthPunch+1"],"picked":"Slimebound:LevelUp","floor":27},{"not_picked":["Slimebound:SplitBruiser+1","Slimebound:PressTheAttack"],"picked":"Slimebound:ProtectTheBoss+1","floor":29},{"not_picked":["Slimebound:ViciousTackle","Slimebound:Repurpose","Slimebound:SlimeSlap"],"picked":"SKIP","floor":31},{"not_picked":["Slimebound:HungryTackle","Slimebound:ForwardTackle+1","Slimebound:SplitBruiser"],"picked":"SKIP","floor":32},{"not_picked":["Slimebound:MassRepurpose","Slimebound:Teamwork"],"picked":"Slimebound:Overexert","floor":33},{"not_picked":["Slimebound:SplitAcid","Slimebound:FinishingTackle"],"picked":"Slimebound:SplitBruiser+1","floor":36},{"not_picked":["Slimebound:SplitMire","Slimebound:WasteNot"],"picked":"Slimebound:SplitLeeching","floor":38},{"not_picked":["expansioncontent:DefensiveMode","expansioncontent:DecasProtection"],"picked":"expansioncontent:ManipulateTime","floor":39},{"not_picked":["Slimebound:GrowthPunch","Slimebound:ComboTackle"],"picked":"Slimebound:ForwardTackle+1","floor":40},{"not_picked":["Slimebound:Prepare+1","Slimebound:ComboTackle+1"],"picked":"Slimebound:SlimeSpikes","floor":42},{"not_picked":["Slimebound:LeechingTouch+1","Slimebound:SlimeBrawl+1"],"picked":"Slimebound:Recycling","floor":44},{"not_picked":["Slimebound:DivideAndConquer","Slimebound:Nibble"],"picked":"Slimebound:SplitAcid","floor":45},{"not_picked":["Slimebound:SplitMire","Slimebound:SplitAcid+1","Slimebound:PressTheAttack"],"picked":"Slimebound:SplitBruiser+1","floor":48},{"not_picked":["Slimebound:ComboTackle","Slimebound:ViciousTackle","Slimebound:ServeAndProtect"],"picked":"Slimebound:OneTwoCombo","floor":49},{"not_picked":["Slimebound:GrowthPunch","Slimebound:AcidTongue","Slimebound:GoopSpray","Slimebound:MegaLick+1"],"picked":"SKIP","floor":52}],"player_experience":586826,"relics_obtained":[{"floor":7.0,"key":"Slimebound:AggressiveSlimeRelic"},{"floor":10.0,"key":"Shuriken"},{"floor":11.0,"key":"Darkstone Periapt"},{"floor":27,"key":"Happy Flower"},{"floor":38,"key":"Gremlin Horn"},{"floor":40,"key":"Boot"},{"floor":41,"key":"Dream Catcher"},{"floor":42,"key":"Eternal Feather"},{"floor":44,"key":"Unceasing Top"},{"floor":47,"key":"FossilizedHelix"},{"floor":48,"key":"StoneCalendar"},{"floor":52,"key":"Anchor"}],"event_choices":[{"damage_healed":0.0,"max_hp_gain":0.0,"max_hp_loss":0.0,"gold_gain":0.0,"event_name":"Accursed Blacksmith","player_choice":"Rummage","floor":2.0,"gold_loss":0.0,"damage_taken":0.0,"relics_obtained":["WarpedTongs"],"cards_obtained":["Pain"]},{"damage_healed":0,"gold_gain":0,"player_choice":"Ignored","damage_taken":0,"max_hp_gain":0,"max_hp_loss":0,"event_name":"Ghosts","floor":28,"gold_loss":0},{"damage_healed":0,"gold_gain":0,"player_choice":"Fight","damage_taken":0,"max_hp_gain":0,"max_hp_loss":0,"event_name":"Mysterious Sphere","floor":48,"gold_loss":0}],"is_beta":false,"boss_relics":[{"not_picked":["Busted Crown","Coffee Dripper"],"picked":"Pandora\u0027s Box"},{"not_picked":["SlaversCollar","Philosopher\u0027s Stone"],"picked":"SacredBark"}],"items_purged_floors":[8,46],"is_endless":false,"potions_floor_spawned":[3,5,10,15,16,25,26,27,32,33,36,44,47,48,49],"ascension_level":3}}