{"host":"ocy7z4248lncoz2b","time":1608244703,"event":{"mods":["BaseMod","Beaked The Cultist","Better Match","Better Sensory Stone","Better Third Choice","BetterRewards","Clockwork Mod","Colored Powertips","Conspire","Downfall","Friendly Minions","Highlight Path","Hubris","Infinite Spire","Marisa????????","Mimic Mod","Minty Spire (QoL Compilation)","READ ME - Guardian Mod","Replay The Spire","Shop Mod","Spicy Shops","Spikes Relics","StSLib","SuperFastMode","The Blue Laboratory","The Construct","The Jungle"],"gold_per_floor":[99,55,55,55,85,85,110,110,122,148,148,148,167,167,183,183,183],"floor_reached":16,"playtime":789,"items_purged":[],"score":131,"play_id":"9b32dea9-fa6b-4bf0-8951-d76932f532ff","local_time":"20201218073823","is_ascension_mode":false,"campfire_choices":[{"data":"champ:Taunt","floor":4,"key":"SMITH"}],"circlet_count":0,"master_deck":["champ:Strike","champ:Strike","champ:Strike","champ:Strike","champ:Defend","champ:Defend","champ:Defend","champ:Defend","champ:Execute","champ:Taunt+1","champ:GladiatorStyle","champ:GladiatorsShout+1","champ:EndlessRage","champ:SteelEdge+1","champ:Lariat","champ:ViciousMockery","expansioncontent:Chronoboost","champ:AdrenalArmor"],"relics":["champ:ChampionCrown","downfall:HeartsMalice","hubris:DisguiseKit","Toy Ornithopter","infinitespire:PuzzleCube","Replay:Rubber Ducky","Potion Belt","MiniBlackHole","hubris:Towel"],"acts_visited":["Exordium"],"potions_floor_usage":[16,16],"damage_taken":[{"damage":0,"enemies":"downfall:FleeingMerchant","floor":2,"turns":1},{"damage":0,"enemies":"Small Slimes","floor":3,"turns":1},{"damage":0,"enemies":"Gremlin Nob","floor":5,"turns":1},{"damage":7,"enemies":"2 Louse","floor":9,"turns":3},{"damage":32,"enemies":"3 Sentries","floor":10,"turns":14},{"damage":24,"enemies":"Jaw Worm","floor":13,"turns":7},{"damage":7,"enemies":"Blue Slaver","floor":15,"turns":12},{"damage":21,"enemies":"downfall:Silent","floor":16,"turns":4}],"seed_played":"-3304119424452394141","potions_obtained":[{"floor":9,"key":"blueLaboratory:LouseDecoction"},{"floor":10,"key":"SteroidPotion"},{"floor":13,"key":"LiquidMemories"}],"is_trial":false,"path_per_floor":["R","$","M","R","E","?","T","?","M","E","?","?","M","?","M","B"],"character_chosen":"THE_CHAMP","items_purchased":["champ:GladiatorsShout+1"],"campfire_rested":0,"item_purchase_floors":[2],"current_hp_per_floor":[90,90,90,90,90,90,90,52,51,39,39,24,13,13,6,0,0],"gold":183,"neow_bonus":"THREE_ENEMY_KILL","is_daily":false,"chose_seed":false,"campfire_upgraded":1,"win_rate":0.0,"timestamp":1608244703,"path_taken":["R","$","M","R","E","?","T","?","M","E","?","?","?","?","M","BOSS"],"items_purchased_type":["Card"],"build_version":"2020-12-13","purchased_purges":0,"victory":false,"max_hp_per_floor":[90,90,90,90,90,90,90,90,90,90,90,90,90,90,90,90,90],"card_choices":[{"not_picked":["champ:GladiatorsShout","champ:MurderStrike","Replay:Undeath\u0027s Touch"],"picked":"champ:GladiatorStyle","floor":2},{"not_picked":["champ:BerserkersShout","champ:PerfectedStrike","Clothesline"],"picked":"champ:EndlessRage","floor":3},{"not_picked":["champ:StanceDance","champ:GutPunch","Disarm"],"picked":"champ:SteelEdge","floor":5},{"not_picked":["champ:Circumvent","champ:Duel","Headbutt"],"picked":"champ:Lariat","floor":9},{"not_picked":["champ:Shatter","champ:BerserkersShout","Clash"],"picked":"champ:ViciousMockery","floor":10},{"not_picked":["champ:FocusedGladiator","champ:PerfectedStrike","champ:BerserkersShout","Burning Pact"],"picked":"SKIP","floor":13},{"not_picked":["expansioncontent:SuperHexaguard","expansioncontent:PolyBeam"],"picked":"expansioncontent:Chronoboost","floor":14},{"not_picked":["champ:DefensiveStyle","champ:PerfectedStrike","Body Slam"],"picked":"champ:AdrenalArmor","floor":15}],"player_experience":235089,"relics_obtained":[{"floor":5,"key":"Toy Ornithopter"},{"floor":7,"key":"infinitespire:PuzzleCube"},{"floor":10,"key":"MiniBlackHole"}],"event_choices":[{"damage_healed":0,"gold_gain":1,"player_choice":"Relic Relic ","damage_taken":38,"max_hp_gain":0,"max_hp_loss":0,"event_name":"betterThird:BetterScrap","floor":8,"gold_loss":0,"cards_obtained":["EmptyMind"]},{"damage_healed":0,"gold_gain":1,"player_choice":"1","damage_taken":0,"max_hp_gain":0,"max_hp_loss":0,"event_name":"betterStone:BetterStone","floor":14,"gold_loss":0}],"is_beta":false,"boss_relics":[],"items_purged_floors":[],"is_endless":false,"potions_floor_spawned":[9,10,13],"killed_by":"downfall:Silent","ascension_level":0}}