{"host":"4wa3ho6pk3pud1fu","time":1608173035,"event":{"mods":["BaseMod","BetterRewards","Colored Map","Colored Powertips","Dio Mod","Infinite Spire","Minty Spire (QoL Compilation)","Replay The Spire","Shop Mod","StSLib","The Accelerator","The Alterego","The Cursed","The Judge","The Necromancer","The Runesmith","The Servant 0.9.4","TheBandit","Yuri Mod"],"gold_per_floor":[113,113,126,143,163,163,163,174,174,274,311,18,40,42,42],"floor_reached":14,"playtime":889,"items_purged":["Runesmith:Defend_RS"],"score":92,"play_id":"80ad2ba9-ea52-44f9-ae32-7a88f61b51d0","local_time":"20201216204355","is_ascension_mode":false,"campfire_choices":[{"data":"Runesmith:Grindstone","floor":7.0,"key":"SMITH"}],"circlet_count":0,"master_deck":["Runesmith:Strike_RS+1","Runesmith:Strike_RS+1","Runesmith:Strike_RS","Runesmith:Strike_RS","Runesmith:Defend_RS","Runesmith:Defend_RS","Runesmith:Defend_RS","Runesmith:CraftFirestone","Runesmith:Fortify","Runesmith:Grindstone+1","Runesmith:HeatedChisel","Runesmith:HeatedChisel","Runesmith:PerfectChisel","Runesmith:HammerAndChisel","Runesmith:CraftIncendium","Pot Of Greed","Pot Of Greed","Runesmith:Firestorm","Runesmith:EarthShield"],"relics":["Runesmith:BrokenRuby","infinitespire:Midas Blood","Whetstone","Grinning Jar"],"acts_visited":[],"potions_floor_usage":[14,14],"damage_taken":[{"damage":0.0,"enemies":"2 Louse","floor":1.0,"turns":3.0},{"damage":6.0,"enemies":"Jaw Worm","floor":3.0,"turns":4.0},{"damage":1.0,"enemies":"Cultist","floor":4.0,"turns":3.0},{"damage":20.0,"enemies":"Lots of Slimes","floor":5.0,"turns":5.0},{"damage":0.0,"enemies":"Gremlin Gang","floor":8.0,"turns":5.0},{"damage":44.0,"enemies":"Gremlin Nob","floor":11.0,"turns":5.0},{"damage":4,"enemies":"Looter","floor":13,"turns":4},{"damage":9,"enemies":"3 Sentries","floor":14,"turns":1}],"seed_played":"-1324013978273173359","potions_obtained":[{"floor":1.0,"key":"FearPotion"},{"floor":4.0,"key":"AttackPotion"},{"floor":8.0,"key":"Ancient Potion"},{"floor":11.0,"key":"Doom Potion"}],"is_trial":false,"path_per_floor":["M","?","M","M","M","?","R","M","T","?","E","$","M","E"],"character_chosen":"RUNESMITH_CLASS","items_purchased":["Grinning Jar","Runesmith:Firestorm"],"campfire_rested":0,"item_purchase_floors":[12,12],"current_hp_per_floor":[77,82,76,75,55,55,55,55,55,55,11,11,7,0,0],"gold":42,"neow_bonus":"TEN_PERCENT_HP_BONUS","is_daily":false,"chose_seed":false,"campfire_upgraded":1,"win_rate":0.0,"timestamp":1608173035,"path_taken":["M","?","M","M","M","?","R","M","T","?","E","$","?","E"],"items_purchased_type":["Relic","Card"],"build_version":"2020-12-13","purchased_purges":1,"victory":false,"max_hp_per_floor":[77,82,82,82,82,82,82,82,82,82,82,82,82,82,82],"card_choices":[{"not_picked":["Runesmith:CraftIncendium","Runesmith:UnstableHammer"],"picked":"Runesmith:Grindstone","floor":1.0},{"not_picked":["Runesmith:StaticCage","Runesmith:RunicBlueprint"],"picked":"Runesmith:HeatedChisel","floor":3.0},{"not_picked":["Runesmith:RuneHurl","Runesmith:CraftMagma"],"picked":"Runesmith:HeatedChisel","floor":4.0},{"not_picked":["Runesmith:ShiftingStrike","Runesmith:Superposition"],"picked":"Runesmith:PerfectChisel","floor":5.0},{"not_picked":["Runesmith:CraftProtectio","Runesmith:GoWithTheFlow"],"picked":"Runesmith:HammerAndChisel","floor":8.0},{"not_picked":["Runesmith:Overpower","Runesmith:GoWithTheFlow"],"picked":"Runesmith:CraftIncendium","floor":11.0},{"not_picked":["Runesmith:Repurpose","Runesmith:Supernova"],"picked":"Runesmith:EarthShield","floor":13}],"player_experience":86042,"relics_obtained":[{"floor":9.0,"key":"infinitespire:Midas Blood"},{"floor":11.0,"key":"Whetstone"}],"event_choices":[{"damage_healed":0.0,"max_hp_gain":5.0,"max_hp_loss":0.0,"gold_gain":0.0,"event_name":"Big Fish","player_choice":"Donut","floor":2.0,"gold_loss":0.0,"damage_taken":0.0},{"damage_healed":0.0,"max_hp_gain":0.0,"max_hp_loss":0.0,"gold_gain":0.0,"event_name":"Golden Idol","player_choice":"Ignored","floor":6.0,"gold_loss":0.0,"damage_taken":0.0},{"damage_healed":0.0,"max_hp_gain":0.0,"max_hp_loss":0.0,"gold_gain":100.0,"event_name":"Golden Shrine","player_choice":"Pray","floor":10.0,"gold_loss":0.0,"damage_taken":0.0}],"is_beta":false,"boss_relics":[],"items_purged_floors":[12],"is_endless":false,"potions_floor_spawned":[1,4,8,11],"killed_by":"3 Sentries","ascension_level":0}}