{"host":"31q8uht4v38sth7r","time":1608210547,"event":{"mods":["BaseMod","Colored Map","Downfall","Highlight Path","Minty Spire (QoL Compilation)","Permanent Neow","StSLib"],"gold_per_floor":[99,99,24,37,57,82,82,82,117,117,137,137,151,164,175,278,278,278,288,288,303,313,340,392,392,425,350,183,283,598,698,718,821,821,821,565,598,612,417,417,441,469,394,426,442,455,455,455,475,475,475,505,16,16,16],"floor_reached":56,"playtime":3765,"items_purged":["champ:Defend","champ:Defend","Injury"],"score":1558,"play_id":"839ea83a-3073-4277-bc97-8072363920ce","local_time":"20201217210907","is_ascension_mode":true,"campfire_choices":[{"floor":1.0,"key":"RECALL"},{"data":"champ:Taunt","floor":3.0,"key":"SMITH"},{"data":"1","floor":8.0,"key":"LIFT"},{"data":"2","floor":10.0,"key":"LIFT"},{"data":"3","floor":18.0,"key":"LIFT"},{"data":"champ:PerfectedStrike","floor":20.0,"key":"SMITH"},{"data":"champ:Duel","floor":25.0,"key":"SMITH"},{"data":"champ:Lariat","floor":27.0,"key":"SMITH"},{"data":"champ:SwordThrow","floor":35,"key":"SMITH"},{"data":"champ:CalledShot","floor":40,"key":"SMITH"},{"data":"expansioncontent:YouAreMine","floor":43,"key":"SMITH"},{"data":"champ:Taunt","floor":54,"key":"SMITH"}],"circlet_count":0,"master_deck":["champ:Strike","champ:Strike","champ:Strike","champ:Strike","champ:Execute","champ:Taunt+1","champ:PerfectedStrike+1","champ:AdrenalArmor","champ:FocusedBerserking","champ:Lariat+1","champ:PerfectedStrike","champ:Duel+1","champ:EnchantSword","champ:RageSigil","champ:Backstep","champ:BerserkersShout","champ:AdrenalArmor","champ:BringItOn","champ:Backstep","champ:BringItOn+1","champ:HeavySlash","champ:ArenaPreparation","champ:Encircle","champ:Taunt+1","expansioncontent:YouAreMine+1","champ:CalledShot+1","champ:SwordThrow+1","champ:DeathBlow+1","champ:CheapShot+1","Injury","champ:RecklessLeap+1","champ:RecklessLeap+1","champ:GutPunch+1"],"relics":["champ:ChampionCrown","downfall:HeartBlessingRed","Ornamental Fan","Girya","InkBottle","Odd Mushroom","Coffee Dripper","champ:DuelingGlove","MealTicket","Bag of Marbles","downfall:HeartBlessingGreen","White Beast Statue","downfall:GremlinSack","Cursed Key","ClockworkSouvenir","Molten Egg 2","Boot","downfall:HeartBlessingBlue","Anchor","Pear","Lizard Tail"],"acts_visited":["Exordium","TheCity","TheBeyond","TheEnding"],"potions_floor_usage":[52,55,55,55],"damage_taken":[{"damage":0.0,"enemies":"2 Louse","floor":4.0,"turns":4.0},{"damage":7.0,"enemies":"Jaw Worm","floor":5.0,"turns":3.0},{"damage":41.0,"enemies":"3 Sentries","floor":6.0,"turns":8.0},{"damage":46.0,"enemies":"Lagavulin","floor":9.0,"turns":7.0},{"damage":26.0,"enemies":"The Mushroom Lair","floor":11.0,"turns":5.0},{"damage":6.0,"enemies":"Small Slimes","floor":13.0,"turns":2.0},{"damage":5.0,"enemies":"Gremlin Gang","floor":14.0,"turns":5.0},{"damage":2.0,"enemies":"Exordium Wildlife","floor":15.0,"turns":3.0},{"damage":35.0,"enemies":"downfall:Ironclad","floor":16.0,"turns":10.0},{"damage":8.0,"enemies":"Chosen","floor":19.0,"turns":2.0},{"damage":14.0,"enemies":"Shell Parasite","floor":21.0,"turns":3.0},{"damage":7.0,"enemies":"Sentry and Sphere","floor":22.0,"turns":4.0},{"damage":31.0,"enemies":"Book of Stabbing","floor":23.0,"turns":4.0},{"damage":27.0,"enemies":"Slavers","floor":26.0,"turns":5.0},{"damage":25.0,"enemies":"downfall:FleeingMerchant","floor":28.0,"turns":4.0},{"damage":40.0,"enemies":"downfall:LadyInBlue","floor":29.0,"turns":6.0},{"damage":26.0,"enemies":"downfall:FleeingMerchant","floor":30.0,"turns":4.0},{"damage":37,"floor":31,"turns":3},{"damage":19,"enemies":"Snecko","floor":32,"turns":1},{"damage":101,"enemies":"downfall:Watcher","floor":33,"turns":9},{"damage":68,"enemies":"Giant Head","floor":37,"turns":7},{"damage":73,"enemies":"3 Darklings","floor":38,"turns":4},{"damage":96,"enemies":"Reptomancer","floor":42,"turns":5},{"damage":78,"enemies":"Giant Head","floor":44,"turns":6},{"damage":5,"enemies":"Orb Walker","floor":45,"turns":2},{"damage":40,"enemies":"Spire Growth","floor":46,"turns":3},{"damage":23,"enemies":"Jaw Worm Horde","floor":49,"turns":2},{"damage":96,"enemies":"downfall:Silent","floor":50,"turns":5},{"damage":97,"enemies":"downfall:CharBossMerchant","floor":52,"turns":6},{"damage":207,"enemies":"downfall:NeowBoss","floor":55,"turns":18}],"seed_played":"2802391194701164389","potions_obtained":[{"floor":6.0,"key":"GamblersBrew"},{"floor":11.0,"key":"Fire Potion"},{"floor":13.0,"key":"ColorlessPotion"},{"floor":19.0,"key":"Block Potion"},{"floor":23.0,"key":"AttackPotion"},{"floor":29.0,"key":"ColorlessPotion"},{"floor":29.0,"key":"Regen Potion"},{"floor":29.0,"key":"sneckomod:MuddlingPotion"},{"floor":30,"key":"EssenceOfSteel"},{"floor":52,"key":"Dexterity Potion"}],"is_trial":false,"path_per_floor":["R","?","R","M","M","E","T","R","E","R","?","?","M","M","M","B",null,"R","M","R","M","M","E","T","R","E","R","$","?","$","?","M","B",null,"R","$","E","M","$","R","T","E","R","E","M","M","?","?","M","B",null,"E","$","R","B",null],"character_chosen":"THE_CHAMP","items_purchased":["champ:BringItOn","champ:Backstep","ClockworkSouvenir","champ:CheapShot+1","Lizard Tail","champ:RecklessLeap+1","champ:GutPunch+1","Dexterity Potion"],"campfire_rested":0,"item_purchase_floors":[28,28,36,39,53,53,53,53],"current_hp_per_floor":[90,95,95,95,88,65,65,65,35,35,30,30,24,26,26,6,73,73,65,65,56,51,34,34,34,23,23,38,46,95,78,78,60,86,86,95,85,85,95,95,95,72,82,94,94,94,94,94,94,76,98,87,102,102,110],"gold":16,"neow_bonus":"REMOVE_CARD","is_daily":false,"chose_seed":false,"campfire_upgraded":8,"win_rate":0.0,"timestamp":1608210547,"path_taken":["R","?","R","M","M","E","T","R","E","R","?","?","M","?","M","BOSS","R","M","R","M","M","E","T","R","E","R","$","?","?","?","M","BOSS","R","?","E","M","$","R","T","E","R","E","?","M","?","?","M","BOSS","E","$","R","BOSS"],"items_purchased_type":["Card","Card","Relic","Card","Relic","Card","Card","Potion"],"build_version":"2020-12-13","purchased_purges":3,"victory":true,"max_hp_per_floor":[90,95,95,95,95,95,95,95,95,95,95,95,95,95,95,95,95,95,95,95,95,95,95,95,95,95,95,95,95,95,95,95,95,95,95,95,95,95,95,95,95,95,105,105,105,105,105,105,105,105,105,115,115,115,115],"card_choices":[{"not_picked":["champ:ShieldSigil","champ:GladiatorsShout"],"picked":"champ:PerfectedStrike","floor":4.0},{"not_picked":["champ:RapidStrikes","champ:TornadoPunch"],"picked":"champ:AdrenalArmor","floor":5.0},{"not_picked":["champ:Haymaker","champ:BladeFlurry","champ:ShieldThrow"],"picked":"SKIP","floor":6.0},{"not_picked":["champ:BladeFlurry","champ:FalseCounter"],"picked":"champ:FocusedBerserking","floor":9.0},{"not_picked":["champ:PreciseThrust","champ:CrookedStrike"],"picked":"champ:Lariat","floor":11.0},{"not_picked":["champ:GladiatorsShout","champ:Haymaker"],"picked":"champ:PerfectedStrike","floor":13.0},{"not_picked":["champ:GladiatorsShout","champ:HeartStrike","champ:RapidStrikes"],"picked":"SKIP","floor":14.0},{"not_picked":["champ:RapidStrikes","champ:Duel","champ:Haymaker"],"picked":"SKIP","floor":15.0},{"not_picked":["champ:RapidStrikes","champ:Haymaker"],"picked":"champ:Duel","floor":15.0},{"not_picked":["champ:ShieldSlam","champ:DancingMaster"],"picked":"champ:EnchantSword","floor":16.0},{"not_picked":["champ:FlashCut","champ:TornadoPunch"],"picked":"champ:FaceSlap","floor":19.0},{"not_picked":["champ:Haymaker","champ:Balance"],"picked":"champ:RageSigil","floor":21.0},{"not_picked":["champ:FanOfKnives","champ:GutPunch","champ:DefensiveShout"],"picked":"SKIP","floor":22.0},{"not_picked":["champ:CalledShot","champ:FocusedGladiator+1"],"picked":"champ:Backstep","floor":23.0},{"not_picked":["champ:Devastate","champ:CrookedStrike"],"picked":"champ:BerserkersShout","floor":26.0},{"not_picked":["champ:Circumvent","champ:LastStand"],"picked":"champ:AdrenalArmor","floor":28.0},{"not_picked":["champ:FlashCut","champ:BladeFlurry"],"picked":"champ:BringItOn+1","floor":29.0},{"not_picked":["champ:Encircle","champ:Circumvent"],"picked":"champ:CalledShot","floor":31},{"not_picked":["champ:Backstep+1","champ:FocusedGladiator","champ:FanOfKnives"],"picked":"SKIP","floor":32},{"not_picked":["champ:DancingMaster","champ:PerfectForm"],"picked":"champ:SwordThrow","floor":33},{"not_picked":["champ:Haymaker+1","champ:RisingSlash+1"],"picked":"champ:DeathBlow+1","floor":37},{"not_picked":["champ:BladeFlurry+1","champ:EnGarde","champ:Aggression"],"picked":"SKIP","floor":38},{"not_picked":["champ:DefensiveStyle+1","champ:CrookedStrike+1","champ:FanOfKnives+1"],"picked":"SKIP","floor":42},{"not_picked":["champ:FocusedDefense","champ:BladeFlurry+1","champ:FocusedGladiator"],"picked":"SKIP","floor":44},{"not_picked":["champ:PreciseThrust+1","champ:FocusedBerserking","champ:Encircle+1"],"picked":"SKIP","floor":45},{"not_picked":["champ:Lariat","champ:EnragedBash+1"],"picked":"champ:RecklessLeap+1","floor":46},{"not_picked":["champ:Backstep","champ:Encircle+1","champ:PreciseThrust+1"],"picked":"SKIP","floor":49},{"not_picked":["champ:FocusedDefense","champ:PerfectedStrike+1","champ:FocusedGladiator+1"],"picked":"SKIP","floor":52}],"player_experience":1054315,"relics_obtained":[{"floor":6.0,"key":"Ornamental Fan"},{"floor":7.0,"key":"Girya"},{"floor":9.0,"key":"InkBottle"},{"floor":11.0,"key":"Odd Mushroom"},{"floor":23.0,"key":"champ:DuelingGlove"},{"floor":24.0,"key":"MealTicket"},{"floor":26.0,"key":"Bag of Marbles"},{"floor":29.0,"key":"White Beast Statue"},{"floor":31,"key":"downfall:GremlinSack"},{"floor":37,"key":"Molten Egg 2"},{"floor":42,"key":"Boot"},{"floor":44,"key":"Anchor"},{"floor":52,"key":"Pear"}],"event_choices":[{"damage_healed":0.0,"max_hp_gain":5.0,"max_hp_loss":0.0,"gold_gain":0.0,"event_name":"Big Fish","player_choice":"Donut","floor":2.0,"gold_loss":0.0,"damage_taken":0.0},{"damage_healed":0.0,"max_hp_gain":0.0,"max_hp_loss":0.0,"gold_gain":0.0,"event_name":"Mushrooms","player_choice":"Fought Mushrooms","floor":11.0,"gold_loss":0.0,"damage_taken":0.0},{"cards_removed":["champ:Defend"],"damage_healed":0.0,"max_hp_gain":0.0,"max_hp_loss":0.0,"gold_gain":0.0,"event_name":"Bonfire Elementals","player_choice":"Offered Basic","floor":12.0,"gold_loss":0.0,"damage_taken":0.0},{"cards_removed":["champ:FaceSlap"],"damage_healed":23,"gold_gain":0,"player_choice":"Offered Uncommon","damage_taken":0,"max_hp_gain":0,"max_hp_loss":0,"event_name":"Bonfire Elementals","floor":30,"gold_loss":0}],"is_beta":false,"boss_relics":[{"not_picked":["champ:ChampionCrownUpgraded","Ectoplasm"],"picked":"Coffee Dripper"},{"not_picked":["Busted Crown","Black Star"],"picked":"Cursed Key"}],"items_purged_floors":[28,36,39],"is_endless":false,"potions_floor_spawned":[6,11,13,14,19,23,30,31,32,33,37,38,42,44,45,46,49,52],"ascension_level":5}}