{"host":"Niota","time":1608214445,"event":{"mods":["BaseMod","Colored Map","Colored Powertips","DeckTracker","Highlight Path","Minty Spire (QoL Compilation)"],"gold_per_floor":[118,132,147,0,0,0,35,35,35,51,51,51,65,95,95,95,95],"floor_reached":16,"playtime":863,"items_purged":[],"score":182,"play_id":"1f778bba-dba2-43f6-8878-4fbf4b29ac4c","local_time":"20201217151405","is_ascension_mode":true,"campfire_choices":[{"data":"Fission","floor":6,"key":"SMITH"},{"data":"Zap","floor":8,"key":"SMITH"},{"floor":12,"key":"REST"},{"data":"Fusion","floor":15,"key":"SMITH"}],"circlet_count":0,"master_deck":["Strike_B","Strike_B","Strike_B","Strike_B","Defend_B","Defend_B","Zap+1","Dualcast","Fission+1","Fusion+1","Genetic Algorithm","Compile Driver","Sunder","Conserve Battery","Compile Driver","All For One"],"relics":["Cracked Core","Anchor","Bottled Flame","InkBottle","Regal Pillow"],"acts_visited":["Exordium"],"potions_floor_usage":[14,16],"damage_taken":[{"damage":0,"enemies":"Cultist","floor":1,"turns":3},{"damage":0,"enemies":"2 Louse","floor":2,"turns":1},{"damage":0,"enemies":"Small Slimes","floor":3,"turns":3},{"damage":44,"enemies":"Lagavulin","floor":7,"turns":9},{"damage":6,"enemies":"Looter","floor":10,"turns":3},{"damage":0,"enemies":"Blue Slaver","floor":13,"turns":2},{"damage":0,"enemies":"3 Sentries","floor":14,"turns":5},{"damage":33,"enemies":"Slime Boss","floor":16,"turns":6}],"seed_played":"-4082745416902767365","potions_obtained":[{"floor":1,"key":"SteroidPotion"},{"floor":2,"key":"LiquidBronze"},{"floor":13,"key":"Weak Potion"}],"is_trial":false,"path_per_floor":["M","M","M","$","?","R","E","R","T","M","$","R","M","E","R","B"],"character_chosen":"DEFECT","items_purchased":["Anchor"],"campfire_rested":1,"item_purchase_floors":[4],"current_hp_per_floor":[68,68,68,68,61,61,17,17,17,11,11,33,33,33,33,0,0],"gold":95,"neow_bonus":"TRANSFORM_CARD","is_daily":false,"chose_seed":false,"campfire_upgraded":3,"win_rate":0.0,"timestamp":1608214445,"path_taken":["M","?","M","$","?","R","E","R","T","M","$","R","M","E","R","BOSS"],"items_purchased_type":["Relic"],"build_version":"2020-12-07","purchased_purges":0,"victory":false,"max_hp_per_floor":[75,75,75,75,75,75,75,75,75,75,75,75,75,75,75,75,75],"card_choices":[{"not_picked":["Streamline","Go for the Eyes"],"picked":"Fusion","floor":1},{"not_picked":["Reprogram","Recycle"],"picked":"Genetic Algorithm","floor":2},{"not_picked":["Double Energy","Conserve Battery"],"picked":"Compile Driver","floor":3},{"not_picked":["Reinforced Body","Steam"],"picked":"Sunder","floor":7},{"not_picked":["Gash","Sweeping Beam"],"picked":"Conserve Battery","floor":10},{"not_picked":["Gash","Streamline"],"picked":"Compile Driver","floor":13},{"not_picked":["Go for the Eyes","Stack"],"picked":"All For One","floor":14}],"player_experience":803939,"relics_obtained":[{"floor":7,"key":"Bottled Flame"},{"floor":9,"key":"InkBottle"},{"floor":14,"key":"Regal Pillow"}],"event_choices":[{"cards_removed":["Defend_B"],"damage_healed":0,"gold_gain":0,"player_choice":"Card Removal","damage_taken":7,"max_hp_gain":0,"max_hp_loss":0,"event_name":"Golden Wing","floor":5,"gold_loss":0}],"is_beta":true,"boss_relics":[],"items_purged_floors":[],"is_endless":false,"potions_floor_spawned":[1,2,13],"killed_by":"Slime Boss","ascension_level":7}}