{"host":"y3h3n3f7seyagppx","time":1608183119,"event":{"mods":["AlwaysNeverKeys","BaseMod","Better Vampires","Colored Powertips","DeckTracker","Emptier Cage","Minty Spire (QoL Compilation)","Permanent Neow","Quick Restart","Rare Cards Sparkle","Relic Sorter","Relic Stats","StSLib","Transform Curses"],"gold_per_floor":[211,230,247,260,277,308,308,308,335,361,378,397,397,426,426,426,426],"floor_reached":16,"playtime":892,"items_purged":[],"score":248,"play_id":"6031faf1-5d3f-4ec8-8a92-52831bb4e8c9","local_time":"20201217003159","is_ascension_mode":true,"campfire_choices":[{"floor":7,"key":"REST"},{"data":"Fiend Fire","floor":13,"key":"SMITH"},{"data":"Combust","floor":15,"key":"SMITH"}],"circlet_count":0,"master_deck":["AscendersBane","Strike_R","Strike_R","Strike_R","Strike_R","Defend_R+1","Defend_R","Defend_R+1","Defend_R","Bash","Twin Strike","Anger","Fire Breathing","Dual Wield","Fiend Fire+1","Combust+1"],"relics":["Burning Blood","War Paint","Omamori","Potion Belt","Toy Ornithopter"],"acts_visited":["Exordium"],"potions_floor_usage":[5,6,16],"damage_taken":[{"damage":1,"enemies":"2 Louse","floor":1,"turns":4},{"damage":7,"enemies":"Small Slimes","floor":2,"turns":4},{"damage":1,"enemies":"Cultist","floor":3,"turns":3},{"damage":11,"enemies":"Looter","floor":4,"turns":5},{"damage":17,"enemies":"3 Louse","floor":5,"turns":4},{"damage":56,"enemies":"Lagavulin","floor":6,"turns":8},{"damage":16,"enemies":"3 Sentries","floor":10,"turns":5},{"damage":0,"enemies":"2 Fungi Beasts","floor":11,"turns":4},{"damage":1,"enemies":"Exordium Wildlife","floor":12,"turns":2},{"damage":30,"enemies":"Lagavulin","floor":14,"turns":7},{"damage":21,"enemies":"Slime Boss","floor":16,"turns":4}],"seed_played":"-7825734960173242993","potions_obtained":[{"floor":2,"key":"Fruit Juice"},{"floor":4,"key":"BlessingOfTheForge"},{"floor":5,"key":"LiquidBronze"},{"floor":14,"key":"Energy Potion"}],"is_trial":false,"path_per_floor":["M","M","M","M","M","E","R","?","T","E","M","M","R","E","R","B"],"character_chosen":"IRONCLAD","items_purchased":[],"campfire_rested":1,"item_purchase_floors":[],"current_hp_per_floor":[73,72,75,70,64,14,38,38,38,28,34,39,39,15,15,0,0],"gold":426,"neow_bonus":"HUNDRED_GOLD","is_daily":false,"chose_seed":false,"campfire_upgraded":2,"win_rate":0.0,"timestamp":1608183119,"path_taken":["M","M","M","M","M","E","R","?","T","E","M","M","R","E","R","BOSS"],"items_purchased_type":[],"build_version":"2020-12-13","purchased_purges":0,"victory":false,"max_hp_per_floor":[75,75,75,75,80,80,80,80,80,80,80,80,80,80,80,80,80],"relic_stats":{"counters":[11,50],"War Paint":["Defend_R","Defend_R"],"obtain_stats":[{"Potion Belt":10,"Omamori":9,"War Paint":6,"Burning Blood":0,"Toy Ornithopter":14},{"Potion Belt":7,"Omamori":6,"War Paint":6,"Burning Blood":0,"Toy Ornithopter":10},{"Potion Belt":33,"Omamori":28,"War Paint":28,"Burning Blood":0,"Toy Ornithopter":46}],"Burning Blood":58,"Toy Ornithopter":5},"card_choices":[{"not_picked":["Iron Wave","Clash","Wild Strike"],"picked":"SKIP","floor":1},{"not_picked":["Disarm","Headbutt"],"picked":"Twin Strike","floor":2},{"not_picked":["Iron Wave","Bloodletting","Body Slam"],"picked":"SKIP","floor":3},{"not_picked":["Thunderclap","Flex"],"picked":"Anger","floor":4},{"not_picked":["Sword Boomerang","Infernal Blade","Twin Strike"],"picked":"SKIP","floor":5},{"not_picked":["Twin Strike","Wild Strike"],"picked":"Fire Breathing","floor":6},{"not_picked":["Hemokinesis","True Grit"],"picked":"Fiend Fire","floor":10},{"not_picked":["Bloodletting","Twin Strike"],"picked":"Combust","floor":11},{"not_picked":["True Grit","Sentinel","Disarm"],"picked":"SKIP","floor":12},{"not_picked":["Reckless Charge","Body Slam","Fire Breathing"],"picked":"SKIP","floor":14}],"player_experience":20000466,"relics_obtained":[{"floor":6,"key":"War Paint"},{"floor":9,"key":"Omamori"},{"floor":10,"key":"Potion Belt"},{"floor":14,"key":"Toy Ornithopter"}],"event_choices":[{"damage_healed":0,"gold_gain":0,"cards_transformed":["Strike_R"],"player_choice":"Change","damage_taken":0,"max_hp_gain":0,"max_hp_loss":0,"event_name":"Living Wall","floor":8,"gold_loss":0,"cards_obtained":["Dual Wield"]}],"is_beta":false,"boss_relics":[],"items_purged_floors":[],"is_endless":false,"potions_floor_spawned":[2,4,5,14],"killed_by":"Slime Boss","ascension_level":20}}