{"host":"tkinv8gv6hgcc58b","time":1608182564,"event":{"mods":["BaseMod","Colored Map","Downfall","Googly Eyes","Hermit","Minty Spire (QoL Compilation)","READ ME - Guardian Mod","StSLib","The Cursed","The Disciple"],"gold_per_floor":[118,118,134,146,146,174,174,174,199,228,244,84,84,104,104,207,207,219,179,189,69,84,84,84,84],"floor_reached":24,"playtime":1365,"items_purged":[],"score":247,"play_id":"b41adb8f-3664-423b-b537-54f32ce14ec0","local_time":"20201217002244","is_ascension_mode":true,"campfire_choices":[{"floor":7,"key":"REST"},{"floor":15,"key":"REST"},{"floor":23,"key":"REST"}],"circlet_count":0,"master_deck":["Strike_P","Strike_P","Strike_P","Strike_P+1","Defend_P","Defend_P+1","Defend_P","Defend_P+1","Eruption+1","Vigilance+1","Consecrate","EmptyFist","Worship","Wallop","FearNoEvil","Alpha","Judgement","Omniscience","Evaluate","ThirdEye","Prostrate","Tantrum","EmptyBody+1"],"relics":["PureWater","NeowsBlessing","Potion Belt","War Paint","Smiling Mask","Orichalcum","VioletLotus"],"acts_visited":["Exordium","TheCity"],"potions_floor_usage":[16,16,24,24,24,24,24,24,24,24,24,24],"damage_taken":[{"damage":0,"enemies":"Cultist","floor":1,"turns":1},{"damage":0,"enemies":"Small Slimes","floor":3,"turns":1},{"damage":0,"enemies":"2 Louse","floor":4,"turns":1},{"damage":38,"enemies":"Lagavulin","floor":6,"turns":8},{"damage":24,"enemies":"3 Sentries","floor":10,"turns":7},{"damage":0,"enemies":"2 Fungi Beasts","floor":11,"turns":2},{"damage":0,"enemies":"Exordium Thugs","floor":14,"turns":3},{"damage":28,"enemies":"The Guardian","floor":16,"turns":9},{"damage":17,"enemies":"Spheric Guardian","floor":18,"turns":4},{"damage":11,"enemies":"3 Byrds","floor":20,"turns":6},{"damage":28,"enemies":"Shelled Parasite and Fungi","floor":22,"turns":6},{"damage":104,"enemies":"Gremlin Leader","floor":24,"turns":11}],"seed_played":"1427170284974864532","potions_obtained":[{"floor":3,"key":"GamblersBrew"},{"floor":4,"key":"PowerPotion"},{"floor":11,"key":"EntropicBrew"},{"floor":14,"key":"Weak Potion"},{"floor":18,"key":"Weak Potion"}],"is_trial":false,"path_per_floor":["M","?","M","M","?","E","R","?","T","E","M","$","?","M","R","B",null,"M","?","M","$","M","R","E"],"character_chosen":"WATCHER","items_purchased":["Alpha","Prostrate","Tantrum"],"campfire_rested":3,"item_purchase_floors":[12,21,21],"current_hp_per_floor":[72,72,72,72,72,34,55,60,60,36,36,36,29,29,50,22,72,55,55,44,44,16,37,0,0],"gold":84,"neow_bonus":"THREE_ENEMY_KILL","is_daily":false,"chose_seed":false,"campfire_upgraded":0,"win_rate":0.0,"timestamp":1608182564,"path_taken":["M","?","?","M","?","E","R","?","T","E","?","?","?","M","R","BOSS","M","?","M","$","?","R","E"],"items_purchased_type":["Card","Card","Card"],"build_version":"2020-12-13","purchased_purges":0,"victory":false,"max_hp_per_floor":[72,72,72,72,72,72,72,72,72,72,72,72,72,72,72,72,72,72,72,72,72,72,72,72,72],"card_choices":[{"not_picked":["FlyingSleeves","ClearTheMind"],"picked":"Consecrate","floor":1},{"not_picked":["SashWhip","EmptyBody"],"picked":"EmptyFist","floor":3},{"not_picked":["Collect","FlurryOfBlows"],"picked":"Worship","floor":4},{"not_picked":["Collect","SignatureMove"],"picked":"FlyingSleeves","floor":6},{"not_picked":["Nirvana","JustLucky"],"picked":"Wallop","floor":10},{"not_picked":["CrushJoints","ClearTheMind"],"picked":"FearNoEvil","floor":11},{"not_picked":["SashWhip","Halt"],"picked":"Judgement","floor":14},{"not_picked":["Ragnarok","Alpha"],"picked":"Omniscience","floor":16},{"not_picked":["Consecrate","Wallop"],"picked":"Evaluate","floor":18},{"not_picked":["ClearTheMind","Consecrate"],"picked":"ThirdEye","floor":20},{"not_picked":["Halt","CarveReality"],"picked":"EmptyBody+1","floor":22}],"player_experience":987228,"relics_obtained":[{"floor":6,"key":"Potion Belt"},{"floor":9,"key":"War Paint"},{"floor":10,"key":"Smiling Mask"}],"event_choices":[{"damage_healed":0,"gold_gain":0,"player_choice":"Forge","damage_taken":0,"max_hp_gain":0,"max_hp_loss":0,"event_name":"Accursed Blacksmith","floor":2,"gold_loss":0,"cards_upgraded":["Eruption"]},{"damage_healed":0,"gold_gain":0,"player_choice":"Leave","damage_taken":0,"max_hp_gain":0,"max_hp_loss":0,"event_name":"The Cleric","floor":5,"gold_loss":0},{"cards_removed":["FlyingSleeves"],"damage_healed":5,"gold_gain":0,"player_choice":"Offered Common","damage_taken":0,"max_hp_gain":0,"max_hp_loss":0,"event_name":"Bonfire Elementals","floor":8,"gold_loss":0},{"cards_removed":["FlyingSleeves"],"damage_healed":5,"gold_gain":0,"player_choice":"Offered Special","damage_taken":0,"max_hp_gain":0,"max_hp_loss":0,"event_name":"Bonfire Elementals","floor":8,"gold_loss":0},{"damage_healed":0,"gold_gain":0,"player_choice":"Success","damage_taken":7,"relics_obtained":["Orichalcum"],"max_hp_gain":0,"max_hp_loss":0,"event_name":"Scrap Ooze","floor":13,"gold_loss":0},{"damage_healed":0,"gold_gain":0,"player_choice":"Upgraded Two","damage_taken":0,"max_hp_gain":0,"max_hp_loss":0,"event_name":"Designer","floor":19,"gold_loss":40,"cards_upgraded":["Vigilance","Strike_P"]}],"is_beta":false,"boss_relics":[{"not_picked":["Runic Dome","HolyWater"],"picked":"VioletLotus"}],"items_purged_floors":[],"is_endless":false,"potions_floor_spawned":[3,4,11,14,18],"killed_by":"Gremlin Leader","ascension_level":4}}