{"host":"7j4buewktimyywfk","time":1608226317,"event":{"mods":["BaseMod","Colored Powertips","Minty Spire (QoL Compilation)"],"gold_per_floor":[114,39,55,130,148,148,176,176,176,176,176],"floor_reached":10,"playtime":706,"items_purged":["Pain"],"score":76,"play_id":"ea52b3b6-4626-4ad2-a40b-b17bb101186d","local_time":"20201217123157","is_ascension_mode":true,"campfire_choices":[{"data":"Burst","floor":6,"key":"SMITH"},{"floor":8,"key":"REST"}],"circlet_count":0,"master_deck":["Strike_G","Strike_G","Strike_G","Strike_G","Strike_G","Defend_G","Defend_G","Defend_G","Defend_G","Defend_G","Survivor","Neutralize","Burst+1","Well Laid Plans","Blur","Leg Sweep","Adrenaline"],"relics":["Ring of the Snake","Shovel","Eternal Feather"],"acts_visited":["Exordium"],"potions_floor_usage":[7],"damage_taken":[{"damage":6,"enemies":"2 Louse","floor":1,"turns":7},{"damage":0,"enemies":"Cultist","floor":3,"turns":5},{"damage":0,"enemies":"Small Slimes","floor":5,"turns":5},{"damage":50,"enemies":"Lagavulin","floor":7,"turns":17},{"damage":41,"enemies":"Gremlin Nob","floor":10,"turns":4}],"seed_played":"6130569998719910554","potions_obtained":[{"floor":1,"key":"PowerPotion"}],"is_trial":false,"path_per_floor":["M","$","M","?","M","R","E","R","T","E"],"character_chosen":"THE_SILENT","items_purchased":[],"campfire_rested":1,"item_purchase_floors":[],"current_hp_per_floor":[64,64,64,53,53,53,3,24,24,0,0],"gold":176,"neow_bonus":"THREE_RARE_CARDS","is_daily":false,"chose_seed":false,"campfire_upgraded":1,"win_rate":0.0,"timestamp":1608226317,"path_taken":["M","$","M","?","M","R","E","R","T","E"],"items_purchased_type":[],"build_version":"2020-12-13","purchased_purges":1,"victory":false,"max_hp_per_floor":[70,70,70,70,70,70,70,70,70,70,70],"card_choices":[{"not_picked":["Bullet Time","Tools of the Trade"],"picked":"Burst","floor":0},{"not_picked":["Distraction","Cloak And Dagger"],"picked":"Well Laid Plans","floor":1},{"not_picked":["Dagger Throw","Dodge and Roll"],"picked":"Blur","floor":3},{"not_picked":["Well Laid Plans","Dodge and Roll"],"picked":"Leg Sweep","floor":5},{"not_picked":["Outmaneuver","PiercingWail"],"picked":"Adrenaline","floor":7}],"player_experience":160681,"relics_obtained":[{"floor":7,"key":"Shovel"},{"floor":9,"key":"Eternal Feather"}],"event_choices":[{"damage_healed":0,"gold_gain":75,"player_choice":"Gather Gold","damage_taken":11,"max_hp_gain":0,"max_hp_loss":0,"event_name":"World of Goop","floor":4,"gold_loss":0}],"is_beta":false,"boss_relics":[],"items_purged_floors":[2],"is_endless":false,"potions_floor_spawned":[1],"killed_by":"Gremlin Nob","ascension_level":3}}