{"host":"soyfmymeou4emntr","time":1608171071,"event":{"mods":["BaseMod","Minty Spire (QoL Compilation)","Relic Sorter","Relic Stats","StSLib"],"gold_per_floor":[116,136,151,164,183,209,209,237,237,237,312,340,340,356,356,356,356],"floor_reached":16,"playtime":996,"items_purged":[],"score":294,"play_id":"1e9fb520-2c5e-4744-a8c8-d4d85a03958d","local_time":"20201216191111","is_ascension_mode":true,"campfire_choices":[{"floor":7,"key":"REST"},{"data":"Eviscerate","floor":10,"key":"SMITH"},{"floor":15,"key":"REST"}],"circlet_count":0,"master_deck":["AscendersBane","Strike_G","Strike_G","Strike_G","Strike_G","Strike_G","Defend_G","Defend_G","Defend_G","Defend_G","Defend_G","Survivor","Neutralize","Dagger Spray","Bouncing Flask","Dagger Throw","Calculated Gamble","Eviscerate+1","Calculated Gamble","PiercingWail","Dash+1"],"relics":["Ring of the Snake","NeowsBlessing","Anchor","Sundial","Shuriken","Frozen Egg 2","Molten Egg 2"],"acts_visited":["Exordium"],"potions_floor_usage":[8,12,16],"damage_taken":[{"damage":0,"enemies":"Jaw Worm","floor":1,"turns":1},{"damage":0,"enemies":"2 Louse","floor":2,"turns":1},{"damage":0,"enemies":"Cultist","floor":3,"turns":1},{"damage":1,"enemies":"Looter","floor":4,"turns":4},{"damage":6,"enemies":"3 Louse","floor":5,"turns":2},{"damage":32,"enemies":"Lagavulin","floor":6,"turns":5},{"damage":7,"enemies":"3 Sentries","floor":8,"turns":8},{"damage":0,"enemies":"Gremlin Nob","floor":12,"turns":2},{"damage":0,"enemies":"Blue Slaver","floor":14,"turns":2},{"damage":44,"enemies":"Hexaghost","floor":16,"turns":9}],"seed_played":"8760939051681955983","potions_obtained":[{"floor":1,"key":"Block Potion"},{"floor":5,"key":"DuplicationPotion"},{"floor":6,"key":"Regen Potion"},{"floor":12,"key":"CunningPotion"}],"is_trial":false,"path_per_floor":["M","M","M","M","M","E","R","E","T","R","?","E","?","M","R","B"],"character_chosen":"THE_SILENT","items_purchased":[],"campfire_rested":2,"item_purchase_floors":[],"current_hp_per_floor":[59,59,59,58,52,20,39,47,47,47,36,36,25,25,44,0,0],"gold":356,"neow_bonus":"THREE_ENEMY_KILL","is_daily":false,"chose_seed":false,"campfire_upgraded":1,"win_rate":0.0,"timestamp":1608171071,"path_taken":["M","M","M","M","M","E","R","E","T","R","?","E","?","M","R","BOSS"],"items_purchased_type":[],"build_version":"2020-12-13","purchased_purges":0,"victory":false,"max_hp_per_floor":[66,66,66,66,66,66,66,66,66,66,66,66,66,66,66,66,66],"relic_stats":{"counters":[10,35],"Sundial":[0],"Shuriken":[4],"obtain_stats":[{"Anchor":6,"NeowsBlessing":0,"Sundial":8,"Shuriken":9,"Molten Egg 2":13,"Frozen Egg 2":12,"Ring of the Snake":0},{"Anchor":6,"NeowsBlessing":0,"Sundial":7,"Shuriken":7,"Molten Egg 2":8,"Frozen Egg 2":8,"Ring of the Snake":0},{"Anchor":14,"NeowsBlessing":0,"Sundial":22,"Shuriken":22,"Molten Egg 2":24,"Frozen Egg 2":24,"Ring of the Snake":0}],"Ring of the Snake":[20]},"card_choices":[{"not_picked":["Eviscerate","Outmaneuver"],"picked":"Dagger Spray","floor":1},{"not_picked":["Prepared","Dodge and Roll"],"picked":"Bouncing Flask","floor":2},{"not_picked":["Outmaneuver","Dagger Spray"],"picked":"Dagger Throw","floor":3},{"not_picked":["Prepared","Riddle With Holes"],"picked":"Calculated Gamble","floor":4},{"not_picked":["Backflip","Accuracy"],"picked":"Eviscerate","floor":5},{"not_picked":["PiercingWail","Underhanded Strike"],"picked":"Calculated Gamble","floor":6},{"not_picked":["Concentrate","Infinite Blades"],"picked":"PiercingWail","floor":8},{"not_picked":["Blade Dance","Choke","Finisher"],"picked":"SKIP","floor":12},{"not_picked":["Blade Dance","Setup"],"picked":"Dash+1","floor":14}],"player_experience":2578378,"relics_obtained":[{"floor":6,"key":"Anchor"},{"floor":8,"key":"Sundial"},{"floor":9,"key":"Shuriken"},{"floor":12,"key":"Frozen Egg 2"}],"event_choices":[{"damage_healed":0,"gold_gain":75,"player_choice":"Gather Gold","damage_taken":11,"max_hp_gain":0,"max_hp_loss":0,"event_name":"World of Goop","floor":11,"gold_loss":0},{"damage_healed":0,"gold_gain":0,"player_choice":"Success","damage_taken":11,"relics_obtained":["Molten Egg 2"],"max_hp_gain":0,"max_hp_loss":0,"event_name":"Scrap Ooze","floor":13,"gold_loss":0}],"is_beta":false,"boss_relics":[],"items_purged_floors":[],"is_endless":false,"potions_floor_spawned":[1,5,6,12],"killed_by":"Hexaghost","ascension_level":20}}