{"host":"p245q48pmopyklqs","time":1608178753,"event":{"mods":["AchievementEnabler","BaseMod","DeckTracker","Minty Spire (QoL Compilation)","Relic Stats","StSLib","SuperFastMode"],"gold_per_floor":[112,130,144,162,237,237,237,237,307,326,251,263,58,58,58,135,135,151,177,188,205,222,222,402,422,449,449,120,120,153,183,195,282,294,318,344,376,399,421,433,433],"floor_reached":40,"playtime":2177,"items_purged":["Strike_B","Defend_B"],"score":908,"play_id":"7f4ba2e8-dc62-4d98-a290-eed3a123704f","local_time":"20201217131913","is_ascension_mode":true,"campfire_choices":[{"data":"Beam Cell","floor":6.0,"key":"SMITH"},{"floor":8.0,"key":"REST"},{"data":"Apotheosis","floor":15.0,"key":"SMITH"},{"floor":23.0,"key":"RECALL"},{"data":"Skim","floor":27.0,"key":"SMITH"},{"floor":29.0,"key":"REST"},{"data":"Aggregate","floor":32.0,"key":"SMITH"}],"circlet_count":0,"master_deck":["AscendersBane","Defend_B","Defend_B","Defend_B","Zap+1","Dualcast","All For One","Beam Cell+1","Glacier","Compile Driver+1","Go for the Eyes","Apotheosis+1","Aggregate+1","Machine Learning","Biased Cognition","Buffer+1","Sweeping Beam+1","Chaos+1","FTL","Gash+1","Gash","Skim+1","Seek","Self Repair","BootSequence+1","Core Surge","Turbo","Hologram","Steam","Stack"],"relics":["Cracked Core","InkBottle","Astrolabe","Strawberry","Nunchaku","Membership Card","MawBank","Fusion Hammer"],"acts_visited":["Exordium","TheCity","TheBeyond"],"potions_floor_usage":[37],"damage_taken":[{"damage":2.0,"enemies":"2 Louse","floor":1.0,"turns":2.0},{"damage":0.0,"enemies":"Small Slimes","floor":2.0,"turns":4.0},{"damage":7.0,"enemies":"Jaw Worm","floor":3.0,"turns":3.0},{"damage":22.0,"enemies":"Exordium Thugs","floor":4.0,"turns":5.0},{"damage":6.0,"enemies":"Large Slime","floor":10.0,"turns":5.0},{"damage":0.0,"enemies":"Red Slaver","floor":12.0,"turns":1.0},{"damage":4.0,"enemies":"Hexaghost","floor":16.0,"turns":10.0},{"damage":9.0,"enemies":"Shell Parasite","floor":18.0,"turns":4.0},{"damage":0.0,"enemies":"Chosen","floor":20.0,"turns":3.0},{"damage":0.0,"enemies":"Snecko","floor":21.0,"turns":7.0},{"damage":8.0,"enemies":"Snake Plant","floor":22.0,"turns":3.0},{"damage":0.0,"enemies":"Chosen and Byrds","floor":25.0,"turns":6.0},{"damage":22.0,"enemies":"Slavers","floor":30.0,"turns":4.0},{"damage":0.0,"enemies":"Snecko","floor":31.0,"turns":3.0},{"damage":0.0,"enemies":"Champ","floor":33.0,"turns":6.0},{"damage":1.0,"enemies":"3 Shapes","floor":35.0,"turns":6.0},{"damage":45.0,"enemies":"3 Darklings","floor":36.0,"turns":6.0},{"damage":20,"enemies":"Jaw Worm Horde","floor":37,"turns":4},{"damage":25,"enemies":"4 Shapes","floor":38,"turns":4},{"damage":0,"enemies":"Sphere and 2 Shapes","floor":39,"turns":5},{"damage":32,"enemies":"Reptomancer","floor":40,"turns":2}],"seed_played":"-7356827360637048113","potions_obtained":[{"floor":4.0,"key":"CultistPotion"},{"floor":10.0,"key":"Explosive Potion"},{"floor":12.0,"key":"LiquidMemories"},{"floor":30.0,"key":"PowerPotion"},{"floor":35.0,"key":"Energy Potion"},{"floor":36,"key":"Ancient Potion"},{"floor":37,"key":"DuplicationPotion"}],"is_trial":false,"path_per_floor":["M","M","M","M","?","R","?","R","T","M","$","M","$","?","R","B",null,"M","T","M","M","M","R","?","M","T","R","$","R","E","M","R","B",null,"M","M","M","M","M","E"],"character_chosen":"DEFECT","items_purchased":["Apotheosis","Membership Card","Seek","Self Repair"],"campfire_rested":2,"item_purchase_floors":[13,28,28,28],"current_hp_per_floor":[62,62,55,33,22,22,1,22,22,16,16,16,16,16,16,12,56,47,54,54,54,46,46,27,27,27,27,27,50,35,45,45,55,72,78,43,33,15,25,0,0],"gold":433,"neow_bonus":"ONE_RANDOM_RARE_CARD","is_daily":false,"chose_seed":false,"campfire_upgraded":4,"win_rate":0.0,"timestamp":1608178753,"path_taken":["M","M","M","M","?","R","?","R","T","M","?","?","$","?","R","BOSS","M","?","M","M","M","R","?","?","T","R","$","R","E","M","R","BOSS","M","M","M","M","M","E"],"items_purchased_type":["Card","Relic","Card","Card"],"build_version":"2020-12-13","purchased_purges":2,"victory":false,"max_hp_per_floor":[71,71,71,71,71,71,71,71,71,71,71,71,71,71,71,71,71,71,78,78,78,78,78,78,78,78,78,78,78,78,78,78,78,78,78,78,78,78,78,78,78],"relic_stats":{"Nunchaku":[12],"counters":[21,93],"Astrolabe":["Buffer","Sweeping Beam","Chaos"],"MawBank":120,"obtain_stats":[{"Nunchaku":26,"Astrolabe":17,"Strawberry":19,"Fusion Hammer":34,"Membership Card":28,"Cracked Core":0,"MawBank":30,"InkBottle":9},{"Nunchaku":12,"Astrolabe":7,"Strawberry":8,"Fusion Hammer":15,"Membership Card":12,"Cracked Core":0,"MawBank":13,"InkBottle":4},{"Nunchaku":53,"Astrolabe":30,"Strawberry":34,"Fusion Hammer":66,"Membership Card":53,"Cracked Core":0,"MawBank":57,"InkBottle":14}],"InkBottle":[39]},"card_choices":[{"not_picked":["Leap","Go for the Eyes"],"picked":"Beam Cell","floor":1.0},{"not_picked":["Sweeping Beam","Storm"],"picked":"Glacier","floor":2.0},{"not_picked":["Fusion","Barrage","Steam"],"picked":"SKIP","floor":3.0},{"not_picked":["Tempest","Chill"],"picked":"Compile Driver","floor":4.0},{"not_picked":["Redo","Streamline"],"picked":"Go for the Eyes","floor":10.0},{"not_picked":["Stack","Compile Driver","Storm"],"picked":"SKIP","floor":12.0},{"not_picked":["All For One","Thunder Strike"],"picked":"Biased Cognition","floor":16.0},{"not_picked":["Leap+1","Capacitor"],"picked":"FTL","floor":18.0},{"not_picked":["Fusion+1","Compile Driver","Cold Snap"],"picked":"SKIP","floor":20.0},{"not_picked":["Coolheaded","Fusion+1"],"picked":"Gash+1","floor":21.0},{"not_picked":["Beam Cell","Aggregate"],"picked":"Gash","floor":22.0},{"not_picked":["Double Energy","Barrage"],"picked":"Skim","floor":25.0},{"not_picked":["Fission","Melter","Beam Cell"],"picked":"SKIP","floor":30.0},{"not_picked":["Melter","Double Energy+1"],"picked":"BootSequence+1","floor":31.0},{"not_picked":["Amplify","Echo Form"],"picked":"Core Surge","floor":33.0},{"not_picked":["Ball Lightning","Recycle"],"picked":"Turbo","floor":35.0},{"not_picked":["Coolheaded","Fusion","Compile Driver"],"picked":"SKIP","floor":36},{"not_picked":["Ball Lightning","Rebound"],"picked":"Hologram","floor":37},{"not_picked":["Leap","Compile Driver+1"],"picked":"Steam","floor":38},{"not_picked":["Doom and Gloom","Rebound","Stack"],"picked":"SKIP","floor":39},{"not_picked":["Doom and Gloom","Rebound"],"picked":"Stack","floor":39}],"player_experience":2288665,"relics_obtained":[{"floor":9.0,"key":"InkBottle"},{"floor":19.0,"key":"Strawberry"},{"floor":26.0,"key":"Nunchaku"},{"floor":30.0,"key":"MawBank"}],"event_choices":[{"damage_healed":0.0,"max_hp_gain":0.0,"max_hp_loss":0.0,"gold_gain":75.0,"event_name":"World of Goop","player_choice":"Gather Gold","floor":5.0,"gold_loss":0.0,"damage_taken":11.0},{"damage_healed":0.0,"max_hp_gain":0.0,"max_hp_loss":0.0,"gold_gain":0.0,"event_name":"Shining Light","player_choice":"Entered Light","floor":7.0,"gold_loss":0.0,"damage_taken":21.0,"cards_upgraded":["Zap","Compile Driver"]},{"damage_healed":0.0,"max_hp_gain":0.0,"max_hp_loss":0.0,"gold_gain":0.0,"event_name":"Match and Keep!","player_choice":"2 cards matched","floor":14.0,"gold_loss":0.0,"damage_taken":0.0,"cards_obtained":["Aggregate","Machine Learning"]},{"damage_healed":0.0,"max_hp_gain":0.0,"max_hp_loss":0.0,"gold_gain":180.0,"event_name":"Knowing Skull","player_choice":"GOLD GOLD ","floor":24.0,"potions_obtained":[],"gold_loss":0.0,"damage_taken":19.0,"cards_obtained":[]}],"is_beta":false,"boss_relics":[{"not_picked":["Empty Cage","Runic Dome"],"picked":"Astrolabe"},{"not_picked":["Velvet Choker","Snecko Eye"],"picked":"Fusion Hammer"}],"items_purged_floors":[11,28],"is_endless":false,"potions_floor_spawned":[4,10,12,18,22,30,35,36,37],"killed_by":"Reptomancer","ascension_level":20}}