{"host":"oeeu8njhzvf3llor","time":1608241686,"event":{"mods":["BaseMod","Better Match","Better Note","Better Skull","Better Third Choice","Hubris","Minty Spire (QoL Compilation)","Rare Cards Sparkle","Replay The Spire","Shop Mod","Spicy Shops","StSLib","Swap Starting Deck Mod"],"gold_per_floor":[211,229,240,51,61,61,26,55,55,70,70,70,70,97,97,202,202],"floor_reached":16,"playtime":425,"items_purged":[],"score":168,"play_id":"1003eaab-32cf-4a18-a69a-1d070d0d45d6","local_time":"20201217164806","is_ascension_mode":true,"campfire_choices":[{"data":"Zap","floor":6,"key":"SMITH"},{"floor":11,"key":"REST"},{"floor":15,"key":"REST"}],"circlet_count":0,"master_deck":["Strike_B","Strike_B","Strike_B","Strike_B","Defend_B","Defend_B","Defend_B","Defend_B","Zap+1","Dualcast","Go for the Eyes","Gash","Genetic Algorithm","Rip and Tear","Darkness","Gash","Burn","Beam Cell"],"relics":["Cracked Core","MerchantsRug","Orichalcum","ReplayTheSpireMod:Ninjato","Bag of Marbles"],"acts_visited":["Exordium"],"potions_floor_usage":[5],"damage_taken":[{"damage":7,"enemies":"2 Louse","floor":1,"turns":2},{"damage":6,"enemies":"Jaw Worm","floor":2,"turns":3},{"damage":10,"enemies":"Small Slimes","floor":3,"turns":2},{"damage":7,"enemies":"Blue Slaver","floor":5,"turns":3},{"damage":36,"enemies":"Gremlin Nob","floor":8,"turns":5},{"damage":11,"enemies":"Exordium Thugs","floor":10,"turns":4},{"damage":26,"enemies":"Lagavulin","floor":14,"turns":6},{"damage":39,"enemies":"Hexaghost","floor":16,"turns":9}],"seed_played":"7375760987822085257","potions_obtained":[{"floor":1,"key":"Dexterity Potion"},{"floor":2,"key":"Flashbang"},{"floor":10,"key":"PowerPotion"},{"floor":14,"key":"Explosive Potion"}],"is_trial":false,"path_per_floor":["M","M","M","$","M","R","?","E","T","M","R","?","?","E","R","B"],"character_chosen":"DEFECT","items_purchased":["Rip and Tear","MerchantsRug"],"campfire_rested":2,"item_purchase_floors":[4,4],"current_hp_per_floor":[68,62,52,52,45,45,63,27,27,16,38,63,63,37,59,20,20],"gold":202,"neow_bonus":"HUNDRED_GOLD","is_daily":false,"chose_seed":false,"campfire_upgraded":1,"win_rate":0.0,"timestamp":1608241686,"path_taken":["M","M","M","$","M","R","?","E","T","M","R","?","?","E","R","BOSS"],"items_purchased_type":["Card","Relic"],"build_version":"2020-12-13","purchased_purges":0,"victory":false,"max_hp_per_floor":[75,75,75,75,75,75,75,75,75,75,75,75,75,75,75,75,75],"card_choices":[{"not_picked":["Genetic Algorithm","Conserve Battery"],"picked":"Go for the Eyes","floor":1},{"not_picked":["Melter","Panic Button"],"picked":"Gash","floor":2},{"not_picked":["hubris:Ukulele","Turbo"],"picked":"Genetic Algorithm","floor":3},{"not_picked":["White Noise","Redo"],"picked":"Darkness","floor":5},{"not_picked":["Thunder Strike","ReplaySort"],"picked":"Gash","floor":8},{"not_picked":["Barrage","Turbo","Rebound"],"picked":"SKIP","floor":10},{"not_picked":["Sweeping Beam","Panic Button"],"picked":"Beam Cell","floor":14}],"player_experience":470002,"relics_obtained":[{"floor":8,"key":"Orichalcum"},{"floor":9,"key":"ReplayTheSpireMod:Ninjato"},{"floor":14,"key":"Bag of Marbles"}],"event_choices":[{"damage_healed":18,"gold_gain":0,"player_choice":"Healed","damage_taken":0,"max_hp_gain":0,"max_hp_loss":0,"event_name":"The Cleric","floor":7,"gold_loss":35},{"damage_healed":25,"gold_gain":0,"player_choice":"Banana","damage_taken":0,"max_hp_gain":0,"max_hp_loss":0,"event_name":"Big Fish","floor":12,"gold_loss":0},{"damage_healed":63,"gold_gain":0,"player_choice":"Embrace Burn","damage_taken":0,"max_hp_gain":0,"max_hp_loss":75,"event_name":"betterThird:BetterShining","floor":13,"gold_loss":0}],"is_beta":false,"boss_relics":[],"items_purged_floors":[],"is_endless":false,"potions_floor_spawned":[1,2,10,14],"killed_by":"Hexaghost","ascension_level":1}}