{"host":"a1eatafr7pisesky","time":1608233827,"event":{"mods":["BaseMod","Colored Map","DeckTracker","Highlight Path","Keyboard Shortcuts","Minty Spire (QoL Compilation)","Permanent Neow","Random Character Button","StSLib","SuperFastMode","everything is the same but u backflip on backflip"],"gold_per_floor":[116,129,129,54,67,99,99,113,113,113,113,129,139,159,159,264,264,279,311,311,311,311],"floor_reached":21,"playtime":513,"items_purged":["Strike_R"],"score":253,"play_id":"b365426f-80f9-46db-92ed-b756253bac36","local_time":"20201218043707","is_ascension_mode":true,"campfire_choices":[{"floor":7.0,"key":"REST"},{"data":"Pummel","floor":11.0,"key":"SMITH"},{"floor":15.0,"key":"REST"}],"circlet_count":0,"master_deck":["Bash","Shrug It Off","Ghostly Armor+1","Pummel+1","Barricade","Wild Strike","Reaper","Power Through","Immolate","Immolate","Metallicize","Dual Wield","Immolate","Juggernaut","Wild Strike","Sever Soul","Body Slam","Shrug It Off"],"relics":["Burning Blood","NeowsBlessing","MealTicket","War Paint","Pandora\u0027s Box","Red Mask"],"acts_visited":["Exordium","TheCity"],"potions_floor_usage":[],"damage_taken":[{"damage":0.0,"enemies":"2 Louse","floor":1.0,"turns":1.0},{"damage":0.0,"enemies":"Cultist","floor":2.0,"turns":1.0},{"damage":0.0,"enemies":"Small Slimes","floor":5.0,"turns":1.0},{"damage":61.0,"enemies":"Lagavulin","floor":6.0,"turns":9.0},{"damage":9.0,"enemies":"3 Louse","floor":8.0,"turns":5.0},{"damage":19.0,"enemies":"2 Fungi Beasts","floor":12.0,"turns":4.0},{"damage":14.0,"enemies":"Exordium Thugs","floor":13.0,"turns":5.0},{"damage":3.0,"enemies":"Looter","floor":14.0,"turns":3.0},{"damage":43.0,"enemies":"Slime Boss","floor":16.0,"turns":15.0},{"damage":16.0,"enemies":"3 Byrds","floor":18.0,"turns":5.0},{"damage":41.0,"enemies":"Masked Bandits","floor":19.0,"turns":4.0},{"damage":16,"enemies":"Spheric Guardian","floor":21,"turns":4}],"seed_played":"1102227365571742465","potions_obtained":[{"floor":5.0,"key":"EssenceOfSteel"},{"floor":13.0,"key":"HeartOfIron"},{"floor":14.0,"key":"CultistPotion"},{"floor":19.0,"key":"SteroidPotion"}],"is_trial":false,"path_per_floor":["M","M","?","$","M","E","R","M","T","?","R","M","M","M","R","B",null,"M","?","?","M"],"character_chosen":"IRONCLAD","items_purchased":[],"campfire_rested":2,"item_purchase_floors":[],"current_hp_per_floor":[78,80,72,72,78,23,47,44,44,37,37,24,16,19,43,28,67,61,26,26,10,10],"gold":311,"neow_bonus":"THREE_ENEMY_KILL","is_daily":false,"chose_seed":false,"campfire_upgraded":1,"win_rate":0.0,"timestamp":1608233827,"path_taken":["M","M","?","$","?","E","R","M","T","?","R","M","M","M","R","BOSS","M","?","?","?"],"items_purchased_type":[],"build_version":"2020-12-13","purchased_purges":1,"victory":false,"max_hp_per_floor":[80,80,80,80,80,80,80,80,80,80,80,80,80,80,80,80,80,80,80,80,80,80],"card_choices":[{"not_picked":["Perfected Strike","Cleave"],"picked":"Shrug It Off","floor":1.0},{"not_picked":["Pummel","Thunderclap"],"picked":"Ghostly Armor","floor":2.0},{"not_picked":["Heavy Blade","Sword Boomerang"],"picked":"Pummel","floor":5.0},{"not_picked":["Hemokinesis","Anger"],"picked":"Barricade","floor":6.0},{"not_picked":["Thunderclap","Clash"],"picked":"Wild Strike","floor":8.0},{"not_picked":["Wild Strike","Headbutt","Spot Weakness"],"picked":"SKIP","floor":12.0},{"not_picked":["Twin Strike","Perfected Strike"],"picked":"Reaper","floor":13.0},{"not_picked":["Flex","Combust"],"picked":"Power Through","floor":14.0},{"not_picked":["Brutality","Bludgeon"],"picked":"Immolate","floor":16.0},{"not_picked":["Shrug It Off","Perfected Strike+1"],"picked":"Body Slam","floor":18.0},{"not_picked":["Heavy Blade","Cleave"],"picked":"Shrug It Off","floor":19.0}],"player_experience":216588,"relics_obtained":[{"floor":6.0,"key":"MealTicket"},{"floor":9.0,"key":"War Paint"},{"floor":19.0,"key":"Red Mask"}],"event_choices":[{"damage_healed":0.0,"max_hp_gain":0.0,"max_hp_loss":0.0,"gold_gain":0.0,"event_name":"Wheel of Change","player_choice":"Damaged","floor":3.0,"gold_loss":0.0,"damage_taken":8.0},{"cards_removed":["Strike_R"],"damage_healed":0.0,"max_hp_gain":0.0,"max_hp_loss":0.0,"gold_gain":0.0,"event_name":"Golden Wing","player_choice":"Card Removal","floor":10.0,"gold_loss":0.0,"damage_taken":7.0},{"damage_healed":0.0,"max_hp_gain":0.0,"max_hp_loss":0.0,"gold_gain":0.0,"event_name":"Masked Bandits","player_choice":"Fought Bandits","floor":19.0,"gold_loss":0.0,"damage_taken":0.0},{"damage_healed":0,"gold_gain":0,"player_choice":"Ignored","damage_taken":0,"max_hp_gain":0,"max_hp_loss":0,"event_name":"Duplicator","floor":20,"gold_loss":0}],"is_beta":false,"boss_relics":[{"not_picked":["Sozu","Tiny House"],"picked":"Pandora\u0027s Box"}],"items_purged_floors":[4],"is_endless":false,"potions_floor_spawned":[5,13,14,19],"killed_by":"Spheric Guardian","ascension_level":8}}