{"host":"sav7uxregyirlf69","time":1608184516,"event":{"mods":["AchievementEnabler","BaseMod","Colored Map","DeckTracker","Keyboard Shortcuts","Minty Spire (QoL Compilation)","READ ME - Guardian Mod","StSLib","SuperFastMode"],"gold_per_floor":[112,26,26,26,26,26,43,60,60,77,91,91,102,129,129,129,129],"floor_reached":16,"playtime":317,"items_purged":[],"score":184,"play_id":"58a56c88-3b62-4363-9031-87270ab1b7b7","local_time":"20201217145516","is_ascension_mode":true,"campfire_choices":[{"data":"Reflex","floor":6,"key":"SMITH"},{"floor":12,"key":"REST"},{"data":"Calculated Gamble","floor":15,"key":"SMITH"}],"circlet_count":0,"master_deck":["AscendersBane","Strike_G+1","Strike_G","Strike_G","Strike_G","Strike_G","Defend_G","Defend_G","Defend_G","Defend_G","Defend_G","Survivor","Neutralize","PiercingWail+1","Reflex+1","Predator","Calculated Gamble+1","Well Laid Plans","Reflex"],"relics":["Ring of the Snake","Art of War","Odd Mushroom"],"acts_visited":["Exordium"],"potions_floor_usage":[16,16],"damage_taken":[{"damage":33,"enemies":"Jaw Worm","floor":1,"turns":9},{"damage":3,"enemies":"Small Slimes","floor":7,"turns":4},{"damage":2,"enemies":"2 Louse","floor":8,"turns":3},{"damage":0,"enemies":"2 Fungi Beasts","floor":10,"turns":4},{"damage":7,"enemies":"Large Slime","floor":11,"turns":8},{"damage":8,"enemies":"Looter","floor":13,"turns":3},{"damage":13,"enemies":"The Mushroom Lair","floor":14,"turns":6},{"damage":27,"enemies":"Slime Boss","floor":16,"turns":8}],"seed_played":"-5550966332956925076","potions_obtained":[{"floor":7,"key":"Explosive Potion"},{"floor":10,"key":"CunningPotion"},{"floor":11,"key":"FearPotion"}],"is_trial":false,"path_per_floor":["M","$","?","?","?","R","M","M","T","M","M","R","M","?","R","B"],"character_chosen":"THE_SILENT","items_purchased":["Reflex"],"campfire_rested":1,"item_purchase_floors":[2],"current_hp_per_floor":[32,32,10,34,34,34,31,29,29,29,22,43,35,22,22,0,0],"gold":129,"neow_bonus":"TEN_PERCENT_HP_BONUS","is_daily":false,"chose_seed":false,"campfire_upgraded":2,"win_rate":0.0,"timestamp":1608184516,"path_taken":["M","$","?","?","?","R","M","M","T","M","M","R","M","?","R","BOSS"],"items_purchased_type":["Card"],"build_version":"2020-12-13","purchased_purges":0,"victory":false,"max_hp_per_floor":[72,72,72,72,72,72,72,72,72,72,72,72,72,72,72,72,72],"card_choices":[{"not_picked":["Bane","Heel Hook"],"picked":"PiercingWail","floor":1},{"not_picked":["Dodge and Roll","Backflip"],"picked":"Predator","floor":7},{"not_picked":["Heel Hook","All Out Attack"],"picked":"Calculated Gamble","floor":8},{"not_picked":["Expertise","Backflip"],"picked":"Well Laid Plans","floor":10},{"not_picked":["Finisher","Poisoned Stab","Flying Knee"],"picked":"SKIP","floor":11},{"not_picked":["Slice","Dodge and Roll","Blade Dance"],"picked":"SKIP","floor":13},{"not_picked":["Catalyst","Prepared"],"picked":"Reflex","floor":14}],"player_experience":938988,"relics_obtained":[{"floor":9,"key":"Art of War"},{"floor":14,"key":"Odd Mushroom"}],"event_choices":[{"damage_healed":0,"gold_gain":0,"player_choice":"Entered Light","damage_taken":22,"max_hp_gain":0,"max_hp_loss":0,"event_name":"Shining Light","floor":3,"gold_loss":0,"cards_upgraded":["Strike_G","PiercingWail"]},{"damage_healed":24,"gold_gain":0,"player_choice":"Banana","damage_taken":0,"max_hp_gain":0,"max_hp_loss":0,"event_name":"Big Fish","floor":4,"gold_loss":0},{"damage_healed":0,"gold_gain":0,"player_choice":"Ignored","damage_taken":0,"max_hp_gain":0,"max_hp_loss":0,"event_name":"Liars Game","floor":5,"gold_loss":0},{"damage_healed":0,"gold_gain":0,"player_choice":"Fought Mushrooms","damage_taken":0,"max_hp_gain":0,"max_hp_loss":0,"event_name":"Mushrooms","floor":14,"gold_loss":0}],"is_beta":false,"boss_relics":[],"items_purged_floors":[],"is_endless":false,"potions_floor_spawned":[7,10,11,13],"killed_by":"Slime Boss","ascension_level":20}}