{"host":"dcj2yvrgcvh5dl2s","time":1608245365,"event":{"mods":["BaseMod","Better Note","Block Reminder","Colored Powertips","DeckTracker","Minty Spire (QoL Compilation)","Quick Restart","Rare Cards Sparkle","Relic Stats","StSLib"],"gold_per_floor":[114,114,289,239,239,239,255,282,282,315,315,41,41,52,52,152,152,162,162,12,30,30,64,84,84,133,133,168,199,211,254,266,278,278],"floor_reached":33,"playtime":819,"items_purged":["Strike_R","Shame"],"score":504,"play_id":"a435d71d-59c8-4990-91b8-418db02aefd4","local_time":"20201218084925","is_ascension_mode":true,"campfire_choices":[{"data":"Bash","floor":6,"key":"SMITH"},{"floor":11,"key":"REST"},{"data":"Infernal Blade","floor":15,"key":"SMITH"},{"data":"Flex","floor":25,"key":"SMITH"},{"data":"Whirlwind","floor":30,"key":"SMITH"},{"floor":32,"key":"REST"}],"circlet_count":0,"master_deck":["AscendersBane","Defend_R","Defend_R","Defend_R","Defend_R","Bash+1","Heavy Blade+1","Body Slam","Whirlwind+1","Flex+1","Shrug It Off","Infernal Blade+1","Immolate","True Grit+1","Metallicize","Bite","Bite","Bite","Bite","Bite","Reaper","Doubt","Intimidate+1"],"relics":["Burning Blood","Shuriken","HornCleat","Self Forming Clay","Singing Bowl","Red Skull","Cursed Key","Toxic Egg 2","Calipers","Oddly Smooth Stone","MawBank","The Courier"],"acts_visited":["Exordium","TheCity"],"potions_floor_usage":[8,8,16,21,29,29],"damage_taken":[{"damage":7,"enemies":"Small Slimes","floor":1,"turns":4},{"damage":2,"enemies":"2 Louse","floor":7,"turns":3},{"damage":35,"enemies":"Lagavulin","floor":8,"turns":7},{"damage":27,"enemies":"3 Sentries","floor":10,"turns":6},{"damage":7,"enemies":"Jaw Worm","floor":14,"turns":3},{"damage":46,"enemies":"Hexaghost","floor":16,"turns":9},{"damage":8,"enemies":"3 Byrds","floor":18,"turns":3},{"damage":10,"enemies":"2 Thieves","floor":21,"turns":4},{"damage":14,"enemies":"Book of Stabbing","floor":23,"turns":4},{"damage":11,"enemies":"Snecko","floor":24,"turns":4},{"damage":39,"enemies":"Slavers","floor":28,"turns":7},{"damage":2,"enemies":"Centurion and Healer","floor":29,"turns":5},{"damage":36,"enemies":"Book of Stabbing","floor":31,"turns":5},{"damage":81,"enemies":"Collector","floor":33,"turns":8}],"seed_played":"-4721354387224233534","potions_obtained":[{"floor":0,"key":"Energy Potion"},{"floor":0,"key":"SkillPotion"},{"floor":14,"key":"DuplicationPotion"},{"floor":18,"key":"Block Potion"},{"floor":24,"key":"Ancient Potion"},{"floor":28,"key":"PowerPotion"}],"is_trial":false,"path_per_floor":["M","?","?","?","?","R","M","E","T","E","R","$","?","M","R","B",null,"M","?","$","M","?","E","M","R","T","?","E","M","R","E","R","B"],"character_chosen":"IRONCLAD","items_purchased":["Shrug It Off","Red Skull","True Grit+1"],"campfire_rested":2,"item_purchase_floors":[12,12,20],"current_hp_per_floor":[71,68,68,68,68,68,72,43,43,22,46,46,72,71,71,31,68,68,68,68,64,57,55,58,58,58,58,38,63,63,39,57,0,0],"gold":278,"neow_bonus":"THREE_SMALL_POTIONS","is_daily":false,"chose_seed":false,"campfire_upgraded":4,"win_rate":0.0,"timestamp":1608245365,"path_taken":["M","?","?","?","?","R","?","E","T","E","R","$","?","M","R","BOSS","M","?","$","M","?","E","M","R","T","?","E","M","R","E","R","BOSS"],"items_purchased_type":["Card","Relic","Card"],"build_version":"2020-12-13","purchased_purges":2,"victory":false,"max_hp_per_floor":[80,80,80,80,80,80,80,80,80,80,80,80,80,80,80,80,80,82,82,82,82,57,59,59,59,59,59,61,63,63,63,63,63,63],"relic_stats":{"Singing Bowl":8,"counters":[14,72],"Shuriken":[16],"Self Forming Clay":[117],"Cursed Key":1,"MawBank":60,"obtain_stats":[{"HornCleat":8,"Calipers":23,"Singing Bowl":10,"Shuriken":2,"Self Forming Clay":9,"Oddly Smooth Stone":26,"The Courier":31,"Toxic Egg 2":19,"Cursed Key":17,"MawBank":28,"Burning Blood":0,"Red Skull":12},{"HornCleat":3,"Calipers":9,"Singing Bowl":4,"Shuriken":1,"Self Forming Clay":3,"Oddly Smooth Stone":10,"The Courier":13,"Toxic Egg 2":7,"Cursed Key":6,"MawBank":11,"Burning Blood":0,"Red Skull":4},{"HornCleat":14,"Calipers":43,"Singing Bowl":20,"Shuriken":4,"Self Forming Clay":14,"Oddly Smooth Stone":47,"The Courier":64,"Toxic Egg 2":35,"Cursed Key":32,"MawBank":54,"Burning Blood":0,"Red Skull":20}],"Burning Blood":78},"card_choices":[{"not_picked":["Shrug It Off","Dual Wield"],"picked":"Heavy Blade","floor":1},{"not_picked":["Armaments","Havoc"],"picked":"Body Slam","floor":7},{"not_picked":["Sword Boomerang","Thunderclap"],"picked":"Whirlwind","floor":8},{"not_picked":["Fiend Fire","Havoc"],"picked":"Flex","floor":10},{"not_picked":["Body Slam","Combust"],"picked":"Infernal Blade","floor":14},{"not_picked":["Brutality","Demon Form"],"picked":"Immolate","floor":16},{"not_picked":["Dual Wield","Havoc+1","Headbutt"],"picked":"Singing Bowl","floor":18},{"not_picked":["Iron Wave+1","Hemokinesis"],"picked":"Metallicize","floor":21},{"not_picked":["Heavy Blade","Clothesline","Anger"],"picked":"Singing Bowl","floor":23},{"not_picked":["Shrug It Off+1","Perfected Strike"],"picked":"Reaper","floor":24},{"not_picked":["Sentinel+1","Demon Form","Fire Breathing"],"picked":"Singing Bowl","floor":28},{"not_picked":["Hemokinesis","Second Wind+1","Perfected Strike"],"picked":"Singing Bowl","floor":29},{"not_picked":["Twin Strike+1","Body Slam"],"picked":"Intimidate+1","floor":31}],"player_experience":1977069,"relics_obtained":[{"floor":8,"key":"HornCleat"},{"floor":9,"key":"Self Forming Clay"},{"floor":10,"key":"Singing Bowl"},{"floor":23,"key":"Calipers"},{"floor":26,"key":"Oddly Smooth Stone"},{"floor":28,"key":"MawBank"},{"floor":31,"key":"The Courier"}],"event_choices":[{"damage_healed":0,"gold_gain":0,"player_choice":"Success","damage_taken":3,"relics_obtained":["Shuriken"],"max_hp_gain":0,"max_hp_loss":0,"event_name":"Scrap Ooze","floor":2,"gold_loss":0},{"damage_healed":0,"gold_gain":175,"player_choice":"AGREE","damage_taken":0,"max_hp_gain":0,"max_hp_loss":0,"event_name":"Liars Game","floor":3,"gold_loss":0,"cards_obtained":["Doubt"]},{"cards_removed":["Doubt"],"damage_healed":0,"gold_gain":0,"player_choice":"Card Removal","damage_taken":0,"max_hp_gain":0,"max_hp_loss":0,"event_name":"The Cleric","floor":4,"gold_loss":50},{"damage_healed":0,"gold_gain":0,"player_choice":"Forge","damage_taken":0,"max_hp_gain":0,"max_hp_loss":0,"event_name":"Accursed Blacksmith","floor":5,"gold_loss":0,"cards_upgraded":["Heavy Blade"]},{"damage_healed":26,"gold_gain":0,"player_choice":"Banana","damage_taken":0,"max_hp_gain":0,"max_hp_loss":0,"event_name":"Big Fish","floor":13,"gold_loss":0},{"damage_healed":0,"gold_gain":0,"player_choice":"Stole Relic","damage_taken":0,"relics_obtained":["Toxic Egg 2"],"max_hp_gain":0,"max_hp_loss":0,"event_name":"Addict","floor":19,"gold_loss":0,"cards_obtained":["Shame"]},{"damage_healed":0,"gold_gain":0,"player_choice":"Became a vampire","damage_taken":0,"max_hp_gain":0,"max_hp_loss":25,"event_name":"Vampires","floor":22,"gold_loss":0,"cards_obtained":["Bite","Bite","Bite","Bite","Bite"]},{"damage_healed":0,"gold_gain":0,"player_choice":"Ignored","damage_taken":0,"max_hp_gain":0,"max_hp_loss":0,"event_name":"The Mausoleum","floor":27,"gold_loss":0}],"is_beta":false,"boss_relics":[{"not_picked":["Ectoplasm","Astrolabe"],"picked":"Cursed Key"}],"items_purged_floors":[12,20],"is_endless":false,"potions_floor_spawned":[1,14,18,24,28],"killed_by":"Collector","ascension_level":11}}