{"host":"mi0eibewekhugwl1","time":1608222396,"event":{"mods":["AchievementEnabler","BaseMod","Colored Map","Colored Powertips","DeckTracker","Keyboard Shortcuts","Minty Spire (QoL Compilation)","Quick Restart","Rare Cards Sparkle","Relic Stats","StSLib","SuperFastMode","everything is the same but u backflip on backflip"],"gold_per_floor":[17,37,57,76,94,94,111,111,111,111,111,125,14,33,33,33,33],"floor_reached":16,"playtime":230,"items_purged":["Strike_B"],"score":192,"play_id":"7d3664d8-8271-4a2b-b54b-007aca095a6c","local_time":"20201218012636","is_ascension_mode":true,"campfire_choices":[{"data":"Zap","floor":6,"key":"SMITH"},{"data":"Dualcast","floor":8,"key":"SMITH"},{"data":"Sunder","floor":11,"key":"SMITH"},{"floor":15,"key":"REST"}],"circlet_count":0,"master_deck":["AscendersBane","Strike_B","Strike_B","Strike_B","Defend_B","Defend_B","Defend_B","Defend_B","Zap+1","Dualcast+1","Electrodynamics","Coolheaded","Sunder+1","Ball Lightning","Loop","Core Surge","Turbo","FTL"],"relics":["Cracked Core","Strawberry"],"acts_visited":["Exordium"],"potions_floor_usage":[16,16],"damage_taken":[{"damage":0,"enemies":"Small Slimes","floor":1,"turns":3},{"damage":5,"enemies":"Cultist","floor":2,"turns":4},{"damage":0,"enemies":"2 Louse","floor":3,"turns":1},{"damage":17,"enemies":"Exordium Thugs","floor":4,"turns":3},{"damage":0,"enemies":"3 Louse","floor":5,"turns":1},{"damage":3,"enemies":"Large Slime","floor":7,"turns":4},{"damage":7,"enemies":"2 Fungi Beasts","floor":12,"turns":2},{"damage":8,"enemies":"Blue Slaver","floor":14,"turns":3},{"damage":45,"enemies":"Hexaghost","floor":16,"turns":9}],"seed_played":"-5690998330636791698","potions_obtained":[{"floor":1,"key":"Swift Potion"},{"floor":4,"key":"EssenceOfSteel"}],"is_trial":false,"path_per_floor":["M","M","M","M","M","R","M","R","T","?","R","M","$","M","R","B"],"character_chosen":"DEFECT","items_purchased":["FTL"],"campfire_rested":1,"item_purchase_floors":[13],"current_hp_per_floor":[64,59,59,42,42,42,39,39,46,35,35,28,28,20,43,0,0],"gold":33,"neow_bonus":"THREE_RARE_CARDS","is_daily":false,"chose_seed":false,"campfire_upgraded":3,"win_rate":0.0,"timestamp":1608222396,"path_taken":["M","M","M","M","M","R","M","R","T","?","R","?","$","M","R","BOSS"],"items_purchased_type":["Card"],"build_version":"2020-12-13","purchased_purges":1,"victory":false,"max_hp_per_floor":[71,71,71,71,71,71,71,71,78,78,78,78,78,78,78,78,78],"relic_stats":{"counters":[9,30],"obtain_stats":[{"Strawberry":9,"Cracked Core":0},{"Strawberry":6,"Cracked Core":0},{"Strawberry":16,"Cracked Core":0}]},"card_choices":[{"not_picked":["Multi-Cast","Echo Form"],"picked":"Electrodynamics","floor":0},{"not_picked":["Storm","Reprogram"],"picked":"Coolheaded","floor":1},{"not_picked":["Steam Power","Turbo"],"picked":"Sunder","floor":2},{"not_picked":["Redo","Go for the Eyes"],"picked":"Ball Lightning","floor":3},{"not_picked":["Stack","Steam"],"picked":"Loop","floor":4},{"not_picked":["Rebound","Streamline"],"picked":"Core Surge","floor":5},{"not_picked":["Leap","Redo"],"picked":"Turbo","floor":7},{"not_picked":["Streamline","Compile Driver","Steam"],"picked":"SKIP","floor":12},{"not_picked":["Compile Driver","Hello World","Rebound"],"picked":"SKIP","floor":14}],"player_experience":1686416,"relics_obtained":[{"floor":9,"key":"Strawberry"}],"event_choices":[{"damage_healed":0,"gold_gain":0,"player_choice":"Damaged","damage_taken":11,"max_hp_gain":0,"max_hp_loss":0,"event_name":"Wheel of Change","floor":10,"gold_loss":0}],"is_beta":false,"boss_relics":[],"items_purged_floors":[13],"is_endless":false,"potions_floor_spawned":[1,4,5],"killed_by":"Hexaghost","ascension_level":20}}