{"host":"0jm2u9rma46qko29","time":1608223306,"event":{"mods":["Act Like it!","BaseMod","Better Note","Better Skull","CapriCore","Friendly Minions","Hermit","Minty Spire (QoL Compilation)","Robot Space Explorer","Shop Mod","StSLib","UnlockEverythingMod"],"gold_per_floor":[118,118,141,155,172,172,201,201,201,1,176,218,244,268,268,380,380,406,435,84,84,15,15,15,15,15,24,24,50,100,138,138,252,252,275,302,174,196,208,245,35,35,35],"floor_reached":42,"playtime":3644,"items_purged":["Doubt","RobotSpaceExplorer:Strike"],"score":479,"play_id":"1a40f2ef-bf59-46c7-a759-d4271bc5bd41","local_time":"20201217104146","is_ascension_mode":false,"campfire_choices":[{"data":"RobotSpaceExplorer:MetalStrike","floor":6,"key":"SMITH"},{"data":"RobotSpaceExplorer:PowerCollector","floor":8,"key":"SMITH"},{"data":"RobotSpaceExplorer:PowerCollector","floor":15,"key":"SMITH"},{"data":"RobotSpaceExplorer:Multitool","floor":23,"key":"SMITH"},{"data":"RobotSpaceExplorer:Electroshield","floor":25,"key":"SMITH"},{"floor":32,"key":"REST"}],"circlet_count":0,"master_deck":["RobotSpaceExplorer:Strike","RobotSpaceExplorer:Strike","RobotSpaceExplorer:Strike","RobotSpaceExplorer:Defend","RobotSpaceExplorer:Defend","RobotSpaceExplorer:Defend","RobotSpaceExplorer:Defend","RobotSpaceExplorer:Scan","RobotSpaceExplorer:MiniLasers","RobotSpaceExplorer:LuckyStrike","RobotSpaceExplorer:PowerCollector+1","RobotSpaceExplorer:MetalStrike+1","RobotSpaceExplorer:Discharger","RobotSpaceExplorer:DualCore","RobotSpaceExplorer:FreezingShield","RobotSpaceExplorer:ScrapMissile","RobotSpaceExplorer:PowerCollector+1","RobotSpaceExplorer:TrailblazerForm","RobotSpaceExplorer:Multitool+1","RobotSpaceExplorer:Probe+1","RobotSpaceExplorer:Electroshield+1","RobotSpaceExplorer:FreezeRay","RobotSpaceExplorer:LaserBurst","RobotSpaceExplorer:TrailblazerForm","RobotSpaceExplorer:Blitz","RobotSpaceExplorer:PowerCollector","RobotSpaceExplorer:GearShield","RobotSpaceExplorer:LuckyStrike","RobotSpaceExplorer:BlastShield","RobotSpaceExplorer:SwiftStep","RobotSpaceExplorer:FranticSearch+1","RobotSpaceExplorer:ExhaustFan+1","RobotSpaceExplorer:StarLightning","RobotSpaceExplorer:DualCore","RobotSpaceExplorer:Fix"],"relics":["RobotSpaceExplorer:RoboCore","NeowsBlessing","Pen Nib","Centennial Puzzle","Meat on the Bone","Membership Card","CeramicFish","Gremlin Horn","Omamori","White Beast Statue","Shovel","Philosopher\u0027s Stone","ClockworkSouvenir","Pantograph","RobotSpaceExplorer:RingOfTheNewt"],"acts_visited":["Exordium","TheCity","TheBeyond"],"potions_floor_usage":[12,13,16,19,29,29,31,31,40,40,40],"damage_taken":[{"damage":0,"enemies":"Cultist","floor":1,"turns":1},{"damage":0,"enemies":"Jaw Worm","floor":4,"turns":1},{"damage":0,"enemies":"Small Slimes","floor":5,"turns":1},{"damage":15,"enemies":"Gremlin Nob","floor":7,"turns":4},{"damage":2,"enemies":"3 Sentries","floor":12,"turns":6},{"damage":0,"enemies":"Exordium Wildlife","floor":13,"turns":4},{"damage":2,"enemies":"Blue Slaver","floor":14,"turns":3},{"damage":35,"enemies":"The Guardian","floor":16,"turns":6},{"damage":12,"enemies":"Shell Parasite","floor":18,"turns":3},{"damage":15,"enemies":"3 Byrds","floor":19,"turns":3},{"damage":11,"enemies":"Snecko","floor":29,"turns":4},{"damage":21,"enemies":"Slavers","floor":31,"turns":5},{"damage":37,"enemies":"Champ","floor":33,"turns":6},{"damage":8,"enemies":"3 Shapes","floor":35,"turns":2},{"damage":5,"enemies":"3 Darklings","floor":36,"turns":4},{"damage":24,"enemies":"Sphere and 2 Shapes","floor":38,"turns":2},{"damage":14,"enemies":"Jaw Worm Horde","floor":39,"turns":4},{"damage":4,"enemies":"Reptomancer","floor":40,"turns":4},{"damage":51,"enemies":"Nemesis","floor":42,"turns":3}],"seed_played":"7618999437613413673","potions_obtained":[{"floor":1,"key":"Block Potion"},{"floor":5,"key":"Fire Potion"},{"floor":13,"key":"DuplicationPotion"},{"floor":16,"key":"AttackPotion"},{"floor":19,"key":"EssenceOfSteel"},{"floor":29,"key":"SpeedPotion"},{"floor":31,"key":"SpeedPotion"},{"floor":33,"key":"Dexterity Potion"},{"floor":35,"key":"DuplicationPotion"},{"floor":38,"key":"RobotSpaceExplorer:PlasmaFlask"},{"floor":40,"key":"Swift Potion"}],"is_trial":false,"path_per_floor":["M","?","T","M","M","R","E","R","T","$","?","E","M","M","R","B",null,"M","M","$","?","$","R","T","R","T","?","?","M","?","E","R","B",null,"M","M","$","M","M","E","$","E"],"character_chosen":"RobotSpaceExplorer","items_purchased":["Membership Card","RobotSpaceExplorer:DualCore","RobotSpaceExplorer:FreezingShield","RobotSpaceExplorer:FreezeRay","Gremlin Horn","RobotSpaceExplorer:LaserBurst","Omamori","AttackPotion","ColorlessPotion","RobotSpaceExplorer:TrailblazerForm","RobotSpaceExplorer:Blitz","ClockworkSouvenir","RobotSpaceExplorer:DualCore","RobotSpaceExplorer:RingOfTheNewt","RobotSpaceExplorer:Fix"],"campfire_rested":1,"item_purchase_floors":[10,10,10,20,20,20,20,20,20,22,22,37,41,41,41],"current_hp_per_floor":[75,80,80,80,80,80,65,65,65,65,65,63,63,61,61,38,80,68,53,53,53,53,53,53,53,53,53,53,42,42,33,57,32,80,72,67,67,43,41,49,49,0,0],"gold":35,"neow_bonus":"THREE_ENEMY_KILL","is_daily":false,"chose_seed":false,"campfire_upgraded":5,"win_rate":0.0,"timestamp":1608223306,"path_taken":["M","?","?","?","M","R","E","R","T","?","?","E","M","M","R","BOSS","M","M","$","?","$","R","?","R","T","?","?","M","?","E","R","BOSS","M","M","?","M","?","E","$","E"],"items_purchased_type":["Relic","Card","Card","Card","Relic","Card","Relic","Potion","Potion","Card","Card","Relic","Card","Relic","Card"],"build_version":"2020-12-13","purchased_purges":2,"victory":false,"max_hp_per_floor":[75,80,80,80,80,80,80,80,80,80,80,80,80,80,80,80,80,80,80,80,80,80,80,80,80,80,80,80,80,80,80,80,80,80,80,80,80,80,80,80,80,80,80],"card_choices":[{"not_picked":["RobotSpaceExplorer:StarDust","RobotSpaceExplorer:Blitz"],"picked":"RobotSpaceExplorer:LuckyStrike","floor":1},{"not_picked":["RobotSpaceExplorer:MiniDrones","RobotSpaceExplorer:ImprovisedAttack"],"picked":"RobotSpaceExplorer:PowerCollector","floor":4},{"not_picked":["RobotSpaceExplorer:ImprovisedAttack","RobotSpaceExplorer:SurgingStrike"],"picked":"RobotSpaceExplorer:MetalStrike","floor":5},{"not_picked":["RobotSpaceExplorer:DoubleBlock","RobotSpaceExplorer:Pulsar"],"picked":"RobotSpaceExplorer:Discharger","floor":7},{"not_picked":["RobotSpaceExplorer:FrostMissile","RobotSpaceExplorer:SelfCleaning"],"picked":"RobotSpaceExplorer:ScrapMissile","floor":12},{"not_picked":["RobotSpaceExplorer:StunGrenade","RobotSpaceExplorer:Probe"],"picked":"RobotSpaceExplorer:PowerCollector","floor":13},{"not_picked":["RobotSpaceExplorer:SurgingStrike","RobotSpaceExplorer:ShovelStrike"],"picked":"RobotSpaceExplorer:TrailblazerForm","floor":14},{"not_picked":["RobotSpaceExplorer:Accelerator","RobotSpaceExplorer:ChargingLaser"],"picked":"RobotSpaceExplorer:Multitool","floor":16},{"not_picked":["RobotSpaceExplorer:BigMissile","RobotSpaceExplorer:Ammunition"],"picked":"RobotSpaceExplorer:Probe+1","floor":18},{"not_picked":["RobotSpaceExplorer:Counterblock","RobotSpaceExplorer:Ammunition+1"],"picked":"RobotSpaceExplorer:Electroshield","floor":19},{"not_picked":["RobotSpaceExplorer:SelfCleaning","RobotSpaceExplorer:SurgingShield"],"picked":"RobotSpaceExplorer:GearShield","floor":29},{"not_picked":["RobotSpaceExplorer:ImprovisedAttack","RobotSpaceExplorer:ShovelStrike"],"picked":"RobotSpaceExplorer:LuckyStrike","floor":31},{"not_picked":["RobotSpaceExplorer:Asteroid","RobotSpaceExplorer:Wormhole"],"picked":"RobotSpaceExplorer:BlastShield","floor":33},{"not_picked":["RobotSpaceExplorer:StarDust+1","RobotSpaceExplorer:Ammunition"],"picked":"RobotSpaceExplorer:SwiftStep","floor":35},{"not_picked":["RobotSpaceExplorer:GlueShot","RobotSpaceExplorer:StarDust"],"picked":"RobotSpaceExplorer:FranticSearch+1","floor":36},{"not_picked":["RobotSpaceExplorer:MakeshiftVolley+1","RobotSpaceExplorer:SurgingStrike"],"picked":"RobotSpaceExplorer:ExhaustFan+1","floor":38},{"not_picked":["RobotSpaceExplorer:ImprovisedAttack","RobotSpaceExplorer:IronShell+1","RobotSpaceExplorer:Reload"],"picked":"SKIP","floor":39},{"not_picked":["RobotSpaceExplorer:ScrapShield","RobotSpaceExplorer:Asteroid"],"picked":"RobotSpaceExplorer:StarLightning","floor":40}],"player_experience":124740,"relics_obtained":[{"floor":3,"key":"Pen Nib"},{"floor":7,"key":"Centennial Puzzle"},{"floor":9,"key":"Meat on the Bone"},{"floor":12,"key":"CeramicFish"},{"floor":26,"key":"White Beast Statue"},{"floor":31,"key":"Shovel"},{"floor":40,"key":"Pantograph"}],"event_choices":[{"damage_healed":0,"gold_gain":0,"player_choice":"Donut","damage_taken":0,"max_hp_gain":5,"max_hp_loss":0,"event_name":"Big Fish","floor":2,"gold_loss":0},{"damage_healed":0,"gold_gain":175,"player_choice":"AGREE","damage_taken":0,"max_hp_gain":0,"max_hp_loss":0,"event_name":"Liars Game","floor":11,"gold_loss":0,"cards_obtained":["Doubt"]},{"damage_healed":0,"gold_gain":0,"player_choice":"Ignored","damage_taken":0,"max_hp_gain":0,"max_hp_loss":0,"event_name":"betterNote:BetterNote","floor":21,"gold_loss":0,"cards_obtained":["LikeWater"]},{"damage_healed":0,"gold_gain":0,"player_choice":"Read","damage_taken":0,"max_hp_gain":0,"max_hp_loss":0,"event_name":"The Library","floor":27,"gold_loss":0,"cards_obtained":["RobotSpaceExplorer:PowerCollector"]},{"damage_healed":0,"gold_gain":0,"player_choice":"Smashed Altar","damage_taken":0,"max_hp_gain":0,"max_hp_loss":0,"event_name":"Forgotten Altar","floor":28,"gold_loss":0,"cards_obtained":["Decay"]},{"damage_healed":0,"gold_gain":100,"player_choice":"Bet on Murderer","damage_taken":0,"max_hp_gain":0,"max_hp_loss":0,"event_name":"The Joust","floor":30,"gold_loss":50}],"is_beta":false,"boss_relics":[{"not_picked":["Velvet Choker","Snecko Eye","Runic Dome"]},{"not_picked":["Runic Pyramid","Tiny House"],"picked":"Philosopher\u0027s Stone"}],"items_purged_floors":[20,37],"is_endless":false,"potions_floor_spawned":[1,5,13,16,19,29,31,33,35,36,38,39,40],"killed_by":"Nemesis","ascension_level":0}}