{"host":"br1k745010e75u9o","time":1608226791,"event":{"mods":["BaseMod","CCEM","Conspire","Downfall","Friendly Minions","Hermit","Hubris","Infinite Spire","Mari Mod (Legacy)","Mari\u0027s V1 Patch","Minty Spire (QoL Compilation)","Rare Cards Sparkle","Replay The Spire","StSLib","The Cursed","Yohane!"],"gold_per_floor":[114,114,124,137,150,150,178,196,196,212,212,232,248,173,173,274,274,288,378,389,402,402,402],"floor_reached":22,"playtime":1024,"items_purged":["Strike_R"],"score":217,"play_id":"9fe2f51f-2ba3-4e4f-99fd-725d93fae3ca","local_time":"20201217173951","is_ascension_mode":false,"campfire_choices":[{"floor":6,"key":"RECALL"},{"data":"Flex","floor":11,"key":"SMITH"},{"data":"Rampage","floor":15,"key":"SMITH"}],"circlet_count":0,"master_deck":["Strike_R","Strike_R","Strike_R","Strike_R","Defend_R","Defend_R","Defend_R","Bash","Armaments","Uppercut+1","Flex+1","Thunderclap","Flex","Flex","Armaments","Rampage+1","conspire:HitWhereItHurts","champ:GladiatorsShout"],"relics":["Burning Blood","hubris:DisguiseKit","Mark of Pain"],"acts_visited":["Exordium","TheCity"],"potions_floor_usage":[7,8,10,16,18,21],"damage_taken":[{"damage":4,"enemies":"Cultist","floor":1,"turns":4},{"damage":0,"enemies":"conspire:RoseBush","floor":3,"turns":3},{"damage":0,"enemies":"2 Louse","floor":4,"turns":3},{"damage":10,"enemies":"Looter","floor":5,"turns":3},{"damage":12,"enemies":"Gremlin Nob","floor":7,"turns":2},{"damage":9,"enemies":"2 Fungi Beasts","floor":8,"turns":2},{"damage":5,"enemies":"Lots of Slimes","floor":10,"turns":2},{"damage":7,"enemies":"Exordium Wildlife","floor":12,"turns":4},{"damage":9,"enemies":"3 Louse","floor":13,"turns":2},{"damage":56,"enemies":"Slime Boss","floor":16,"turns":12},{"damage":5,"enemies":"Shell Parasite","floor":18,"turns":4},{"damage":17,"enemies":"2 Thieves","floor":20,"turns":5},{"damage":50,"enemies":"Centurion and Healer","floor":21,"turns":7},{"damage":21,"enemies":"conspire:HollyBat","floor":22,"turns":5}],"seed_played":"4859942682884344312","potions_obtained":[{"floor":1,"key":"Death Potion"},{"floor":5,"key":"Energy Potion"},{"floor":7,"key":"champ:CounterPotion"},{"floor":13,"key":"SkillPotion"},{"floor":16,"key":"Fire Potion"},{"floor":20,"key":"ColorlessPotion"}],"is_trial":false,"path_per_floor":["M","?","M","M","M","R","E","M","T","M","R","M","M","$","R","B",null,"M","?","M","M","M"],"character_chosen":"IRONCLAD","items_purchased":[],"campfire_rested":0,"item_purchase_floors":[],"current_hp_per_floor":[88,88,88,88,84,84,78,75,75,76,76,75,72,72,72,22,88,88,76,65,21,0,0],"gold":402,"neow_bonus":"TEN_PERCENT_HP_BONUS","is_daily":false,"chose_seed":false,"campfire_upgraded":2,"win_rate":0.0,"timestamp":1608226791,"path_taken":["M","?","M","M","M","R","E","M","T","M","R","M","M","$","R","BOSS","M","?","M","?","M"],"items_purchased_type":[],"build_version":"2020-12-13","purchased_purges":1,"victory":false,"max_hp_per_floor":[88,88,88,88,88,88,88,88,88,88,88,88,88,88,88,88,88,88,88,88,88,88,88],"card_choices":[{"not_picked":["Perfected Strike","infinitespire:OneForAll"],"picked":"Armaments","floor":1},{"not_picked":["Sword Boomerang","Clothesline","Warcry"],"picked":"SKIP","floor":3},{"not_picked":["Clothesline","Replay:Undeath\u0027s Touch"],"picked":"Flex","floor":4},{"not_picked":["Disarm","Armaments"],"picked":"Thunderclap","floor":5},{"not_picked":["Sword Boomerang","Evolve","Corruption"],"picked":"SKIP","floor":7},{"not_picked":["Wild Strike","Armaments","champ:BerserkersShout"],"picked":"Flex","floor":8},{"not_picked":["Cleave","Ghostly Armor","champ:EnGarde"],"picked":"Flex","floor":10},{"not_picked":["Clash","Fiend Fire","champ:CrookedStrike"],"picked":"Armaments","floor":12},{"not_picked":["ReplayTheSpireMod:Strike From Hell","Intimidate","champ:PreciseThrust"],"picked":"Rampage","floor":13},{"not_picked":["Bludgeon","Impervious","champ:IgnorePain"],"picked":"conspire:HitWhereItHurts","floor":16},{"not_picked":["Hemokinesis","hubris:ReadiedAction+1","Wild Strike","champ:BladeFlurry"],"picked":"SKIP","floor":18},{"not_picked":["Intimidate","Flex","Hemokinesis+1"],"picked":"champ:GladiatorsShout","floor":20},{"not_picked":["Power Through","Thunderclap","True Grit","champ:FocusedBerserking"],"picked":"SKIP","floor":21}],"player_experience":49165,"relics_obtained":[{"floor":7,"key":"hubris:DisguiseKit"}],"event_choices":[{"damage_healed":0,"gold_gain":90,"player_choice":"GOLD ","damage_taken":12,"max_hp_gain":0,"max_hp_loss":0,"event_name":"Knowing Skull","floor":19,"potions_obtained":[],"gold_loss":0,"cards_obtained":[]}],"is_beta":false,"boss_relics":[{"not_picked":["hubris:RunicObelisk","Replay:Bronze Core"],"picked":"Mark of Pain"}],"items_purged_floors":[14],"is_endless":false,"potions_floor_spawned":[1,5,7,13,16,20],"killed_by":"conspire:HollyBat","ascension_level":0}}