{"host":"y76clbnovzmw9ubx","time":1608216731,"event":{"mods":["AchievementEnabler","BaseMod","Minty Spire (QoL Compilation)","Permanent Neow","Relic Stats"],"gold_per_floor":[16,36,55,55,55,55,55,55],"floor_reached":7,"playtime":466,"items_purged":[],"score":59,"play_id":"117e3f6e-f5eb-4cae-acdc-b8055a3d6d51","local_time":"20201217095211","is_ascension_mode":true,"campfire_choices":[{"data":"Eruption","floor":6,"key":"SMITH"}],"circlet_count":0,"master_deck":["Strike_P","Strike_P","Strike_P","Strike_P","Defend_P","Defend_P","Defend_P","Eruption+1","Vigilance","Omniscience","CutThroughFate","Protect","Adaptation"],"relics":["PureWater","Golden Idol"],"acts_visited":["Exordium"],"potions_floor_usage":[7],"damage_taken":[{"damage":2,"enemies":"2 Louse","floor":1,"turns":3},{"damage":0,"enemies":"Cultist","floor":2,"turns":4},{"damage":7,"enemies":"Jaw Worm","floor":3,"turns":5},{"damage":35,"enemies":"3 Sentries","floor":7,"turns":8}],"seed_played":"-1505293548272699255","potions_obtained":[{"floor":3,"key":"GamblersBrew"}],"is_trial":false,"path_per_floor":["M","M","M","?","?","R","E"],"character_chosen":"WATCHER","items_purchased":[],"campfire_rested":0,"item_purchase_floors":[],"current_hp_per_floor":[63,63,56,56,56,56,21,21],"gold":55,"neow_bonus":"THREE_RARE_CARDS","is_daily":false,"chose_seed":false,"campfire_upgraded":1,"win_rate":0.0,"timestamp":1608216731,"path_taken":["M","M","M","?","?","R","E"],"items_purchased_type":[],"build_version":"2020-12-13","purchased_purges":0,"victory":false,"max_hp_per_floor":[72,72,72,67,67,67,67,67],"relic_stats":{"counters":[4,20],"Golden Idol":0,"obtain_stats":[{"Golden Idol":4,"PureWater":0},{"Golden Idol":3,"PureWater":0},{"Golden Idol":12,"PureWater":0}]},"card_choices":[{"not_picked":["DeusExMachina","Judgement"],"picked":"Omniscience","floor":0},{"not_picked":["WaveOfTheHand","Indignation"],"picked":"CutThroughFate","floor":1},{"not_picked":["FlyingSleeves","DeceiveReality"],"picked":"Protect","floor":2},{"not_picked":["Perseverance","Worship"],"picked":"Adaptation","floor":3}],"player_experience":2893400,"relics_obtained":[],"event_choices":[{"damage_healed":0,"gold_gain":0,"player_choice":"Lose Max HP","damage_taken":0,"relics_obtained":["Golden Idol"],"max_hp_gain":0,"max_hp_loss":5,"event_name":"Golden Idol","floor":4,"gold_loss":0},{"cards_removed":["Defend_P"],"damage_healed":0,"gold_gain":0,"player_choice":"Purged","damage_taken":0,"max_hp_gain":0,"max_hp_loss":0,"event_name":"Purifier","floor":5,"gold_loss":0}],"is_beta":false,"boss_relics":[],"items_purged_floors":[],"is_endless":false,"potions_floor_spawned":[3],"killed_by":"3 Sentries","ascension_level":9}}