{"host":"2461dio7vetlq1z3","time":1608241272,"event":{"mods":["2.2 Compatiblity","AchievementEnabler","BaseMod","Better Third Choice","Hermit","Marisa????????","Minty Spire (QoL Compilation)","Relic Stats","Spicy Shops","StSLib","Waifu the Spire"],"gold_per_floor":[16,16,91,107,107,137,137,154,154,154,154,79,79,79,79,182,182,195,95,95,113,28,28,28,28,110,23,23,37,37,37,37,142,142,159,34,54,68,68,78,96,110,110,110,110,110],"floor_reached":45,"playtime":1341,"items_purged":["Strike_P","Defend_P+1","Eruption+1"],"score":409,"play_id":"ea38a1b2-2c86-4843-abb9-e82219dab5e6","local_time":"20201217224112","is_ascension_mode":false,"campfire_choices":[{"data":"Eruption","floor":7,"key":"SMITH"},{"floor":11,"key":"REST"},{"data":"Defend_P","floor":15,"key":"SMITH"},{"data":"CutThroughFate","floor":23,"key":"SMITH"},{"data":"Blasphemy","floor":25,"key":"SMITH"},{"data":"Madness","floor":28,"key":"SMITH"},{"data":"Tantrum","floor":30,"key":"SMITH"},{"data":"Weave","floor":32,"key":"SMITH"}],"circlet_count":0,"master_deck":["Vigilance+1","Blasphemy+1","CutThroughFate+1","Weave+1","Tantrum+1","Madness+1"],"relics":["PureWater","InkBottle","HornCleat","Runic Dome","Oddly Smooth Stone","Blue Candle","Toxic Egg 2","SlaversCollar","Letter Opener"],"acts_visited":["Exordium","TheCity","TheBeyond"],"potions_floor_usage":[6,16],"damage_taken":[{"damage":0,"enemies":"2 Louse","floor":1,"turns":3},{"damage":0,"enemies":"Cultist","floor":4,"turns":2},{"damage":18,"enemies":"Lagavulin","floor":6,"turns":7},{"damage":0,"enemies":"Small Slimes","floor":8,"turns":3},{"damage":6,"enemies":"Hexaghost","floor":16,"turns":8},{"damage":0,"enemies":"Spheric Guardian","floor":18,"turns":2},{"damage":0,"enemies":"3 Byrds","floor":21,"turns":4},{"damage":0,"enemies":"Centurion and Healer","floor":29,"turns":3},{"damage":10,"enemies":"Champ","floor":33,"turns":5},{"damage":0,"enemies":"3 Darklings","floor":35,"turns":2},{"damage":0,"enemies":"Orb Walker","floor":37,"turns":2},{"damage":5,"enemies":"Spire Growth","floor":38,"turns":3},{"damage":9,"enemies":"4 Shapes","floor":40,"turns":7},{"damage":0,"enemies":"Transient","floor":41,"turns":5},{"damage":30,"enemies":"Maw","floor":42,"turns":6},{"damage":29,"enemies":"4 Shapes","floor":45,"turns":4}],"seed_played":"-7701832670189107614","potions_obtained":[{"floor":5,"key":"CultistPotion"},{"floor":5,"key":"Fire Potion"},{"floor":5,"key":"ColorlessPotion"},{"floor":8,"key":"LiquidBronze"},{"floor":16,"key":"Weak Potion"},{"floor":29,"key":"StancePotion"},{"floor":33,"key":"Ambrosia"},{"floor":41,"key":"SkillPotion"}],"is_trial":false,"path_per_floor":["M","?","?","M","?","E","R","M","T","?","R","$","?","?","R","B",null,"M","$","?","M","?","R","?","R","T","$","R","M","R","?","R","B",null,"M","$","M","M","?","M","M","M","T","$","M"],"character_chosen":"WATCHER","items_purchased":["Madness"],"campfire_rested":1,"item_purchase_floors":[27],"current_hp_per_floor":[72,72,61,61,61,43,43,43,43,29,50,50,43,43,43,37,72,72,72,72,72,72,72,72,72,72,72,72,72,72,72,72,62,72,72,72,72,67,67,58,58,28,28,28,0,0],"gold":110,"neow_bonus":"REMOVE_TWO","is_daily":false,"chose_seed":false,"campfire_upgraded":7,"win_rate":0.0,"timestamp":1608241272,"path_taken":["M","?","?","M","?","E","R","?","T","?","R","$","?","?","R","BOSS","M","$","?","M","?","R","?","R","T","$","R","M","R","?","R","BOSS","M","$","M","M","?","M","M","M","T","$","?"],"items_purchased_type":["Card"],"build_version":"2020-12-13","purchased_purges":3,"victory":false,"max_hp_per_floor":[72,72,72,72,72,72,72,72,72,72,72,72,72,72,72,72,72,72,72,72,72,72,72,72,72,72,72,72,72,72,72,72,72,72,72,72,72,72,72,72,72,72,72,72,72,72],"relic_stats":{"counters":[16,66],"Blue Candle":[0],"Letter Opener":[0],"obtain_stats":[{"Runic Dome":17,"SlaversCollar":34,"HornCleat":9,"Blue Candle":26,"Oddly Smooth Stone":22,"Letter Opener":43,"PureWater":0,"Toxic Egg 2":31,"InkBottle":6},{"Runic Dome":5,"SlaversCollar":9,"HornCleat":4,"Blue Candle":7,"Oddly Smooth Stone":7,"Letter Opener":15,"PureWater":0,"Toxic Egg 2":8,"InkBottle":3},{"Runic Dome":23,"SlaversCollar":37,"HornCleat":15,"Blue Candle":29,"Oddly Smooth Stone":29,"Letter Opener":62,"PureWater":0,"Toxic Egg 2":32,"InkBottle":12}],"InkBottle":[18]},"card_choices":[{"not_picked":["Halt","WaveOfTheHand","Consecrate"],"picked":"SKIP","floor":1},{"not_picked":["Swivel","FollowUp","ClearTheMind"],"picked":"SKIP","floor":4},{"not_picked":["FollowUp","BattleHymn","ClearTheMind"],"picked":"SKIP","floor":6},{"not_picked":["Consecrate","SpiritShield","Halt"],"picked":"SKIP","floor":8},{"not_picked":["Omniscience","Vault"],"picked":"Blasphemy","floor":16},{"not_picked":["Protect+1","Prostrate+1","JustLucky"],"picked":"SKIP","floor":18},{"not_picked":["Prostrate","PathToVictory"],"picked":"CutThroughFate","floor":21},{"not_picked":["Consecrate","Crescendo","Swivel"],"picked":"SKIP","floor":29},{"not_picked":["Sanctity+1","SashWhip+1","DeceiveReality+1"],"picked":"SKIP","floor":35},{"not_picked":["ThirdEye+1","Halt+1","PathToVictory+1"],"picked":"SKIP","floor":37},{"not_picked":["WindmillStrike","Vengeance+1","ClearTheMind+1"],"picked":"SKIP","floor":38},{"not_picked":["BowlingBash","Wireheading","Tantrum+1"],"picked":"SKIP","floor":40},{"not_picked":["CrushJoints+1","JustLucky","ThirdEye+1"],"picked":"SKIP","floor":41},{"not_picked":["CrushJoints+1","JustLucky","ThirdEye+1"],"picked":"SKIP","floor":41},{"not_picked":["CrushJoints","Protect+1","Omniscience+1"],"picked":"SKIP","floor":42}],"player_experience":805144,"relics_obtained":[{"floor":6,"key":"InkBottle"},{"floor":9,"key":"HornCleat"},{"floor":26,"key":"Blue Candle"},{"floor":31,"key":"Toxic Egg 2"},{"floor":43,"key":"Letter Opener"}],"event_choices":[{"cards_removed":["Defend_P"],"damage_healed":0,"gold_gain":0,"player_choice":"Forget","damage_taken":0,"max_hp_gain":0,"max_hp_loss":0,"event_name":"Living Wall","floor":2,"gold_loss":0},{"damage_healed":0,"gold_gain":75,"player_choice":"Gold","damage_taken":11,"max_hp_gain":0,"max_hp_loss":0,"event_name":"betterThird:BetterGoop","floor":3,"gold_loss":0},{"damage_healed":0,"gold_gain":0,"player_choice":"Got Potions","damage_taken":0,"max_hp_gain":0,"max_hp_loss":0,"event_name":"Lab","floor":5,"gold_loss":0},{"damage_healed":43,"gold_gain":0,"player_choice":"Upgrade","damage_taken":14,"max_hp_gain":0,"max_hp_loss":72,"event_name":"betterThird:BetterShining","floor":10,"gold_loss":0,"cards_upgraded":["Strike_P","Vigilance"]},{"cards_removed":["Defend_P"],"damage_healed":0,"gold_gain":0,"player_choice":"Card Removal","damage_taken":7,"max_hp_gain":0,"max_hp_loss":0,"event_name":"Golden Wing","floor":13,"gold_loss":0},{"damage_healed":0,"gold_gain":0,"player_choice":"Forge","damage_taken":0,"max_hp_gain":0,"max_hp_loss":0,"event_name":"Accursed Blacksmith","floor":14,"gold_loss":0,"cards_upgraded":["Strike_P"]},{"damage_healed":0,"gold_gain":0,"player_choice":"Ignored","damage_taken":0,"max_hp_gain":0,"max_hp_loss":0,"event_name":"The Mausoleum","floor":20,"gold_loss":0},{"damage_healed":0,"gold_gain":0,"player_choice":"Obtained Relic","damage_taken":0,"relics_obtained":["Oddly Smooth Stone"],"max_hp_gain":0,"max_hp_loss":0,"event_name":"Addict","floor":22,"gold_loss":85},{"damage_healed":0,"gold_gain":0,"cards_transformed":["Strike_P","Strike_P"],"player_choice":"Became Test Subject","damage_taken":0,"max_hp_gain":0,"max_hp_loss":0,"event_name":"Drug Dealer","floor":24,"gold_loss":0,"cards_obtained":["Weave","Tantrum"]},{"damage_healed":0,"gold_gain":0,"player_choice":"Relic","damage_taken":0,"max_hp_gain":0,"max_hp_loss":0,"event_name":"Wheel of Change","floor":31,"gold_loss":0},{"damage_healed":0,"gold_gain":0,"player_choice":"Bought 0 Potions","damage_taken":0,"max_hp_gain":0,"max_hp_loss":0,"event_name":"The Woman in Blue","floor":39,"gold_loss":0}],"is_beta":false,"boss_relics":[{"not_picked":["Ectoplasm","Velvet Choker"],"picked":"Runic Dome"},{"not_picked":["Sozu","Pandora\u0027s Box"],"picked":"SlaversCollar"}],"items_purged_floors":[12,19,36],"is_endless":false,"potions_floor_spawned":[8,16,29,33,41,42],"killed_by":"4 Shapes","ascension_level":0}}