{"host":"by3dnjj711vo194a","time":1608185074,"event":{"mods":["2.2 Compatiblity","AchievementEnabler","BaseMod","Colored Map","DeckTracker","KOR Keyword Fix","Keyboard Shortcuts","Minty Spire (QoL Compilation)","Permanent Neow","Quick Restart","StSLib","SuperFastMode","everything is the same but u backflip on backflip"],"gold_per_floor":[115,135,135,145,159,184,184,196,249,263,263,288,303,314,314,410,410,421,432,445,463,475,502,502,530,553,553,365,465,479,479,479,575,575,594,594,594,594,594,626,639,639,639,673,673,693,722,738,738,738,738,738,738,770,770],"floor_reached":56,"playtime":1499,"items_purged":[],"score":2022,"play_id":"bc3a8939-d18b-4920-835e-8b4a0e71a66a","local_time":"20201217150434","is_ascension_mode":true,"campfire_choices":[{"data":"Flash of Steel","floor":7.0,"key":"SMITH"},{"floor":15.0,"key":"REST"},{"floor":24.0,"key":"RECALL"},{"floor":27.0,"key":"REST"},{"floor":32.0,"key":"REST"},{"floor":42.0,"key":"REST"},{"floor":49.0,"key":"REST"},{"floor":52.0,"key":"REST"}],"circlet_count":0,"master_deck":["Flash of Steel+1","Flash of Steel+1","Flex+1"],"relics":["Unceasing Top","TheAbacus","MealTicket","Medical Kit"],"acts_visited":["Exordium","TheCity","TheBeyond","TheEnding"],"potions_floor_usage":[55],"damage_taken":[{"damage":0.0,"enemies":"Jaw Worm","floor":1.0,"turns":1.0},{"damage":0.0,"enemies":"Cultist","floor":2.0,"turns":1.0},{"damage":8.0,"enemies":"2 Louse","floor":4.0,"turns":2.0},{"damage":0.0,"enemies":"Large Slime","floor":5.0,"turns":1.0},{"damage":0.0,"enemies":"3 Sentries","floor":6.0,"turns":1.0},{"damage":0.0,"enemies":"2 Fungi Beasts","floor":8.0,"turns":1.0},{"damage":0.0,"enemies":"Exordium Thugs","floor":10.0,"turns":1.0},{"damage":0.0,"enemies":"Gremlin Nob","floor":12.0,"turns":1.0},{"damage":0.0,"enemies":"Looter","floor":13.0,"turns":1.0},{"damage":0.0,"enemies":"3 Louse","floor":14.0,"turns":1.0},{"damage":0.0,"enemies":"Slime Boss","floor":16.0,"turns":1.0},{"damage":0.0,"enemies":"Spheric Guardian","floor":18.0,"turns":1.0},{"damage":0.0,"enemies":"2 Thieves","floor":19.0,"turns":1.0},{"damage":0.0,"enemies":"Snecko","floor":20.0,"turns":1.0},{"damage":0.0,"enemies":"Centurion and Healer","floor":21.0,"turns":1.0},{"damage":0.0,"enemies":"Snake Plant","floor":22.0,"turns":1.0},{"damage":0.0,"enemies":"Slavers","floor":23.0,"turns":1.0},{"damage":0.0,"enemies":"Gremlin Leader","floor":25.0,"turns":1.0},{"damage":0.0,"enemies":"Colosseum Slavers","floor":29.0,"turns":1.0},{"damage":0.0,"enemies":"Colosseum Nobs","floor":29.0,"turns":1.0},{"damage":0.0,"enemies":"Shelled Parasite and Fungi","floor":30.0,"turns":1.0},{"damage":0.0,"enemies":"Champ","floor":33.0,"turns":1.0},{"damage":0.0,"enemies":"3 Shapes","floor":35.0,"turns":1.0},{"damage":0.0,"enemies":"Orb Walker","floor":37.0,"turns":1.0},{"damage":0.0,"enemies":"Reptomancer","floor":40.0,"turns":1.0},{"damage":0.0,"enemies":"4 Shapes","floor":41.0,"turns":1.0},{"damage":0.0,"enemies":"Giant Head","floor":44.0,"turns":1.0},{"damage":0.0,"enemies":"Jaw Worm Horde","floor":46.0,"turns":1.0},{"damage":0.0,"enemies":"Nemesis","floor":47.0,"turns":1.0},{"damage":0.0,"enemies":"Maw","floor":48.0,"turns":1.0},{"damage":0.0,"enemies":"Awakened One","floor":50.0,"turns":2.0},{"damage":0.0,"enemies":"Shield and Spear","floor":54.0,"turns":1.0},{"damage":65,"enemies":"The Heart","floor":55,"turns":4}],"seed_played":"-4366379476936035716","potions_obtained":[{"floor":2.0,"key":"Dexterity Potion"},{"floor":5.0,"key":"ElixirPotion"},{"floor":8.0,"key":"SkillPotion"},{"floor":44.0,"key":"Fire Potion"}],"is_trial":false,"path_per_floor":["M","M","?","M","M","E","R","M","T","M","$","E","M","M","R","B",null,"M","M","M","M","M","E","R","E","T","R","$","?","M","?","R","B",null,"M","?","M","$","?","E","M","R","T","E","?","M","E","M","R","B",null,"R","$","E","B",null],"character_chosen":"IRONCLAD","items_purchased":["Flex","War Paint"],"campfire_rested":6,"item_purchase_floors":[28,28],"current_hp_per_floor":[80,80,80,72,72,72,72,72,72,72,72,72,72,72,80,80,80,80,80,80,80,80,80,80,80,80,80,80,80,80,65,85,85,85,85,85,85,85,85,85,85,85,85,85,81,81,81,81,81,81,81,81,81,81,16],"gold":770,"neow_bonus":"BOSS_RELIC","is_daily":false,"chose_seed":false,"campfire_upgraded":1,"win_rate":0.0,"timestamp":1608185074,"path_taken":["M","M","?","?","M","E","R","M","T","M","$","E","M","M","R","BOSS","M","M","M","M","M","E","R","E","T","R","$","?","M","?","R","BOSS","M","?","M","$","?","E","M","R","T","E","?","M","E","M","R","BOSS","R","$","E","BOSS"],"items_purchased_type":["Card","Relic"],"build_version":"2020-12-13","purchased_purges":0,"victory":true,"max_hp_per_floor":[80,80,80,80,80,80,80,80,80,80,80,80,80,80,80,80,80,80,80,80,80,80,80,80,80,80,80,80,80,80,85,85,85,85,85,85,85,85,85,85,85,85,85,85,81,81,81,81,81,81,81,81,81,81,81],"card_choices":[{"not_picked":["True Grit","Seeing Red","Body Slam"],"picked":"SKIP","floor":1.0},{"not_picked":["True Grit","Thunderclap","Clothesline"],"picked":"SKIP","floor":2.0},{"not_picked":["Perfected Strike","Pummel","Sword Boomerang"],"picked":"SKIP","floor":4.0},{"not_picked":["Pommel Strike","Hemokinesis","Perfected Strike"],"picked":"SKIP","floor":5.0},{"not_picked":["Twin Strike","Anger","Immolate"],"picked":"SKIP","floor":6.0},{"not_picked":["Sentinel","Wild Strike","Battle Trance"],"picked":"SKIP","floor":8.0},{"not_picked":["Power Through","Havoc","Wild Strike"],"picked":"SKIP","floor":10.0},{"not_picked":["Armaments","Second Wind","Pommel Strike"],"picked":"SKIP","floor":12.0},{"not_picked":["Heavy Blade","Reckless Charge","Sword Boomerang"],"picked":"SKIP","floor":13.0},{"not_picked":["Seeing Red","Wild Strike","Ghostly Armor"],"picked":"SKIP","floor":14.0},{"not_picked":["True Grit","Perfected Strike","Uppercut"],"picked":"SKIP","floor":18.0},{"not_picked":["Sentinel","Wild Strike","Ghostly Armor"],"picked":"SKIP","floor":19.0},{"not_picked":["Clothesline","Flex","Shrug It Off"],"picked":"SKIP","floor":20.0},{"not_picked":["Dropkick","Twin Strike","Intimidate"],"picked":"SKIP","floor":21.0},{"not_picked":["Body Slam","Clash+1","Armaments"],"picked":"SKIP","floor":22.0},{"not_picked":["Warcry","Pummel","Sentinel+1"],"picked":"SKIP","floor":23.0},{"not_picked":["Power Through","Cleave","Whirlwind"],"picked":"SKIP","floor":25.0},{"not_picked":["Dual Wield","Blood for Blood","Sentinel+1"],"picked":"SKIP","floor":30.0},{"not_picked":["Twin Strike+1","Havoc+1","Warcry+1"],"picked":"SKIP","floor":35.0},{"not_picked":["Wild Strike","Blood for Blood","Dual Wield"],"picked":"SKIP","floor":37.0},{"not_picked":["Searing Blow","Clash+1","Sentinel"],"picked":"SKIP","floor":40.0},{"not_picked":["Sentinel+1","Warcry","Shrug It Off+1"],"picked":"SKIP","floor":41.0},{"not_picked":["Sword Boomerang+1","Thunderclap","Armaments"],"picked":"SKIP","floor":44.0},{"not_picked":["Bloodletting","Havoc+1","Sword Boomerang+1"],"picked":"SKIP","floor":46.0},{"not_picked":["Armaments","Juggernaut","Sentinel"],"picked":"SKIP","floor":47.0},{"not_picked":["Flex","Shrug It Off","Sever Soul+1"],"picked":"SKIP","floor":48.0},{"not_picked":["Armaments","Headbutt","Clash+1"],"picked":"SKIP","floor":54.0}],"player_experience":137280,"relics_obtained":[{"floor":6.0,"key":"Juzu Bracelet"},{"floor":9.0,"key":"Pen Nib"},{"floor":23.0,"key":"Centennial Puzzle"},{"floor":29.0,"key":"Calipers"},{"floor":29.0,"key":"Letter Opener"},{"floor":44.0,"key":"Bronze Scales"}],"event_choices":[{"cards_removed":["Flash of Steel"],"damage_healed":0.0,"max_hp_gain":0.0,"max_hp_loss":0.0,"gold_gain":0.0,"event_name":"Wheel of Change","player_choice":"Card Removal","floor":3.0,"gold_loss":0.0,"damage_taken":0.0},{"damage_healed":0.0,"max_hp_gain":0.0,"max_hp_loss":0.0,"gold_gain":0.0,"event_name":"Colosseum","player_choice":"Fight","floor":29.0,"gold_loss":0.0,"damage_taken":0.0},{"damage_healed":0.0,"max_hp_gain":0.0,"max_hp_loss":0.0,"gold_gain":0.0,"event_name":"Colosseum","player_choice":"Fought Nobs","floor":29.0,"gold_loss":0.0,"damage_taken":0.0},{"damage_healed":0.0,"max_hp_gain":5.0,"max_hp_loss":0.0,"gold_gain":0.0,"event_name":"Forgotten Altar","player_choice":"Shed Blood","floor":31.0,"gold_loss":0.0,"damage_taken":20.0},{"damage_healed":0.0,"max_hp_gain":0.0,"max_hp_loss":0.0,"gold_gain":0.0,"event_name":"Mysterious Sphere","player_choice":"Ignored","floor":36.0,"gold_loss":0.0,"damage_taken":0.0},{"damage_healed":0.0,"max_hp_gain":0.0,"max_hp_loss":0.0,"gold_gain":0.0,"event_name":"SensoryStone","player_choice":"Memory 1","floor":39.0,"gold_loss":0.0,"damage_taken":0.0},{"damage_healed":0.0,"max_hp_gain":0.0,"max_hp_loss":4.0,"gold_gain":0.0,"event_name":"Winding Halls","player_choice":"Max HP","floor":45.0,"gold_loss":0.0,"damage_taken":0.0}],"is_beta":false,"boss_relics":[{"not_picked":["Mark of Pain","Runic Cube","Philosopher\u0027s Stone"]},{"not_picked":["Fusion Hammer","Calling Bell","Snecko Eye"]}],"items_purged_floors":[],"is_endless":false,"potions_floor_spawned":[2,5,8,13,18,20,23,25,33,40,44,46,48],"ascension_level":4}}