{"host":"zi8o4akxlgxypwgb","time":1608225705,"event":{"mods":["BaseMod","Minty Spire (QoL Compilation)","Replay The Spire","StSLib","SuperFastMode"],"gold_per_floor":[109,109,120,73,83,83,83,113,113,139,155,172,172,198,198,198,198],"floor_reached":16,"playtime":924,"items_purged":[],"score":184,"play_id":"0135e9b3-b2ab-43ac-9970-00bdc8a1eecb","local_time":"20201218012145","is_ascension_mode":true,"campfire_choices":[{"data":"ReplayTheSpireMod:Limb From Limb","floor":6,"key":"SMITH"},{"data":"Perfected Strike","floor":13,"key":"SMITH"},{"floor":15,"key":"DIG"}],"circlet_count":0,"master_deck":["Strike_R","Strike_R","Strike_R","Strike_R","Strike_R","Defend_R","Defend_R","Defend_R","Bash","ReplayTheSpireMod:Limb From Limb+1","Iron Wave","Wild Strike","Carnage+1","Wild Strike","Cleave","Perfected Strike+1","Thunderclap"],"relics":["Burning Blood","Ginger","Incense Burner","Paper Frog","Nunchaku","Orichalcum","Eternal Feather"],"acts_visited":[],"potions_floor_usage":[10,16,16,16],"damage_taken":[{"damage":9,"enemies":"Jaw Worm","floor":1,"turns":3},{"damage":1,"enemies":"Cultist","floor":3,"turns":3},{"damage":0,"enemies":"2 Louse","floor":5,"turns":2},{"damage":35,"enemies":"Lagavulin","floor":8,"turns":4},{"damage":40,"enemies":"3 Sentries","floor":10,"turns":7},{"damage":8,"enemies":"Red Slaver","floor":11,"turns":3},{"damage":1,"enemies":"Exordium Thugs","floor":12,"turns":3},{"damage":11,"enemies":"The Guardian","floor":16,"turns":8}],"seed_played":"2654841314731207263","potions_obtained":[{"floor":1,"key":"Weak Potion"},{"floor":8,"key":"PowerPotion"},{"floor":10,"key":"Swift Potion"},{"floor":12,"key":"Weak Potion"}],"is_trial":false,"path_per_floor":["M","?","M","$","M","R","?","E","T","E","M","M","R","T","R","B"],"character_chosen":"IRONCLAD","items_purchased":["Wild Strike"],"campfire_rested":0,"item_purchase_floors":[4],"current_hp_per_floor":[69,69,72,72,72,72,72,43,43,9,7,12,12,12,12,1,1],"gold":198,"neow_bonus":"ONE_RARE_RELIC","is_daily":false,"chose_seed":false,"campfire_upgraded":2,"win_rate":0.0,"timestamp":1608225705,"path_taken":["M","?","M","?","M","R","?","E","T","E","?","M","R","?","R","BOSS"],"items_purchased_type":["Card"],"build_version":"2020-12-13","purchased_purges":0,"victory":false,"max_hp_per_floor":[72,72,72,72,72,72,72,72,72,72,72,72,72,72,72,72,72],"card_choices":[{"not_picked":["Entrench","Replay:Undeath\u0027s Touch"],"picked":"ReplayTheSpireMod:Limb From Limb","floor":1},{"not_picked":["Metallicize","Heavy Blade"],"picked":"Iron Wave","floor":3},{"not_picked":["Feel No Pain","ReplayTheSpireMod:Strike From Hell"],"picked":"Carnage","floor":5},{"not_picked":["Clothesline","Rampage"],"picked":"Wild Strike","floor":8},{"not_picked":["Hemokinesis","Intimidate"],"picked":"Cleave","floor":10},{"not_picked":["Havoc","Wild Strike"],"picked":"Perfected Strike","floor":11},{"not_picked":["True Grit","Evolve"],"picked":"Thunderclap","floor":12}],"player_experience":347286,"relics_obtained":[{"floor":8,"key":"Incense Burner"},{"floor":9,"key":"Paper Frog"},{"floor":10,"key":"Nunchaku"},{"floor":14,"key":"Orichalcum"},{"floor":15,"key":"Eternal Feather"}],"event_choices":[{"cards_removed":["Defend_R"],"damage_healed":0,"gold_gain":0,"player_choice":"Offered Basic","damage_taken":0,"max_hp_gain":0,"max_hp_loss":0,"event_name":"Bonfire Elementals","floor":2,"gold_loss":0},{"damage_healed":0,"gold_gain":0,"player_choice":"Upgraded","damage_taken":0,"max_hp_gain":0,"max_hp_loss":0,"event_name":"Upgrade Shrine","floor":7,"gold_loss":0,"cards_upgraded":["Carnage"]}],"is_beta":false,"boss_relics":[],"items_purged_floors":[],"is_endless":false,"potions_floor_spawned":[1,8,10,12],"killed_by":"The Guardian","ascension_level":3}}