{"host":"szbnbddwah33j004","time":1608186952,"event":{"mods":["2.2 Compatiblity","AchievementEnabler","Act Like it!","BaseMod","BetterRewards","Colored Map","Energized Spire","Hubris","Minty Spire (QoL Compilation)","StSLib","Strawberry Spire"],"gold_per_floor":[113,126,76,87,104,134,134,134,134,34,51,51,30,50,50,152,152,172,192,192,112,112,112,138,152,198,53,64,64,83,83,83,184,184,204,0,0,18,18,18,18,18,18,18,18,34,34,46,46,46,46],"floor_reached":50,"playtime":4763,"items_purged":[],"score":800,"play_id":"c9ca9abf-031f-4f15-9e93-ae456525c2a5","local_time":"20201217003552","is_ascension_mode":false,"campfire_choices":[{"data":"Apotheosis","floor":7,"key":"SMITH"},{"data":"Establishment","floor":15,"key":"SMITH"},{"data":"Judgement","floor":23,"key":"SMITH"},{"floor":32,"key":"REST"},{"floor":40,"key":"REST"},{"floor":42,"key":"REST"},{"data":"Jack Of All Trades","floor":45,"key":"SMITH"},{"data":"Jack Of All Trades","floor":49,"key":"SMITH"}],"circlet_count":0,"master_deck":["Judgement+1","Strike_P","Strike_P","Strike_P","Defend_P","Defend_P","Defend_P","Defend_P","Eruption","Vigilance","Regret","Apotheosis+1","Crescendo","FollowUp","ClearTheMind","Pray","Regret","WheelKick+1","Establishment+1","SandsOfTime+1","Omniscience","SashWhip+1","ReachHeaven+1","Pray","Adaptation","SandsOfTime+1","SandsOfTime+1","SandsOfTime+1","SandsOfTime+1","SandsOfTime+1","LikeWater","CutThroughFate+1","Brilliance+1","Protect+1","Enlightenment","Jack Of All Trades+1","Panache","FlurryOfBlows+1","FlurryOfBlows+1","FlurryOfBlows+1","Judgement+1","Judgement+1","Strike_P+1","Strike_P+1","Strike_P+1","Strike_P+1","Strike_P+1","Strike_P+1","Defend_P","Defend_P","Defend_P","Defend_P","Defend_P","Defend_P","Defend_P","Defend_P","Eruption+1","Eruption+1","Vigilance","Vigilance","Regret","Regret","Apotheosis+1","Apotheosis+1","Crescendo","Crescendo","FollowUp+1","FollowUp+1","ClearTheMind","ClearTheMind","Pray","Pray","Regret","Regret","WheelKick+1","WheelKick+1","Establishment+1","Establishment+1","SandsOfTime+1","SandsOfTime+1","Omniscience","Omniscience","SashWhip+1","SashWhip+1","ReachHeaven+1","ReachHeaven+1","Pray","Pray","Adaptation","Adaptation","SandsOfTime+1","SandsOfTime+1","SandsOfTime+1","SandsOfTime+1","SandsOfTime+1","SandsOfTime+1","SandsOfTime+1","SandsOfTime+1","SandsOfTime+1","SandsOfTime+1","LikeWater","LikeWater","CutThroughFate+1","CutThroughFate+1","Brilliance+1","Brilliance+1","Protect+1","Protect+1","Enlightenment","Enlightenment","Jack Of All Trades","Jack Of All Trades+1","Panache","Panache","FlurryOfBlows+1","FlurryOfBlows+1","FlurryOfBlows+1","FlurryOfBlows+1","FlurryOfBlows+1","FlurryOfBlows+1","WaveOfTheHand+1"],"relics":["PureWater","hubris:Reverence","hubris:TenFootPole","Pear","hubris:Icosahedron","Molten Egg 2","strawberrySpire:SolarisEssence","strawberrySpire:TannedGloves","Ancient Tea Set","Bottled Flame","Centennial Puzzle","strawberrySpire:BrokenPrinter","strawberrySpire:DirtyLipstick","hubris:HollowSoul","Medical Kit","strawberrySpire:PoopsieRoll"],"acts_visited":["Exordium","TheCity","TheBeyond"],"potions_floor_usage":[6,6,6,16,33,38,41,46,48],"damage_taken":[{"damage":0,"enemies":"2 Louse","floor":1,"turns":1},{"damage":4,"enemies":"Small Slimes","floor":2,"turns":2},{"damage":8,"enemies":"Jaw Worm","floor":4,"turns":3},{"damage":3,"enemies":"3 Louse","floor":5,"turns":3},{"damage":2,"enemies":"3 Sentries","floor":6,"turns":4},{"damage":12,"enemies":"Blue Slaver","floor":11,"turns":3},{"damage":0,"enemies":"Gremlin Nob","floor":13,"turns":2},{"damage":0,"enemies":"Looter","floor":14,"turns":1},{"damage":48,"enemies":"Hexaghost","floor":16,"turns":5},{"damage":26,"enemies":"Chosen","floor":18,"turns":3},{"damage":28,"enemies":"Spheric Guardian","floor":19,"turns":4},{"damage":25,"enemies":"Book of Stabbing","floor":24,"turns":4},{"damage":16,"enemies":"Centurion and Healer","floor":25,"turns":3},{"damage":9,"enemies":"3 Cultists","floor":28,"turns":3},{"damage":14,"enemies":"Cultist and Chosen","floor":30,"turns":3},{"damage":51,"enemies":"Automaton","floor":33,"turns":5},{"damage":7,"enemies":"Orb Walker","floor":35,"turns":2},{"damage":20,"enemies":"3 Darklings","floor":38,"turns":3},{"damage":9,"enemies":"Reptomancer","floor":41,"turns":2},{"damage":46,"enemies":"Writhing Mass","floor":46,"turns":3},{"damage":15,"enemies":"Jaw Worm Horde","floor":48,"turns":3},{"damage":20,"enemies":"Donu and Deca","floor":50,"turns":1}],"seed_played":"-7477520199373146089","potions_obtained":[{"floor":2,"key":"StancePotion"},{"floor":4,"key":"EntropicBrew"},{"floor":14,"key":"AttackPotion"},{"floor":24,"key":"Swift Potion"},{"floor":33,"key":"LiquidBronze"},{"floor":46,"key":"DistilledChaos"}],"is_trial":false,"path_per_floor":["M","M","?","M","M","E","R","?","T","$","M","?","E","M","R","B",null,"M","M","?","?","T","R","E","M","T","$","M","?","M","?","R","B",null,"M","$","?","M","?","R","E","R","T","$","R","M","?","M","R","B"],"character_chosen":"WATCHER","items_purchased":["FairyPotion","strawberrySpire:BrokenPrinter","Medical Kit","AttackPotion"],"campfire_rested":3,"item_purchase_floors":[10,27,36,36],"current_hp_per_floor":[72,68,68,60,57,55,55,55,65,65,53,53,53,53,53,5,82,56,28,28,69,69,69,44,28,28,28,19,19,5,5,29,4,82,75,75,70,50,36,60,51,75,75,75,75,29,72,57,57,0,0],"gold":46,"neow_bonus":"RANDOM_COLORLESS_2","is_daily":false,"chose_seed":false,"campfire_upgraded":5,"win_rate":0.0,"timestamp":1608186952,"path_taken":["M","M","?","M","M","E","R","?","T","$","M","?","E","M","R","BOSS","M","M","?","?","?","R","E","M","T","$","M","?","M","?","R","BOSS","M","$","?","M","?","R","E","R","T","?","R","?","?","M","R","BOSS"],"items_purchased_type":["Potion","Relic","Relic","Potion"],"build_version":"2020-12-13","purchased_purges":0,"victory":false,"max_hp_per_floor":[72,72,72,72,72,72,72,72,82,82,82,82,82,82,82,82,82,82,82,82,82,82,82,82,82,82,82,82,82,82,82,82,82,82,82,82,82,82,82,82,82,82,82,82,82,82,72,72,72,72,72],"card_choices":[{"not_picked":["Master of Strategy","strawberrySpire:Flashback"],"picked":"Apotheosis","floor":0},{"not_picked":["BowlingBash","ClearTheMind"],"picked":"Crescendo","floor":1},{"not_picked":["CrushJoints","LikeWater"],"picked":"FollowUp","floor":2},{"not_picked":["SashWhip","FlyingSleeves"],"picked":"ClearTheMind","floor":4},{"not_picked":["ClearTheMind","WheelKick"],"picked":"Consecrate","floor":5},{"not_picked":["ThirdEye","DeusExMachina"],"picked":"Pray","floor":6},{"not_picked":["EmptyBody","Evaluate"],"picked":"WheelKick","floor":11},{"not_picked":["BowlingBash+1","Adaptation"],"picked":"Establishment","floor":13},{"not_picked":["Protect","Perseverance"],"picked":"SandsOfTime+1","floor":14},{"not_picked":["Brilliance+1","LessonLearned+1"],"picked":"Omniscience","floor":16},{"not_picked":["FlurryOfBlows+1","CutThroughFate+1"],"picked":"SashWhip+1","floor":18},{"not_picked":["Sanctity+1","TalkToTheHand+1"],"picked":"ReachHeaven+1","floor":19},{"not_picked":["Judgement","BattleHymn"],"picked":"Pray","floor":24},{"not_picked":["EmptyMind","PathToVictory+1"],"picked":"Adaptation","floor":25},{"not_picked":["Protect","JustLucky+1"],"picked":"LikeWater","floor":28},{"not_picked":["ClearTheMind+1","EmptyBody"],"picked":"CutThroughFate+1","floor":30},{"not_picked":["Ragnarok+1","Judgement"],"picked":"Brilliance+1","floor":33},{"not_picked":["FlyingSleeves+1","CrushJoints+1"],"picked":"Protect+1","floor":35},{"not_picked":["strawberrySpire:NeglectedBlade+1","Good Instincts"],"picked":"Enlightenment","floor":37},{"not_picked":["Mayhem","Forethought"],"picked":"Jack Of All Trades","floor":37},{"not_picked":["strawberrySpire:NeglectedBlade+1","Enlightenment"],"picked":"Panache","floor":37},{"not_picked":["CutThroughFate+1","JustLucky+1"],"picked":"FlurryOfBlows+1","floor":38},{"not_picked":["Protect","EmptyMind+1"],"picked":"WaveOfTheHand+1","floor":46},{"not_picked":["SashWhip+1","BowlingBash+1","CarveReality+1"],"picked":"SKIP","floor":48}],"player_experience":52921,"relics_obtained":[{"floor":6,"key":"hubris:Reverence"},{"floor":9,"key":"Pear"},{"floor":13,"key":"Molten Egg 2"},{"floor":22,"key":"Ancient Tea Set"},{"floor":24,"key":"Bottled Flame"},{"floor":26,"key":"Centennial Puzzle"},{"floor":43,"key":"strawberrySpire:PoopsieRoll"}],"event_choices":[{"cards_removed":["Strike_P"],"damage_healed":0,"gold_gain":0,"player_choice":"Card Removal","damage_taken":0,"max_hp_gain":0,"max_hp_loss":0,"event_name":"The Cleric","floor":3,"gold_loss":50},{"damage_healed":0,"gold_gain":0,"player_choice":"Box","damage_taken":0,"relics_obtained":["hubris:TenFootPole"],"max_hp_gain":0,"max_hp_loss":0,"event_name":"Big Fish","floor":8,"gold_loss":0,"cards_obtained":["Regret"]},{"damage_healed":0,"gold_gain":0,"player_choice":"Opened","damage_taken":0,"relics_obtained":["strawberrySpire:DirtyLipstick"],"max_hp_gain":0,"max_hp_loss":0,"event_name":"The Mausoleum","floor":29,"gold_loss":0},{"damage_healed":0,"gold_gain":0,"player_choice":"Memory 3","damage_taken":10,"max_hp_gain":0,"max_hp_loss":0,"event_name":"SensoryStone","floor":37,"gold_loss":0},{"damage_healed":72,"gold_gain":0,"player_choice":"Heal","damage_taken":0,"max_hp_gain":0,"max_hp_loss":10,"event_name":"The Moai Head","floor":47,"gold_loss":0}],"is_beta":false,"boss_relics":[{"not_picked":["strawberrySpire:JuiceKeg","SacredBark"],"picked":"strawberrySpire:SolarisEssence"},{"not_picked":["hubris:Stopwatch","Snecko Eye"],"picked":"hubris:HollowSoul"}],"items_purged_floors":[],"is_endless":false,"potions_floor_spawned":[2,4,13,14,24,30,33,46],"killed_by":"Donu and Deca","ascension_level":0}}