{"host":"ocy7z4248lncoz2b","time":1608208728,"event":{"mods":["BaseMod","Beaked The Cultist","Better Match","Better Sensory Stone","Better Third Choice","BetterRewards","Colored Powertips","Conspire","Downfall","Friendly Minions","Highlight Path","Hubris","Infinite Spire","Marisa????????","Mimic Mod","Minty Spire (QoL Compilation)","READ ME - Guardian Mod","Replay The Spire","Shop Mod","Spicy Shops","Spikes Relics","StSLib","SuperFastMode","The Blue Laboratory","The Construct","The Jungle"],"gold_per_floor":[0,14,14,32,63,78,131,169,197,209,42,69,101,101,130,227,227,227,262,9,52,52,52,98,149,149,213,276,92,159,89,104,280,280,280,325,128,181,238,420,444,525,581,581,620,647,678,729,868,868],"floor_reached":51,"playtime":8200,"items_purged":["ReplayTheSpireMod:Splinters","Strike_MRS"],"score":1042,"play_id":"c61f1c63-c703-48d9-aef9-d8b1f2cee149","local_time":"20201217213848","is_ascension_mode":true,"campfire_choices":[{"data":"Strike_MRS","floor":1,"key":"PURGE"},{"data":"StarDustReverie","floor":3,"key":"SMITH"},{"data":"SprinkleStarSeal","floor":10,"key":"SMITH"},{"data":"conspire:Banana","floor":18,"key":"SMITH"},{"data":"UltimateShortwave","floor":22,"key":"SMITH"},{"data":"Replay:Fractal Strike","floor":26,"key":"SMITH"},{"data":"Pot Of Greed","floor":35,"key":"SMITH"},{"data":"BinaryStars","floor":44,"key":"SMITH"}],"circlet_count":0,"master_deck":["Strike_MRS","Strike_MRS","Defend_MRS","Defend_MRS","Defend_MRS","Defend_MRS","MasterSpark","UpSweep","StarDustReverie+1","AsteroidBelt","SprinkleStarSeal","GalacticHalo","AlicesGift","SprinkleStarSeal+1","GrandCross","conspire:Banana+1","WitchOfGreed","StarlightTyphoon","AlicesGift","MaximisePower","OpenUniverse","Robbery","Replay:Fractal Strike+1","BlazeAway+1","hubris:DuctTapeCard","MilkyWay","Robbery","MilkyWay","Orbital","Pot Of Greed","Pot Of Greed","Pot Of Greed+1","expansioncontent:StudyTheSpire","DoubleSpark+1","Sharp Hide","RefractionSpark","CasketOfStar","FairyDestructionRay+1","Pot Of Greed","DarkMatter+1","SuperPerseids","OortCloud+1","BinaryStars+1","MeteoricShower"],"relics":["MiniHakkero","Lantern","PreservedInsect","conspire:RunicOctahedron","infinitespire:CheckeredPen","ChewingGum","Replay:Lucky Slots","Anchor","Replay:Rubber Ducky","Blood Vial","MerchantsRug","Grinning Jar","FossilizedHelix","SpikesRelics:DaevaFist","Gambling Chip","conspire:Dentures","Calipers"],"acts_visited":["Exordium","TheCity","TheBeyond"],"potions_floor_usage":[12,13,13,15,15,16,16,20,25,25,27,27,27,32,32,32,33,36,38,42,43,43,45,49,50,50,50],"damage_taken":[{"damage":5,"enemies":"Cultist","floor":2,"turns":4},{"damage":3,"enemies":"2 Louse","floor":4,"turns":2},{"damage":10,"enemies":"Lagavulin","floor":5,"turns":6},{"damage":3,"enemies":"Small Slimes","floor":6,"turns":3},{"damage":9,"enemies":"3 Sentries","floor":8,"turns":10},{"damage":0,"enemies":"3 Louse","floor":9,"turns":2},{"damage":0,"enemies":"downfall:FleeingMerchant","floor":11,"turns":4},{"damage":18,"enemies":"Exordium Thugs","floor":12,"turns":6},{"damage":5,"enemies":"Exordium Wildlife","floor":13,"turns":4},{"damage":0,"enemies":"2 Fungi Beasts","floor":15,"turns":2},{"damage":19,"enemies":"downfall:Ironclad","floor":16,"turns":8},{"damage":21,"enemies":"Shell Parasite","floor":19,"turns":6},{"damage":5,"enemies":"downfall:FleeingMerchant","floor":20,"turns":4},{"damage":20,"enemies":"Snecko","floor":21,"turns":5},{"damage":20,"enemies":"Slavers","floor":25,"turns":3},{"damage":11,"enemies":"conspire:Head Lice","floor":27,"turns":6},{"damage":0,"enemies":"downfall:FleeingMerchant","floor":29,"turns":2},{"damage":0,"enemies":"3 Cultists","floor":30,"turns":4},{"damage":0,"enemies":"Snake Plant","floor":32,"turns":2},{"damage":19,"enemies":"downfall:Silent","floor":33,"turns":7},{"damage":8,"enemies":"3 Darklings","floor":36,"turns":3},{"damage":23,"enemies":"3 Shapes","floor":38,"turns":3},{"damage":13,"enemies":"Spire Growth","floor":39,"turns":5},{"damage":0,"enemies":"Giant Head","floor":40,"turns":4},{"damage":0,"enemies":"Mind Bloom Boss Battle","floor":42,"turns":7},{"damage":0,"enemies":"Nemesis","floor":43,"turns":5},{"damage":0,"enemies":"Transient","floor":45,"turns":5},{"damage":0,"enemies":"Sphere and 2 Shapes","floor":46,"turns":1},{"damage":0,"enemies":"Writhing Mass","floor":47,"turns":3},{"damage":0,"enemies":"Transient","floor":48,"turns":5},{"damage":0,"enemies":"Transient","floor":49,"turns":5},{"damage":1,"enemies":"downfall:Defect","floor":50,"turns":5}],"seed_played":"677737583550262081","potions_obtained":[{"floor":8,"key":"blueLaboratory:NullPotion"},{"floor":9,"key":"SteroidPotion"},{"floor":12,"key":"Energy Potion"},{"floor":12,"key":"SkillPotion"},{"floor":13,"key":"Toxic Potion"},{"floor":13,"key":"blueLaboratory:EmptyBottle"},{"floor":15,"key":"blueLaboratory:NullPotion"},{"floor":19,"key":"Fire Potion"},{"floor":19,"key":"Elixir"},{"floor":20,"key":"Dexterity Potion"},{"floor":21,"key":"SteroidPotion"},{"floor":21,"key":"Elixir"},{"floor":25,"key":"blueLaboratory:LouseDecoction"},{"floor":27,"key":"Energy Potion"},{"floor":28,"key":"Venom Potion"},{"floor":30,"key":"Strength Potion"},{"floor":30,"key":"blueLaboratory:FruitPunch"},{"floor":32,"key":"blueLaboratory:PolymorphPotion"},{"floor":36,"key":"blueLaboratory:FrostheartPotion"},{"floor":38,"key":"blueLaboratory:AbyssPotion"},{"floor":38,"key":"PowerPotion"},{"floor":39,"key":"Swift Potion"},{"floor":40,"key":"LifebloodPotion"},{"floor":42,"key":"BottledSpark"},{"floor":43,"key":"blueLaboratory:FrostheartPotion"},{"floor":45,"key":"blueLaboratory:PhilterOfMotion"},{"floor":45,"key":"Death Potion"},{"floor":47,"key":"Ancient Potion"},{"floor":47,"key":"blueLaboratory:LouseDecoction"},{"floor":49,"key":"Energy Potion"}],"is_trial":false,"path_per_floor":["R","M","R","M","E","M","T","E","M","R","$","M","M","?","M","B",null,"R","M","$","M","R","AVR","T","E","R","E","?","$","M","$","M","B",null,"R","M","$","M","M","E","T","?","E","R","M","M","M","MIM","M","B",null],"character_chosen":"MARISA","items_purchased":["conspire:Banana","WitchOfGreed","infinitespire:CheckeredPen","MerchantsRug","Grinning Jar","expansioncontent:StudyTheSpire","Regen Potion","Sharp Hide","Fruit Juice"],"campfire_rested":0,"item_purchase_floors":[11,11,20,29,29,29,31,31,37],"current_hp_per_floor":[75,70,70,67,57,54,54,45,45,45,45,28,24,24,25,7,79,79,60,57,37,37,37,37,19,19,10,10,14,20,20,29,14,97,97,91,91,77,68,72,72,76,78,78,82,84,88,92,96,97],"gold":868,"neow_bonus":"THREE_RARE_CARDS","is_daily":false,"chose_seed":false,"campfire_upgraded":7,"win_rate":0.0,"timestamp":1608208728,"path_taken":["R","?","R","M","E","M","T","E","M","R","$","M","M","?","M","BOSS","R","M","$","M","R","AVR","T","E","R","E","?","$","M","?","M","BOSS","R","M","$","M","M","E","T","?","E","R","M","M","M","?","M","BOSS"],"items_purchased_type":["Card","Card","Relic","Relic","Relic","Card","Potion","Card","Potion"],"build_version":"2020-12-13","purchased_purges":2,"victory":true,"max_hp_per_floor":[75,75,75,75,75,75,75,75,75,75,75,76,77,77,78,79,79,79,81,83,83,83,83,83,85,85,87,87,89,93,93,95,97,97,97,99,99,106,108,110,110,112,112,112,114,114,116,118,120,120],"card_choices":[{"not_picked":["AbsoluteMagnitude","SatelliteIllusion"],"picked":"StarDustReverie","floor":0},{"not_picked":["6A","Acceleration"],"picked":"AsteroidBelt","floor":2},{"not_picked":["BlazeAway","SporeBomb","UnstableBomb"],"picked":"SKIP","floor":4},{"not_picked":["EscapeVelocity","BigCrunch"],"picked":"SprinkleStarSeal","floor":5},{"not_picked":["DeepEcoloBomb","EventHorizon"],"picked":"GalacticHalo","floor":6},{"not_picked":["MachineGunSpark","IllusionStar"],"picked":"AlicesGift","floor":8},{"not_picked":["IllusionStar","Acceleration"],"picked":"SprinkleStarSeal","floor":9},{"not_picked":["DarkSpark","PulseMagic"],"picked":"GrandCross","floor":11},{"not_picked":["WitchOfGreed","Acceleration"],"picked":"StarlightTyphoon","floor":12},{"not_picked":["GalacticHalo","LuminesStrike"],"picked":"AlicesGift","floor":13},{"not_picked":["6A","AbsoluteMagnitude","EventHorizon"],"picked":"SKIP","floor":15},{"not_picked":["SuperNova","CollectingQuirk"],"picked":"MaximisePower","floor":16},{"not_picked":["6A","MilkyWay"],"picked":"OpenUniverse","floor":19},{"not_picked":["WitchLeyline","GravityBeat"],"picked":"Robbery","floor":20},{"not_picked":["DC","BlazingStar"],"picked":"Acceleration+1","floor":21},{"not_picked":["6A","ShootingEcho+1"],"picked":"BlazeAway+1","floor":25},{"not_picked":["SatelliteIllusion","UnstableBomb"],"picked":"MilkyWay","floor":27},{"not_picked":["IllusionStar+1","LuminesStrike"],"picked":"Robbery","floor":28},{"not_picked":["WitchLeyline","DC"],"picked":"MilkyWay","floor":28},{"not_picked":["GalacticHalo","LuminesStrike"],"picked":"Orbital","floor":29},{"not_picked":["BlazingStar","6A"],"picked":"DoubleSpark+1","floor":30},{"not_picked":["LuminesStrike+1","GalacticHalo"],"picked":"RefractionSpark","floor":32},{"not_picked":["MaximisePower","JA"],"picked":"CasketOfStar","floor":33},{"not_picked":["DragonMeteor+1","PowerUp+1"],"picked":"FairyDestructionRay+1","floor":36},{"not_picked":["SporeBomb+1","GrandCross+1"],"picked":"DarkMatter+1","floor":38},{"not_picked":["IllusionStar+1","SporeBomb"],"picked":"SuperPerseids","floor":39},{"not_picked":["ShootingEcho+1","ChargeUpSpray+1"],"picked":"OortCloud+1","floor":40},{"not_picked":["ShootingEcho","WitchLeyline+1"],"picked":"BinaryStars","floor":43},{"not_picked":["AsteroidBelt+1","GravityBeat+1","LuminesStrike"],"picked":"SKIP","floor":45},{"not_picked":["EventHorizon+1","ChargeUpSpray+1","MilkyWay+1"],"picked":"SKIP","floor":46},{"not_picked":["ChargingUp","PowerUp+1"],"picked":"MeteoricShower","floor":47},{"not_picked":["DC+1","WitchOfGreed+1","UnstableBomb"],"picked":"SKIP","floor":49}],"player_experience":224181,"relics_obtained":[{"floor":5,"key":"Lantern"},{"floor":7,"key":"MawBank"},{"floor":8,"key":"PreservedInsect"},{"floor":24,"key":"Anchor"},{"floor":25,"key":"hubris:DuctTape"},{"floor":27,"key":"Replay:Rubber Ducky"},{"floor":28,"key":"Blood Vial"},{"floor":40,"key":"FossilizedHelix"},{"floor":41,"key":"SpikesRelics:DaevaFist"},{"floor":42,"key":"Gambling Chip"},{"floor":43,"key":"conspire:Dentures"},{"floor":48,"key":"Calipers"}],"event_choices":[],"is_beta":false,"boss_relics":[{"not_picked":["hubris:GrandSneckoEye","hubris:BlackHole"],"picked":"conspire:RunicOctahedron"},{"not_picked":["hubris:TerracottaHorce","hubris:Stopwatch","ReplayTheSpireMod:DimensionalGlitch"]}],"items_purged_floors":[29,37],"is_endless":false,"potions_floor_spawned":[8,9,12,13,19,21,30,32,38,40,45,47,49],"ascension_level":2}}