{"host":"fj97s2ebyjeio3oc","time":1608219811,"event":{"mods":["AchievementEnabler","BaseMod","Colored Map","Colored Powertips","Hermit","Hubris","Infinite Spire","Koishi","Minty Spire (QoL Compilation)","StSLib","The Animator","The Bug Knight","The Cursed","The Disciple","The Jungle","The Necromancer"],"gold_per_floor":[114,129,144,144,35,35,50,50,50,65,65,80,40,70,70,170,170,185,200,215,215,230,230,260,170,195,225,240,240,255,255,255,355,355,370,385,400,400,415,445,445,475,525,525,525,540,540,640,640,740,740,753,753,761,761,768,768,776,776,801,815,70,95,94,100,100,176,176,183,183,98,105,105,105,113,113,138,338,338,342,347,343,343,411,411,417,413,413,413,414,414,414,414,439,446,441,456,449,458,458,528,528,535,535,543,555,569,577,577,598,598,597,597,597,597,597,597,682,682,686,686,686,690,690,690,695,693,693,708,718,718,718,725,725,793,793,796,796,696,710,714,714,706,706],"floor_reached":143,"playtime":11261,"items_purged":["Defend_W","Bone_Armory","Bone_Armor","Blood_Is_Power","hubris:Envy","Shame"],"score":3322,"play_id":"819ce9ad-1f88-4518-8a06-084936b825a8","local_time":"20201217164331","daily_mods":["Specialized","Uncertain Future","Lethality"],"is_ascension_mode":false,"campfire_choices":[{"data":"Corrupt","floor":6.0,"key":"SMITH"},{"data":"Corrupt","floor":8.0,"key":"SMITH"},{"data":"Corrupt","floor":15.0,"key":"SMITH"},{"data":"Corrupt","floor":23.0,"key":"SMITH"},{"data":"hubris:Rewind","floor":29.0,"key":"SMITH"},{"floor":32.0,"key":"REST"},{"floor":41.0,"key":"REST"},{"data":"Summon_Vampire_Lady","floor":44.0,"key":"SMITH"},{"data":"Epidemic","floor":49.0,"key":"SMITH"},{"data":"Blood_for_Blood","floor":57.0,"key":"SMITH"},{"data":"Death_March_Dance","floor":59.0,"key":"SMITH"},{"floor":66.0,"key":"REST"},{"data":"Summon_Death_Knight","floor":74.0,"key":"SMITH"},{"floor":76.0,"key":"REST"},{"floor":83.0,"key":"REST"},{"data":"Death_March_Dance","floor":91.0,"key":"SMITH"},{"floor":93.0,"key":"REST"},{"floor":100.0,"key":"REST"},{"data":"Consume_Illness","floor":109,"key":"SMITH"},{"data":"Slay_Living","floor":114,"key":"SMITH"},{"data":"Summon_Death_Knight","floor":117,"key":"SMITH"},{"data":"Bone_Prison","floor":125,"key":"SMITH"},{"floor":131,"key":"REST"},{"data":"Requiem","floor":134,"key":"SMITH"},{"data":"infinitespire:NeuralNetwork","floor":142,"key":"SMITH"}],"circlet_count":0,"master_deck":["Negative_Energy_Arrows","Corrupt+1","Corrupt+1","Corrupt+1","Corrupt+1","Necrotic_Claws","Negative_Energy_Shield","Plague_Bolt","Stop_Heart","Death_March_Dance+1","Life_Drain","Grasp_Heart","Negative_Energy_Sphere","Negative_Energy_Sphere","Bone_Prison+1","Negative_Energy_Javelin","Exploit","hubris:Rewind+1","Slay_Living+1","Death_March_Dance+1","infinitespire:Gouge","Strike_from_Beyond","Blood_for_Blood+1","Death_March_Dance+1","Life_Drain+1","Negative_Energy_Javelin+1","Negative_Energy_Burst+1","hubris:NaturalOne","Stop_Heart+1","hubris:Fate","infinitespire:Execution+1","Hellfire","Consume_Illness+1","Necrotic_Claws","Exploit","Cloudkill","Negative_Energy_Burst","infinitespire:Menacing","Plague_Bolt+1","Summon_Lich+1","infinitespire:NeuralNetwork+1","Violent_Necrosis+1","Bone_Prison+1","infinitespire:Menacing","Blood_Is_Power+1","Cloudkill+1","Siphon_Strength+1","infinitespire:Collect","infinitespire:Punishment","Life_Drain+1","Pandemic","Strike_from_Beyond+1","infinitespire:Punishment","Requiem+1","hubris:DuctTapeCard","Summon_Undead","Bone_Prison","Summon_Death_Knight+1","Violent_Necrosis+1","Injury","Life_Drain+1","Grasp_Heart+1","Epidemic+1"],"relics":["Vampire_Amulet","hubris:Icosahedron","Sundial","Orichalcum","hubris:TerracottaHorce","Tiny Chest","HollowMod:PaleOreRelic","Nunchaku","Chemical X","Pandora\u0027s Box","Anchor","Lantern","Bag of Marbles","Mercury Hourglass","hubris:BundleOfHerbs","Gambling Chip","Velvet Choker","Bronze Scales","Bag of Preparation","Art of War","Omamori","infinitespire:Beetle Shell","hubris:EmptyBottle","hubris:TenFootPole","Mango","Sozu","hubris:Towel","hubris:ToyBattleship","infinitespire:WardingShard","Strawberry","infinitespire:BottledMercury","Smiling Mask","Astrolabe","hubris:DuctTape","Turnip","War Paint","infinitespire:Lucky Rock","Oddly Smooth Stone","Cursed Key","Torii","hubris:OldNail","hubris:PeanutButter","Toxic Egg 2","Empty Cage","hubris:AstralHammer","The Courier","Philosopher\u0027s Stone","Molten Egg 2","MealTicket","infinitespire:ShieldingShard","hubris:MysteriousPyramids","Black Star"],"acts_visited":["Exordium","TheCity","TheBeyond","Exordium","TheCity","TheBeyond","TheCity","TheBeyond"],"potions_floor_usage":[],"damage_taken":[{"damage":0.0,"enemies":"Cultist","floor":1.0,"turns":4.0},{"damage":0.0,"enemies":"2 Louse","floor":2.0,"turns":3.0},{"damage":14.0,"enemies":"Jaw Worm","floor":3.0,"turns":4.0},{"damage":5.0,"enemies":"2 Fungi Beasts","floor":7.0,"turns":5.0},{"damage":3.0,"enemies":"3 Louse","floor":10.0,"turns":2.0},{"damage":2.0,"enemies":"Looter","floor":12.0,"turns":3.0},{"damage":14.0,"enemies":"HollowMod:MossKnight","floor":14.0,"turns":5.0},{"damage":14.0,"enemies":"Hexaghost","floor":16.0,"turns":8.0},{"damage":0.0,"enemies":"Spheric Guardian","floor":18.0,"turns":2.0},{"damage":35.0,"enemies":"3 Byrds","floor":19.0,"turns":6.0},{"damage":10.0,"enemies":"Shelled Parasite and Fungi","floor":20.0,"turns":5.0},{"damage":13.0,"enemies":"Centurion and Healer","floor":22.0,"turns":5.0},{"damage":16.0,"enemies":"Book of Stabbing","floor":24.0,"turns":5.0},{"damage":17.0,"enemies":"Nightmare","floor":27.0,"turns":6.0},{"damage":2.0,"enemies":"Sentry and Sphere","floor":28.0,"turns":4.0},{"damage":25.0,"enemies":"Snake Plant","floor":30.0,"turns":3.0},{"damage":9.0,"enemies":"hubris:MusketHawk","floor":33.0,"turns":7.0},{"damage":28.0,"enemies":"3 Darklings","floor":35.0,"turns":5.0},{"damage":20.0,"enemies":"3 Shapes","floor":36.0,"turns":5.0},{"damage":27.0,"enemies":"Jaw Worm Horde","floor":37.0,"turns":5.0},{"damage":16.0,"enemies":"4 Shapes","floor":39.0,"turns":4.0},{"damage":36.0,"enemies":"Nightmare","floor":40.0,"turns":7.0},{"damage":30.0,"enemies":"Reptomancer","floor":42.0,"turns":6.0},{"damage":38.0,"enemies":"Writhing Mass","floor":46.0,"turns":4.0},{"damage":5.0,"enemies":"infinitespire:Three Voidlings","floor":48.0,"turns":3.0},{"damage":5.0,"enemies":"Nightmare_Alpha","floor":48.0,"turns":8.0},{"damage":72.0,"enemies":"Donu and Deca","floor":50.0,"turns":11.0},{"damage":0.0,"enemies":"2 Louse","floor":52.0,"turns":1.0},{"damage":10.0,"enemies":"Jaw Worm","floor":54.0,"turns":3.0},{"damage":2.0,"enemies":"infinitespire:Voidling","floor":56.0,"turns":2.0},{"damage":0.0,"enemies":"3 Louse","floor":58.0,"turns":2.0},{"damage":2.0,"enemies":"Lagavulin","floor":61.0,"turns":3.0},{"damage":70.0,"enemies":"Nightmare","floor":64.0,"turns":8.0},{"damage":0.0,"enemies":"Large Slime","floor":65.0,"turns":2.0},{"damage":30.0,"enemies":"Hexaghost","floor":67.0,"turns":6.0},{"damage":0.0,"enemies":"Spheric Guardian","floor":69.0,"turns":2.0},{"damage":0.0,"enemies":"3 Byrds","floor":72.0,"turns":2.0},{"damage":50.0,"enemies":"Centurion and Healer","floor":73.0,"turns":3.0},{"damage":18.0,"enemies":"Gremlin Leader","floor":75.0,"turns":5.0},{"damage":0.0,"enemies":"Sentry and Sphere","floor":80.0,"turns":2.0},{"damage":0.0,"enemies":"Snake Plant","floor":81.0,"turns":2.0},{"damage":47.0,"enemies":"Nightmare_Alpha","floor":82.0,"turns":8.0},{"damage":36.0,"enemies":"Champ","floor":84.0,"turns":6.0},{"damage":4.0,"enemies":"Orb Walker","floor":86.0,"turns":2.0},{"damage":28.0,"enemies":"3 Darklings","floor":87.0,"turns":4.0},{"damage":18.0,"enemies":"Jaw Worm Horde","floor":90.0,"turns":4.0},{"damage":0.0,"enemies":"Sphere and 2 Shapes","floor":95.0,"turns":2.0},{"damage":48.0,"enemies":"3 Darklings","floor":96.0,"turns":4.0},{"damage":10.0,"enemies":"Nemesis","floor":97.0,"turns":4.0},{"damage":2.0,"enemies":"Maw","floor":98.0,"turns":5.0},{"damage":22.0,"enemies":"Nightmare","floor":99.0,"turns":5.0},{"damage":128.0,"enemies":"Time Eater","floor":101.0,"turns":7.0},{"damage":0,"enemies":"Jaw Worm","floor":103,"turns":2},{"damage":0,"enemies":"Cultist","floor":105,"turns":2},{"damage":0,"enemies":"2 Louse","floor":106,"turns":1},{"damage":0,"enemies":"Looter","floor":107,"turns":1},{"damage":17,"enemies":"Nightmare_Alpha","floor":108,"turns":5},{"damage":0,"enemies":"Lagavulin","floor":110,"turns":2},{"damage":0,"enemies":"Exordium Thugs","floor":112,"turns":3},{"damage":35,"enemies":"The Guardian","floor":118,"turns":4},{"damage":0,"enemies":"Spheric Guardian","floor":120,"turns":2},{"damage":0,"enemies":"Chosen","floor":123,"turns":3},{"damage":59,"enemies":"Nightmare","floor":126,"turns":5},{"damage":0,"enemies":"3 Cultists","floor":127,"turns":3},{"damage":30,"enemies":"Slavers","floor":129,"turns":3},{"damage":0,"enemies":"Snecko","floor":130,"turns":1},{"damage":0,"enemies":"Shelled Parasite and Fungi","floor":133,"turns":2},{"damage":15,"enemies":"hubris:MusketHawk","floor":135,"turns":6},{"damage":2,"enemies":"3 Shapes","floor":137,"turns":3},{"damage":0,"enemies":"Orb Walker","floor":140,"turns":1},{"damage":0,"enemies":"Jaw Worm Horde","floor":141,"turns":2},{"damage":119,"enemies":"Nightmare_Alpha","floor":143,"turns":2}],"seed_played":"-4230686447748436371","potions_obtained":[{"floor":3.0,"key":"Fire Potion"},{"floor":7.0,"key":"Energy Potion"},{"floor":12.0,"key":"PowerPotion"},{"floor":14.0,"key":"PowerPotion"},{"floor":18.0,"key":"EntropicBrew"},{"floor":20.0,"key":"Energy Potion"},{"floor":22.0,"key":"SneckoOil"},{"floor":30.0,"key":"FearPotion"},{"floor":33.0,"key":"BlessingOfTheForge"},{"floor":37.0,"key":"ColorlessPotion"},{"floor":39.0,"key":"DuplicationPotion"},{"floor":40.0,"key":"Swift Potion"},{"floor":48.0,"key":"Regen Potion"},{"floor":56.0,"key":"Block Potion"},{"floor":58.0,"key":"DuplicationPotion"},{"floor":65.0,"key":"SkillPotion"},{"floor":67.0,"key":"GamblersBrew"}],"is_trial":false,"path_per_floor":["M","M","M","?","$","R","M","R","T","M","?","M","$","E","R","B",null,"M","M","M","?","M","R","E","?","T","NM","M","R","M","AVR","R","B",null,"M","M","M","?","M","NM","R","E","T","R","T","M","AVR","?","R","B",null,"M","AVR","M","?","M","R","M","R","T","E","$","T","NM","M","R","B",null,"M","?","?","M","M","R","E","R","T","?","AVR","M","M","NM","R","B",null,"M","M","AVR","T","M","R","?","R","T","M","M","E","M","NM","R","B",null,"M","?","M","M","M","NM","R","E","T","M","T","R","AVR","T","R","B",null,"M","?","?","M","T","R","NM","M","T","E","M","R","AVR","M","R","B",null,"M","AVR","NS","M","M","R","NM"],"character_chosen":"NECROMANCER","items_purchased":["Blood_Is_Power","Life_Drain","Omamori","infinitespire:Beetle Shell","hubris:EmptyBottle","Exploit","Cloudkill"],"campfire_rested":8,"item_purchase_floors":[5,13,62,62,62,62,62],"current_hp_per_floor":[75,75,63,63,63,63,62,62,62,65,58,58,58,73,73,71,74,75,52,52,52,75,75,61,61,61,52,54,54,37,37,59,62,72,52,44,32,32,24,15,37,61,61,61,61,34,34,68,68,63,72,75,75,69,69,75,75,75,75,75,75,75,75,49,53,79,69,84,86,86,86,89,43,43,41,67,74,74,74,78,80,56,84,62,85,89,67,67,67,58,58,58,85,85,91,47,39,45,40,67,29,77,85,85,87,91,93,84,84,86,86,93,93,93,93,93,93,60,85,87,87,87,89,89,89,54,66,66,47,49,76,76,80,80,92,93,91,91,91,93,93,93,0,0],"gold":706,"neow_bonus":"","is_daily":true,"chose_seed":false,"campfire_upgraded":17,"win_rate":0.0,"timestamp":1608219811,"path_taken":["M","M","M","?","$","R","M","R","T","M","?","M","?","E","R","BOSS","M","M","M","?","M","R","E","?","T","NM","?","R","M","AVR","R","BOSS","M","M","M","?","M","NM","R","E","T","R","?","M","AVR","?","R","BOSS","M","AVR","M","?","M","R","M","R","T","E","?","?","NM","M","R","BOSS","M","?","?","M","M","R","E","R","T","?","AVR","M","M","NM","R","BOSS","M","M","AVR","?","M","R","?","R","T","?","M","E","M","NM","R","BOSS","M","?","M","M","M","NM","R","E","T","M","?","R","AVR","?","R","BOSS","M","?","?","M","?","R","NM","M","T","E","M","R","AVR","M","R","BOSS","M","AVR","NS","M","M","R","NM"],"items_purchased_type":["Card","Card","Relic","Relic","Relic","Card","Card"],"build_version":"2020-12-13","purchased_purges":6,"victory":false,"max_hp_per_floor":[75,75,75,75,75,75,75,75,75,75,75,75,75,75,75,75,75,75,75,75,75,75,75,75,75,75,75,75,75,75,75,75,75,75,75,75,75,75,75,75,75,75,75,75,75,75,75,75,75,75,75,75,75,75,75,75,75,75,75,75,75,75,75,89,89,89,89,89,89,89,89,89,89,89,89,89,96,96,96,96,96,96,96,96,93,93,93,93,93,93,93,93,93,93,93,93,93,93,93,93,93,93,93,93,93,93,93,93,93,93,93,93,93,93,93,93,93,93,93,93,93,93,93,93,93,93,93,93,93,93,93,93,93,93,93,93,93,93,93,93,93,93,93,93],"card_choices":[{"not_picked":["Chill_Blood","Blood_Whip","Bones_to_Steel"],"picked":"SKIP","floor":1.0},{"not_picked":["Summon_Undead","Bone_Bullets"],"picked":"Necrotic_Claws","floor":2.0},{"not_picked":["Corrupt","Bone_Shift"],"picked":"Negative_Energy_Shield","floor":3.0},{"not_picked":["Shackles_Of_Pain","Blood_Wake"],"picked":"Plague_Bolt","floor":7.0},{"not_picked":["Chill_Blood","Blood_Whip"],"picked":"Stop_Heart","floor":10.0},{"not_picked":["Toxic_Smoke_Screen","Shackles_Of_Pain"],"picked":"Death_March_Dance","floor":12.0},{"not_picked":["Shackles_Of_Pain","Bone_Armor","Necromantic_Selection"],"picked":"SKIP","floor":14.0},{"not_picked":["Detonate_Bones","Hellfire"],"picked":"Grasp_Heart","floor":16.0},{"not_picked":["Whirlwind_of_Bones","Bone_Shift"],"picked":"Negative_Energy_Sphere","floor":18.0},{"not_picked":["Vampiric_Strike","Finger_Of_Death"],"picked":"Negative_Energy_Sphere","floor":19.0},{"not_picked":["Bone_Armor","Death_Coil"],"picked":"Bone_Prison","floor":20.0},{"not_picked":["Bones_to_Steel","Scare"],"picked":"Negative_Energy_Javelin","floor":22.0},{"not_picked":["Strike_from_Beyond+1","Bone_Shift"],"picked":"Exploit","floor":24.0},{"not_picked":["hubris:InfiniteBlow","infinitespire:SealOfDarkness+"],"picked":"hubris:Rewind","floor":27.0},{"not_picked":["Death_Coil","Blood_Magic"],"picked":"Slay_Living","floor":27.0},{"not_picked":["Bones_to_Steel","Violent_Necrosis+1"],"picked":"Death_March_Dance+1","floor":28.0},{"not_picked":["Bone_Shift","Chill_Blood","Shackles_Of_Pain"],"picked":"SKIP","floor":30.0},{"not_picked":["Blood_Wake","Detonate_Bones"],"picked":"Summon_Vampire_Lady","floor":33.0},{"not_picked":["Summon_Undead","Finger_Of_Death+1"],"picked":"Life_Drain+1","floor":35.0},{"not_picked":["Bone_Spikes","Summon_Undead"],"picked":"Negative_Energy_Javelin+1","floor":36.0},{"not_picked":["Bones_to_Steel","Bone_Shift","Summon_Undead+1"],"picked":"SKIP","floor":37.0},{"not_picked":["Slay_Living","Death_March_Dance+1"],"picked":"Negative_Energy_Burst+1","floor":39.0},{"not_picked":["Shackles_Of_Pain+1","Scare+1"],"picked":"Siphon_Strength+1","floor":40.0},{"not_picked":["Reap_The_Weak","Negative_Energy_Shield","Summon_Undead"],"picked":"SKIP","floor":42.0},{"not_picked":["Blood_Curse","Consume_Illness+1"],"picked":"Stop_Heart+1","floor":46.0},{"not_picked":["infinitespire:FutureSight","infinitespire:Gouge"],"picked":"infinitespire:Execution","floor":48.0},{"not_picked":["Blood_Curse+1","Chill_Blood+1"],"picked":"Epidemic","floor":48.0},{"not_picked":["Negative_Energy_Bomb","Grasp_Heart"],"picked":"Hellfire","floor":50.0},{"not_picked":["Necromantic_Selection","Negative_Energy_Sphere","Negative_Energy_Mist"],"picked":"SKIP","floor":52.0},{"not_picked":["Summon_Undead","Toxic_Smoke_Screen","Strike_from_Beyond"],"picked":"SKIP","floor":54.0},{"not_picked":["Necromantic_Selection","Negative_Energy_Sphere"],"picked":"Consume_Illness","floor":56.0},{"not_picked":["Blood_Curse","Spectral_Walk","Shade_Step"],"picked":"SKIP","floor":58.0},{"not_picked":["Bones_to_Steel","Summon_Undead"],"picked":"Necrotic_Claws","floor":61.0},{"not_picked":["Finger_Of_Death","Thousand_Bone_Knives","Summon_Undead_Army"],"picked":"SKIP","floor":64.0},{"not_picked":["Blood_Is_Power","Chill_Blood"],"picked":"Negative_Energy_Burst","floor":65.0},{"not_picked":["Blood_Magic","Detonate_Bones"],"picked":"Summon_Death_Knight","floor":67.0},{"not_picked":["infinitespire:DeathsTouch","hubris:Fate"],"picked":"infinitespire:Menacing","floor":68.0},{"not_picked":["Epidemic+1","Life_Tap","Toxic_Smoke_Screen"],"picked":"SKIP","floor":69.0},{"not_picked":["Death_Coil+1","Death_March_Dance"],"picked":"Plague_Bolt+1","floor":72.0},{"not_picked":["Bones_to_Steel","Life_Drain"],"picked":"Summon_Lich+1","floor":73.0},{"not_picked":["Finger_Of_Death","Stop_Heart+1","Toxic_Smoke_Screen"],"picked":"SKIP","floor":75.0},{"not_picked":["Negative_Energy_Mist+1","Siphon_Strength"],"picked":"Violent_Necrosis+1","floor":80.0},{"not_picked":["Blood_Is_Power","Negative_Energy_Sphere"],"picked":"Bone_Prison+1","floor":81.0},{"not_picked":["infinitespire:Execution","infinitespire:FinalStrike"],"picked":"infinitespire:Menacing","floor":82.0},{"not_picked":["Spectral_Armor","Scare"],"picked":"Blood_Is_Power","floor":82.0},{"not_picked":["Negative_Energy_Sphere+1","Death_Coil"],"picked":"Siphon_Strength+1","floor":86.0},{"not_picked":["Death_March_Dance","Blood_Is_Power+1","Negative_Energy_Javelin+1"],"picked":"SKIP","floor":87.0},{"not_picked":["Blood_for_Blood","Negative_Energy_Javelin","Slay_Living"],"picked":"SKIP","floor":90.0},{"not_picked":["Blood_Whip","Bones_to_Steel","Death_March_Dance"],"picked":"SKIP","floor":95.0},{"not_picked":["Negative_Energy_Javelin","Corrupt+1"],"picked":"Life_Drain+1","floor":96.0},{"not_picked":["Plague_Bolt","Vampiric_Strike"],"picked":"Pandemic","floor":97.0},{"not_picked":["Thousand_Bone_Knives","Whirlwind_of_Bones+1"],"picked":"Strike_from_Beyond+1","floor":98.0},{"not_picked":["infinitespire:Gouge","infinitespire:UltimateForm"],"picked":"infinitespire:Punishment","floor":99.0},{"not_picked":["Negative_Energy_Javelin+1","Negative_Energy_Mist","Life_Drain"],"picked":"SKIP","floor":99.0},{"not_picked":["Hellfire","Grasp_Heart"],"picked":"Requiem","floor":101.0},{"not_picked":["Whirlwind_of_Bones","Bone_Bullets"],"picked":"Summon_Undead","floor":103},{"not_picked":["Plague_Bolt","Thousand_Bone_Knives","Death_March_Dance"],"picked":"SKIP","floor":105},{"not_picked":["Summon_Lich","Deaths_Shadow","Negative_Energy_Javelin"],"picked":"SKIP","floor":106},{"not_picked":["Blood_Curse","Necrotic_Claws","Death_Knell"],"picked":"SKIP","floor":107},{"not_picked":["Whirlwind_of_Bones","Skeleton_Dragon","Bone_Spikes"],"picked":"SKIP","floor":108},{"not_picked":["Bone_Armory","Epidemic"],"picked":"Bone_Prison","floor":110},{"not_picked":["Bone_Bullets","Negative_Energy_Javelin"],"picked":"Summon_Death_Knight","floor":112},{"not_picked":["Vampiric_Strike","Bone_Armor+1"],"picked":"Violent_Necrosis+1","floor":120},{"not_picked":["Bone_Shift+1","Negative_Energy_Shield+1","Negative_Energy_Burst"],"picked":"SKIP","floor":123},{"not_picked":["Blood_Curse+1","Grasp_Heart+1","Death_Coil+1"],"picked":"SKIP","floor":126},{"not_picked":["Stop_Heart+1","Negative_Energy_Shield+1","Death_March_Dance+1"],"picked":"SKIP","floor":127},{"not_picked":["Scare+1","Cloudkill+1"],"picked":"Life_Drain+1","floor":129},{"not_picked":["Bones_to_Steel+1","Summon_Undead_Army","Shackles_Of_Pain+1"],"picked":"SKIP","floor":130},{"not_picked":["Blood_Whip+1","Negative_Energy_Sphere+1","Blood_Curse+1"],"picked":"SKIP","floor":133},{"not_picked":["Skeleton_Dragon","Blood_Wake+1"],"picked":"Grasp_Heart+1","floor":135},{"not_picked":["Scare+1","Slay_Living+1"],"picked":"Epidemic+1","floor":137},{"not_picked":["Consume_Illness+1","Negative_Energy_Mist+1","Summon_Undead_Army"],"picked":"SKIP","floor":140},{"not_picked":["Consume_Illness+1","Negative_Energy_Mist+1","Summon_Undead_Army"],"picked":"SKIP","floor":140},{"not_picked":["Blood_Curse+1","Pandemic+1","Bone_Armor+1"],"picked":"SKIP","floor":141}],"player_experience":430311,"relics_obtained":[{"floor":9.0,"key":"Sundial"},{"floor":14.0,"key":"Orichalcum"},{"floor":24.0,"key":"Tiny Chest"},{"floor":26.0,"key":"HollowMod:PaleOreRelic"},{"floor":27.0,"key":"Nunchaku"},{"floor":40.0,"key":"Anchor"},{"floor":42.0,"key":"Lantern"},{"floor":43.0,"key":"Bag of Marbles"},{"floor":45.0,"key":"Mercury Hourglass"},{"floor":48.0,"key":"Gambling Chip"},{"floor":60.0,"key":"Bag of Preparation"},{"floor":61.0,"key":"Art of War"},{"floor":63.0,"key":"hubris:TenFootPole"},{"floor":64.0,"key":"Mango"},{"floor":75.0,"key":"infinitespire:WardingShard"},{"floor":77.0,"key":"Strawberry"},{"floor":82.0,"key":"Smiling Mask"},{"floor":89.0,"key":"Turnip"},{"floor":94.0,"key":"War Paint"},{"floor":97.0,"key":"infinitespire:Lucky Rock"},{"floor":99.0,"key":"Oddly Smooth Stone"},{"floor":108,"key":"Torii"},{"floor":110,"key":"hubris:OldNail"},{"floor":111,"key":"hubris:PeanutButter"},{"floor":113,"key":"Toxic Egg 2"},{"floor":116,"key":"The Courier"},{"floor":124,"key":"Molten Egg 2"},{"floor":126,"key":"MealTicket"},{"floor":128,"key":"infinitespire:ShieldingShard"},{"floor":129,"key":"hubris:MysteriousPyramids"}],"event_choices":[{"cards_removed":["Strike_W"],"damage_healed":0.0,"max_hp_gain":0.0,"max_hp_loss":0.0,"gold_gain":0.0,"event_name":"Golden Wing","player_choice":"Card Removal","floor":11.0,"gold_loss":0.0,"damage_taken":7.0},{"damage_healed":0.0,"max_hp_gain":0.0,"max_hp_loss":0.0,"gold_gain":0.0,"event_name":"Ghosts","player_choice":"Ignored","floor":21.0,"gold_loss":0.0,"damage_taken":0.0},{"cards_removed":["Strike_W"],"damage_healed":0.0,"max_hp_gain":0.0,"max_hp_loss":0.0,"gold_gain":0.0,"event_name":"Designer","player_choice":"Upgrade and Remove","floor":25.0,"gold_loss":90.0,"damage_taken":0.0,"cards_upgraded":["Corrupt"]},{"damage_healed":0.0,"max_hp_gain":0.0,"max_hp_loss":0.0,"gold_gain":0.0,"event_name":"The Moai Head","player_choice":"Ignored","floor":38.0,"gold_loss":0.0,"damage_taken":0.0},{"damage_healed":0.0,"max_hp_gain":0.0,"max_hp_loss":0.0,"gold_gain":0.0,"event_name":"Accursed Blacksmith","player_choice":"Forge","floor":55.0,"gold_loss":0.0,"damage_taken":0.0,"cards_upgraded":["infinitespire:Execution"]},{"damage_healed":0.0,"max_hp_gain":0.0,"max_hp_loss":0.0,"gold_gain":0.0,"event_name":"Addict","player_choice":"Obtained Relic","floor":71.0,"gold_loss":85.0,"damage_taken":0.0,"relics_obtained":["hubris:ToyBattleship"]},{"damage_healed":0.0,"max_hp_gain":0.0,"max_hp_loss":0.0,"gold_gain":200.0,"event_name":"Wheel of Change","player_choice":"Gold","floor":78.0,"gold_loss":0.0,"damage_taken":0.0},{"damage_healed":0.0,"max_hp_gain":0.0,"max_hp_loss":0.0,"gold_gain":0.0,"event_name":"Lab","player_choice":"Got Potions","floor":92.0,"gold_loss":0.0,"damage_taken":0.0},{"damage_healed":0,"gold_gain":0,"player_choice":"Ignored","damage_taken":0,"max_hp_gain":0,"max_hp_loss":0,"event_name":"The Mausoleum","floor":121,"gold_loss":0},{"damage_healed":0,"gold_gain":0,"player_choice":"Ignored","damage_taken":0,"max_hp_gain":0,"max_hp_loss":0,"event_name":"Vampires","floor":122,"gold_loss":0}],"is_beta":false,"boss_relics":[{"not_picked":["Fusion Hammer","hubris:ScarierMask"],"picked":"hubris:TerracottaHorce"},{"not_picked":["Coffee Dripper","Black Star"],"picked":"Pandora\u0027s Box"},{"not_picked":["hubris:CrackedHourglass","Runic Pyramid"],"picked":"Velvet Choker"},{"not_picked":["hubris:GrandSneckoEye","Tiny House"],"picked":"Sozu"},{"not_picked":["SlaversCollar","infinitespire:Cupcake"],"picked":"Astrolabe"},{"not_picked":["hubris:CrackedHourglass","Coffee Dripper"],"picked":"Cursed Key"},{"not_picked":["infinitespire:Cupcake","Fusion Hammer"],"picked":"Philosopher\u0027s Stone"},{"not_picked":["hubris:RunicObelisk","hubris:VirtuousBlindfold"],"picked":"Black Star"}],"items_purged_floors":[5,47,62,88,132,138],"is_endless":true,"potions_floor_spawned":[3,7,12,14,18,20,22,30,33,37,39,40,48,56,58,65,67,72,75,80,81,86,96,97,101,105,108,112,120,127],"killed_by":"Nightmare_Alpha","ascension_level":0}}