{"host":"jwbw4f4imxd0v0b0","time":1608172351,"event":{"mods":["BaseMod","Colored Map","Highlight Path","Minty Spire (QoL Compilation)","Relic Stats","StSLib"],"gold_per_floor":[114,114,129,144,65,95,95,110,110,125,125,140,155,185,185,185,185],"floor_reached":16,"playtime":470,"items_purged":[],"score":189,"play_id":"8087525c-b290-4bb6-b0c7-b29317eedff0","local_time":"20201216203231","daily_mods":["Specialized","Flight","Lethality"],"is_ascension_mode":false,"campfire_choices":[{"data":"White Noise","floor":7.0,"key":"SMITH"},{"data":"White Noise","floor":11.0,"key":"SMITH"},{"data":"Chill","floor":15,"key":"SMITH"}],"circlet_count":0,"master_deck":["Strike_B","Strike_B","Strike_B","Strike_B","Defend_B","Defend_B","Defend_B","Defend_B","Zap","Dualcast","White Noise","White Noise","White Noise","White Noise+1","White Noise+1","Ball Lightning+1","Storm","Turbo","Storm","Chill+1","Barrage","Conserve Battery","Cold Snap","Compile Driver"],"relics":["Cracked Core","Strawberry","Pear","Bottled Flame"],"acts_visited":["Exordium"],"potions_floor_usage":[16],"damage_taken":[{"damage":0.0,"enemies":"Cultist","floor":1.0,"turns":3.0},{"damage":8.0,"enemies":"2 Louse","floor":3.0,"turns":2.0},{"damage":9.0,"enemies":"Jaw Worm","floor":4.0,"turns":2.0},{"damage":21.0,"enemies":"3 Sentries","floor":6.0,"turns":3.0},{"damage":0.0,"enemies":"2 Fungi Beasts","floor":8.0,"turns":2.0},{"damage":7.0,"enemies":"3 Louse","floor":10.0,"turns":3.0},{"damage":11.0,"enemies":"Large Slime","floor":12.0,"turns":3.0},{"damage":16.0,"enemies":"Red Slaver","floor":13.0,"turns":2.0},{"damage":0.0,"enemies":"Gremlin Nob","floor":14.0,"turns":2.0},{"damage":20,"enemies":"Hexaghost","floor":16,"turns":4}],"seed_played":"-4230686447748436371","potions_obtained":[{"floor":4.0,"key":"AttackPotion"},{"floor":6.0,"key":"Block Potion"},{"floor":10.0,"key":"Dexterity Potion"},{"floor":12.0,"key":"PotionOfCapacity"}],"is_trial":false,"path_per_floor":["M","?","M","M","$","E","R","M","T","M","R","M","M","E","R","B"],"character_chosen":"DEFECT","items_purchased":["Storm"],"campfire_rested":0,"item_purchase_floors":[5],"current_hp_per_floor":[75,75,67,58,58,44,44,44,54,47,47,36,20,20,20,0,0],"gold":185,"neow_bonus":"","is_daily":true,"chose_seed":false,"campfire_upgraded":3,"win_rate":0.0,"timestamp":1608172351,"path_taken":["M","?","M","M","$","E","R","M","T","M","R","M","M","E","R","BOSS"],"items_purchased_type":["Card"],"build_version":"2020-12-13","purchased_purges":0,"victory":false,"max_hp_per_floor":[75,75,75,75,75,82,82,82,92,92,92,92,92,92,92,92,92],"relic_stats":{"counters":[10,26],"obtain_stats":[{"Bottled Flame":14,"Pear":9,"Strawberry":6,"Cracked Core":0},{"Bottled Flame":9,"Pear":5,"Strawberry":4,"Cracked Core":0},{"Bottled Flame":22,"Pear":12,"Strawberry":10,"Cracked Core":0}]},"card_choices":[{"not_picked":["Redo","Self Repair"],"picked":"Ball Lightning","floor":1.0},{"not_picked":["Barrage","Blizzard"],"picked":"Storm","floor":3.0},{"not_picked":["Tempest","Ball Lightning"],"picked":"Turbo","floor":4.0},{"not_picked":["Steam","Chaos"],"picked":"Chill","floor":6.0},{"not_picked":["Force Field","Ball Lightning"],"picked":"Barrage","floor":8.0},{"not_picked":["Go for the Eyes","Steam"],"picked":"Conserve Battery","floor":10.0},{"not_picked":["FTL","Melter","Rebound"],"picked":"SKIP","floor":12.0},{"not_picked":["Sweeping Beam","Consume"],"picked":"Cold Snap","floor":13.0},{"not_picked":["Buffer","Barrage"],"picked":"Compile Driver","floor":14}],"player_experience":930806,"relics_obtained":[{"floor":6.0,"key":"Strawberry"},{"floor":9.0,"key":"Pear"},{"floor":14,"key":"Bottled Flame"}],"event_choices":[{"damage_healed":0.0,"max_hp_gain":0.0,"max_hp_loss":0.0,"gold_gain":0.0,"event_name":"Living Wall","player_choice":"Grow","floor":2.0,"gold_loss":0.0,"damage_taken":0.0,"cards_upgraded":["Ball Lightning"]}],"is_beta":false,"boss_relics":[],"items_purged_floors":[],"is_endless":false,"potions_floor_spawned":[4,6,10,12],"killed_by":"Hexaghost","ascension_level":0}}