{"host":"cyh4fejqtcjbfr7k","time":1608188822,"event":{"mods":["2.2 Compatiblity","AchievementEnabler","BaseMod","Colored Map","Colored Powertips","DeckTracker","Downfall","Googly Eyes","Hubris","Infinite Spire","Minty Spire (QoL Compilation)","Replay The Spire","Shop Mod","StSLib","SuperFastMode","Unceasing Turn Reminder"],"gold_per_floor":[114,114,36,211,211,211,240,256,283,283,303,303,285,316,316,419,419,436,456,476,490,589,589,607,607,633,633,659,670,670,670],"floor_reached":30,"playtime":1499,"items_purged":[],"score":299,"play_id":"8adf06a3-1587-4f15-927e-87ec0ce74d4b","local_time":"20201217000702","is_ascension_mode":true,"campfire_choices":[{"data":"Noxious Fumes","floor":6,"key":"SMITH"},{"floor":10,"key":"REST"},{"data":"Infinite Blades","floor":15,"key":"SMITH"},{"floor":23,"key":"REST"},{"floor":27,"key":"REST"}],"circlet_count":0,"master_deck":["Strike_G","Strike_G","Strike_G","Strike_G","Defend_G","Defend_G","Defend_G","Defend_G","Defend_G+1","Survivor","Neutralize","Backflip","Noxious Fumes+1","Doubt","Infinite Blades+1","Dodge and Roll","Deadly Poison","Outmaneuver","Burst","Blade Dance+1","Dagger Spray","Deflect+1","Slice","PiercingWail","Noxious Fumes","Bouncing Flask"],"relics":["Ring of the Serpent","Mercury Hourglass","Strawberry","Blue Doll","Blood Vial","Akabeko","hubris:SphereOfDissonance"],"acts_visited":["Exordium","TheCity"],"potions_floor_usage":[13,18,18,28],"damage_taken":[{"damage":1,"enemies":"Cultist","floor":1,"turns":5},{"damage":21,"enemies":"3 Sentries","floor":7,"turns":6},{"damage":0,"enemies":"Small Slimes","floor":8,"turns":3},{"damage":0,"enemies":"2 Louse","floor":11,"turns":2},{"damage":2,"enemies":"Exordium Thugs","floor":13,"turns":5},{"damage":13,"enemies":"Lagavulin","floor":14,"turns":8},{"damage":52,"enemies":"Fading Forest","floor":16,"turns":11},{"damage":16,"enemies":"Spheric Guardian","floor":18,"turns":4},{"damage":12,"enemies":"3 Byrds","floor":19,"turns":5},{"damage":23,"enemies":"Centurion and Healer","floor":20,"turns":6},{"damage":11,"enemies":"3 Cultists","floor":21,"turns":6},{"damage":9,"enemies":"Chosen and Byrds","floor":24,"turns":6},{"damage":40,"enemies":"Slavers","floor":28,"turns":4},{"damage":6,"enemies":"Cultist and Chosen","floor":29,"turns":6},{"damage":22,"enemies":"Nightmare","floor":30,"turns":6}],"seed_played":"-75697397944383367","potions_obtained":[{"floor":7,"key":"Doom Potion"},{"floor":8,"key":"Swift Potion"},{"floor":14,"key":"Poison Potion"},{"floor":16,"key":"Poison Potion"},{"floor":18,"key":"Strength Potion"},{"floor":20,"key":"infinitespire:BlackPotion"},{"floor":28,"key":"sneckomod:MuddlingPotion"}],"is_trial":false,"path_per_floor":["M","?","$","?","T","R","E","M","T","R","M","$","M","E","R","B",null,"M","M","M","M","?","R","M","?","T","R","E","M","NM"],"character_chosen":"THE_SILENT","items_purchased":["Noxious Fumes"],"campfire_rested":3,"item_purchase_floors":[3],"current_hp_per_floor":[69,69,69,69,69,69,55,55,55,77,77,77,75,62,62,20,77,61,51,30,21,21,44,37,34,34,57,19,15,0,0],"gold":670,"neow_bonus":"RANDOM_EVENT","is_daily":false,"chose_seed":false,"campfire_upgraded":2,"win_rate":0.0,"timestamp":1608188822,"path_taken":["M","?","?","?","?","R","E","?","T","R","M","$","M","E","R","BOSS","M","M","M","M","?","R","M","?","T","R","E","?","NM"],"items_purchased_type":["Card"],"build_version":"2020-12-13","purchased_purges":0,"victory":false,"max_hp_per_floor":[70,70,70,70,70,70,77,77,77,77,77,77,77,77,77,77,77,77,77,77,77,77,77,77,77,77,77,77,77,77,77],"card_choices":[{"not_picked":["Hidden Blade","PiercingWail"],"picked":"Backflip","floor":1},{"not_picked":["hubris:TrickCloak","Prepared"],"picked":"Infinite Blades","floor":7},{"not_picked":["ReplayTheSpireMod:The Works","Underhanded Strike"],"picked":"Dodge and Roll","floor":8},{"not_picked":["Fluid Movement","Reflex","Dagger Throw"],"picked":"SKIP","floor":11},{"not_picked":["Acrobatics","All Out Attack"],"picked":"Deadly Poison","floor":13},{"not_picked":["Tactician","Fluid Movement"],"picked":"Outmaneuver","floor":14},{"not_picked":["Phantasmal Killer","Malaise"],"picked":"Burst","floor":16},{"not_picked":["Blur","Distraction"],"picked":"Blade Dance+1","floor":18},{"not_picked":["hubris:SlightOfHand+1","ReplayTheSpireMod:Tripwire"],"picked":"Dagger Spray","floor":19},{"not_picked":["Slice","Sucker Punch+1"],"picked":"Deflect+1","floor":20},{"not_picked":["Storm of Steel","Underhanded Strike"],"picked":"Slice","floor":21},{"not_picked":["Dagger Throw","Underhanded Strike"],"picked":"PiercingWail","floor":24},{"not_picked":["Crippling Poison","Tactician+1"],"picked":"Noxious Fumes","floor":28},{"not_picked":["Bane","Caltrops"],"picked":"Bouncing Flask","floor":29}],"player_experience":574437,"relics_obtained":[{"floor":5,"key":"Mercury Hourglass"},{"floor":7,"key":"Strawberry"},{"floor":9,"key":"Blue Doll"},{"floor":14,"key":"Blood Vial"},{"floor":26,"key":"Akabeko"},{"floor":28,"key":"hubris:SphereOfDissonance"}],"event_choices":[{"cards_removed":["Strike_G"],"damage_healed":0,"gold_gain":0,"player_choice":"Purged","damage_taken":0,"max_hp_gain":0,"max_hp_loss":0,"event_name":"Purifier","floor":2,"gold_loss":0},{"damage_healed":0,"gold_gain":175,"player_choice":"AGREE","damage_taken":0,"max_hp_gain":0,"max_hp_loss":0,"event_name":"Liars Game","floor":4,"gold_loss":0,"cards_obtained":["Doubt"]},{"damage_healed":0,"gold_gain":99,"player_choice":"Stole From Cult","damage_taken":0,"max_hp_gain":0,"max_hp_loss":0,"event_name":"Nest","floor":22,"gold_loss":0},{"damage_healed":0,"gold_gain":0,"player_choice":"Punched","damage_taken":3,"max_hp_gain":0,"max_hp_loss":0,"event_name":"Designer","floor":25,"gold_loss":0}],"is_beta":false,"boss_relics":[{"not_picked":["Cursed Key","hubris:GrandSneckoEye"],"picked":"Ring of the Serpent"}],"items_purged_floors":[],"is_endless":false,"potions_floor_spawned":[7,8,14,16,18,20,28,29],"killed_by":"Nightmare","ascension_level":3}}