{"host":"gzk4gkgy3zij1c51","time":1608201551,"event":{"mods":["BaseMod","Colored Map","Downfall","Highlight Path","Minty Spire (QoL Compilation)","Relic Stats","StSLib","everything is the same but u backflip on backflip"],"gold_per_floor":[99,126,576,576,576,605,605,530,540,566,566,586,220,237,257,257,257],"floor_reached":16,"playtime":850,"items_purged":["Slimebound:Icky"],"score":185,"play_id":"e9c49e0c-0f0d-4eb0-b8df-d662382ff285","local_time":"20201217103911","is_ascension_mode":true,"campfire_choices":[{"floor":1.0,"key":"RECALL"},{"data":"champ:Taunt","floor":8.0,"key":"SMITH"}],"circlet_count":0,"master_deck":["champ:Strike","champ:Strike","champ:Strike","champ:Strike","champ:Defend","champ:Defend","champ:Defend","champ:Defend","champ:Execute","champ:Taunt+1","champ:PerfectedStrike","Slimebound:Icky","Slimebound:Icky","champ:RisingSlash","champ:EnGarde","champ:DefensiveStyle","champ:EndlessRage+1","champ:AdrenalArmor","champ:Aggression","champ:Circumvent","champ:DefensiveStyle","champ:CalledShot","champ:FlashCut"],"relics":["champ:ChampionCrown","downfall:HeartsMalice","Bag of Preparation","downfall:BrokenWingStatue","hexamod:BolsterEngine","Bottled Lightning","downfall:HeartBlessingRed","Shuriken","Toolbox"],"acts_visited":["Exordium"],"potions_floor_usage":[16,16],"damage_taken":[{"damage":0.0,"enemies":"3 Sentries","floor":2.0,"turns":1.0},{"damage":0.0,"enemies":"Small Slimes","floor":5.0,"turns":1.0},{"damage":0.0,"enemies":"Gremlin Nob","floor":6.0,"turns":1.0},{"damage":0.0,"enemies":"Jaw Worm","floor":9.0,"turns":2.0},{"damage":22.0,"enemies":"3 Sentries","floor":10.0,"turns":7.0},{"damage":6.0,"enemies":"2 Louse","floor":12.0,"turns":2.0},{"damage":7.0,"enemies":"downfall:FleeingMerchant","floor":13.0,"turns":4.0},{"damage":13.0,"enemies":"Gremlin Gang","floor":14.0,"turns":5.0},{"damage":17.0,"enemies":"Blue Slaver","floor":15.0,"turns":3.0},{"damage":90,"enemies":"downfall:Defect","floor":16,"turns":6}],"seed_played":"759359157249968937","potions_obtained":[{"floor":2.0,"key":"Block Potion"},{"floor":9.0,"key":"LiquidBronze"},{"floor":14.0,"key":"Strength Potion"},{"floor":15.0,"key":"BlessingOfTheForge"}],"is_trial":false,"path_per_floor":["R","E","?","?","M","E","T","R","M","E","?","M","$","M","M","B"],"character_chosen":"THE_CHAMP","items_purchased":["Toolbox","champ:Circumvent","champ:DefensiveStyle"],"campfire_rested":0,"item_purchase_floors":[13,13,13],"current_hp_per_floor":[90,90,90,90,90,90,90,90,90,73,73,75,77,73,60,0,0],"gold":257,"neow_bonus":"THREE_ENEMY_KILL","is_daily":false,"chose_seed":false,"campfire_upgraded":1,"win_rate":0.0,"timestamp":1608201551,"path_taken":["R","E","?","?","M","E","T","R","?","E","?","M","$","?","M","BOSS"],"items_purchased_type":["Relic","Card","Card"],"build_version":"2020-12-13","purchased_purges":1,"victory":false,"max_hp_per_floor":[90,90,90,90,90,90,90,90,90,90,90,90,90,90,90,90,90],"relic_stats":{"counters":[10,29],"Shuriken":[2],"Bag of Preparation":[14],"obtain_stats":[{"downfall:BrokenWingStatue":4,"downfall:HeartBlessingRed":8,"Shuriken":10,"Toolbox":13,"champ:ChampionCrown":0,"downfall:HeartsMalice":0,"Bag of Preparation":2,"Bottled Lightning":7,"hexamod:BolsterEngine":6},{"downfall:BrokenWingStatue":1,"downfall:HeartBlessingRed":3,"Shuriken":5,"Toolbox":7,"champ:ChampionCrown":0,"downfall:HeartsMalice":0,"Bag of Preparation":1,"Bottled Lightning":3,"hexamod:BolsterEngine":3},{"downfall:BrokenWingStatue":0,"downfall:HeartBlessingRed":0,"Shuriken":9,"Toolbox":15,"champ:ChampionCrown":0,"downfall:HeartsMalice":0,"Bag of Preparation":0,"Bottled Lightning":0,"hexamod:BolsterEngine":0}]},"card_choices":[{"not_picked":["champ:Riposte","champ:SkillfulDodge"],"picked":"champ:PerfectedStrike","floor":2.0},{"not_picked":["champ:BladeFlurry","champ:HeartStrike"],"picked":"champ:RisingSlash","floor":5.0},{"not_picked":["champ:CrookedStrike","champ:HeartStrike"],"picked":"champ:EnGarde","floor":6.0},{"not_picked":["champ:EndlessRage","champ:FaceSlap"],"picked":"champ:DefensiveStyle","floor":9.0},{"not_picked":["champ:TornadoPunch","champ:ViciousMockery"],"picked":"champ:EndlessRage","floor":10.0},{"not_picked":["champ:RapidStrikes","champ:PreciseThrust"],"picked":"champ:AdrenalArmor","floor":12.0},{"not_picked":["champ:Encircle","champ:Circumvent"],"picked":"champ:Aggression","floor":13.0},{"not_picked":["champ:MurderStrike","champ:CrookedStrike"],"picked":"champ:CalledShot","floor":14.0},{"not_picked":["champ:StanceDance","champ:DefensiveShout"],"picked":"champ:FlashCut","floor":15.0}],"player_experience":932724,"relics_obtained":[{"floor":2.0,"key":"Bag of Preparation"},{"floor":6.0,"key":"hexamod:BolsterEngine"},{"floor":7.0,"key":"Bottled Lightning"},{"floor":10.0,"key":"Shuriken"}],"event_choices":[{"damage_healed":0.0,"max_hp_gain":0.0,"max_hp_loss":0.0,"gold_gain":0.0,"event_name":"Upgrade Shrine","player_choice":"Upgraded","floor":11.0,"gold_loss":0.0,"damage_taken":0.0,"cards_upgraded":["champ:EndlessRage"]}],"is_beta":false,"boss_relics":[],"items_purged_floors":[13],"is_endless":false,"potions_floor_spawned":[2,9,14,15],"killed_by":"downfall:Defect","ascension_level":2}}