{"host":"rhvnggv2pwqsaug0","time":1608178153,"event":{"mods":["BaseMod","Minty Spire (QoL Compilation)","Replay The Spire","StSLib"],"gold_per_floor":[119,69,69,83,100,100,100,115,115,165,90,70,70,89,89,185,185,201,201,201,219,65,65,65,79,79,90,90,121,121,135,135,230,280,298,150,150,165,2,35,35,35],"floor_reached":41,"playtime":1334,"items_purged":["Voices"],"score":654,"play_id":"bf546072-fd57-41ee-828d-a2588953b887","local_time":"20201217120913","is_ascension_mode":true,"campfire_choices":[{"data":"ReplayTheSpireMod:Calculation Training","floor":6,"key":"SMITH"},{"data":"Crystallizer","floor":13,"key":"SMITH"},{"data":"ReplayTheSpireMod:Fabricate Wheel","floor":15,"key":"SMITH"},{"data":"Loop","floor":23,"key":"SMITH"},{"data":"Glacier","floor":28,"key":"SMITH"},{"floor":30,"key":"REST"},{"data":"Self Repair","floor":32,"key":"SMITH"}],"circlet_count":0,"master_deck":["Strike_B","Strike_B","Strike_B","Strike_B","Defend_B","Defend_B","Defend_B","Zap","Dualcast","ReplayTheSpireMod:Calculation Training+1","Crystallizer+1","Doom and Gloom+1","Ball Lightning","Mirror Shield","Looming Evil","Thunder Strike+1","BasicCrystalCard+1","Necronomicurse","Loop+1","BasicCrystalCard","Regret","Glacier+1","Cold Snap+1","Shame","Compile Driver+1","Compile Driver+1","Self Repair+1","Cold Snap","ReplayTheSpireMod:Faulty Equipment","ReplayRNGCard+1","Defragment","Barrage+1","FIFO Queue","Redo","Blizzard","ReplayTheSpireMod:Faulty Equipment","Multi-Cast"],"relics":["Cracked Core","CultistMask","Sundial","Ring of Greed","Ring of Peace","MealTicket","Tiny Chest","Prayer Wheel","Replay:Grab Bag","SlaversCollar","Cursed Key","Black Star","Nuclear Battery","Necronomicon","DataDisk","Onion Ring","Meat on the Bone","Replay:Mystery Machine","Replay:Accelerometer","Tiny House","Guide Book","Pen Nib","Carrot"],"acts_visited":["Exordium","TheCity","TheBeyond"],"potions_floor_usage":[16,16,16,19,29,33,40],"damage_taken":[{"damage":7,"enemies":"2 Louse","floor":1,"turns":2},{"damage":4,"enemies":"Jaw Worm","floor":4,"turns":3},{"damage":0,"enemies":"Cultist","floor":5,"turns":3},{"damage":13,"enemies":"Exordium Wildlife","floor":8,"turns":4},{"damage":10,"enemies":"Large Slime","floor":14,"turns":4},{"damage":0,"enemies":"Slime Boss","floor":16,"turns":6},{"damage":14,"enemies":"Chosen","floor":18,"turns":5},{"damage":0,"enemies":"2 Thieves","floor":19,"turns":1},{"damage":7,"enemies":"Snecko","floor":21,"turns":6},{"damage":24,"enemies":"Chosen and Byrds","floor":25,"turns":5},{"damage":15,"enemies":"Cultist and Chosen","floor":27,"turns":5},{"damage":25,"enemies":"Slavers","floor":29,"turns":3},{"damage":8,"enemies":"Shelled Parasite and Fungi","floor":31,"turns":6},{"damage":24,"enemies":"Champ","floor":33,"turns":8},{"damage":11,"enemies":"Orb Walker","floor":35,"turns":6},{"damage":35,"enemies":"3 Darklings","floor":38,"turns":9},{"damage":35,"enemies":"R_Hoarder","floor":40,"turns":7},{"damage":125,"enemies":"Transient","floor":41,"turns":5}],"seed_played":"-6373185968186417731","potions_obtained":[{"floor":1,"key":"Strength Potion"},{"floor":5,"key":"Milkshake"},{"floor":12,"key":"Elixir"},{"floor":14,"key":"ColorlessPotion"},{"floor":16,"key":"SmokeBomb"},{"floor":25,"key":"EssenceOfSteel"},{"floor":31,"key":"Languid Potion"},{"floor":33,"key":"ColorlessPotion"},{"floor":34,"key":"FairyPotion"}],"is_trial":false,"path_per_floor":["M","?","?","M","M","R","T","M","T","?","$","?","R","M","R","B",null,"M","M","?","M","$","R","T","M","T","M","R","E","R","M","R","B",null,"M","$","?","M","$","E","M"],"character_chosen":"DEFECT","items_purchased":["DataDisk","Guide Book","FIFO Queue","Redo","Blizzard"],"campfire_rested":1,"item_purchase_floors":[22,36,39,39,39],"current_hp_per_floor":[75,75,75,71,71,71,71,58,58,58,73,73,73,63,63,63,82,68,68,52,45,60,60,60,36,36,33,33,20,44,48,48,46,87,76,87,83,58,73,60,0,0],"gold":35,"neow_bonus":"TEN_PERCENT_HP_BONUS","is_daily":false,"chose_seed":false,"campfire_upgraded":6,"win_rate":0.0,"timestamp":1608178153,"path_taken":["M","?","?","?","M","R","?","M","T","?","$","?","R","M","R","BOSS","M","?","?","M","$","R","?","M","T","M","R","E","R","M","R","BOSS","M","$","?","M","$","E","M"],"items_purchased_type":["Relic","Relic","Card","Card","Card"],"build_version":"2020-12-13","purchased_purges":1,"victory":false,"max_hp_per_floor":[82,82,82,82,82,82,82,82,82,82,82,82,82,82,82,82,82,82,82,82,82,82,82,82,82,82,82,82,82,82,82,82,82,87,87,87,83,83,83,83,83,83],"card_choices":[{"not_picked":["Recycle","Beam Cell"],"picked":"ReplayTheSpireMod:Calculation Training","floor":1},{"not_picked":["Auto Shields","Stack"],"picked":"Crystallizer","floor":4},{"not_picked":["Skim","Rebound"],"picked":"Doom and Gloom","floor":5},{"not_picked":["Turbo","Loop"],"picked":"Ball Lightning","floor":8},{"not_picked":["Genetic Algorithm","Stack"],"picked":"ReplayTheSpireMod:Fabricate Wheel","floor":14},{"not_picked":["Amplify","Meteor Strike"],"picked":"Thunder Strike","floor":16},{"not_picked":["Hologram","Reprogram+1"],"picked":"BasicCrystalCard+1","floor":18},{"not_picked":["Go for the Eyes","Streamline","Stack"],"picked":"SKIP","floor":18},{"not_picked":["Rebound","Streamline"],"picked":"Loop","floor":21},{"not_picked":["Beam Cell+1","Leap"],"picked":"BasicCrystalCard","floor":21},{"not_picked":["Leap","Reprogram"],"picked":"Glacier","floor":25},{"not_picked":["Stack+1","Steam Power"],"picked":"Cold Snap+1","floor":25},{"not_picked":["Leap+1","Stack+1"],"picked":"Compile Driver+1","floor":27},{"not_picked":["Fission","Skim","Steam Power"],"picked":"SKIP","floor":27},{"not_picked":["Redo","Leap+1"],"picked":"Compile Driver+1","floor":29},{"not_picked":["Turbo+1","Consume"],"picked":"Self Repair","floor":31},{"not_picked":["Hologram","ReplayGash"],"picked":"Cold Snap","floor":31},{"not_picked":["Thunder Strike","Echo Form"],"picked":"ReplayRNGCard","floor":33},{"not_picked":["Steam","Sweeping Beam"],"picked":"Defragment","floor":34},{"not_picked":["Steam","Hologram+1"],"picked":"Barrage+1","floor":35},{"not_picked":["Streamline","BasicCrystalCard","Gash+1"],"picked":"SKIP","floor":35},{"not_picked":["Gash","Sweeping Beam+1","Hologram+1"],"picked":"SKIP","floor":38},{"not_picked":["BootSequence+1","Compile Driver+1","White Noise"],"picked":"SKIP","floor":38},{"not_picked":["ReplaySort","White Noise+1"],"picked":"Multi-Cast","floor":40}],"player_experience":217395,"relics_obtained":[{"floor":9,"key":"Sundial"},{"floor":10,"key":"Ring of Greed"},{"floor":10,"key":"Ring of Peace"},{"floor":10,"key":"MealTicket"},{"floor":10,"key":"Tiny Chest"},{"floor":20,"key":"Necronomicon"},{"floor":24,"key":"Onion Ring"},{"floor":26,"key":"Meat on the Bone"},{"floor":29,"key":"Replay:Mystery Machine"},{"floor":29,"key":"Replay:Accelerometer"},{"floor":40,"key":"Pen Nib"},{"floor":40,"key":"Carrot"}],"event_choices":[{"cards_removed":["Defend_B"],"damage_healed":0,"gold_gain":0,"player_choice":"Card Removal","damage_taken":0,"max_hp_gain":0,"max_hp_loss":0,"event_name":"The Cleric","floor":2,"gold_loss":50},{"damage_healed":0,"gold_gain":0,"player_choice":"Trade","damage_taken":0,"relics_obtained":["CultistMask"],"max_hp_gain":0,"max_hp_loss":0,"event_name":"FaceTrader","floor":3,"gold_loss":0},{"damage_healed":0,"gold_gain":0,"player_choice":"Bought 1 Potion","damage_taken":0,"max_hp_gain":0,"max_hp_loss":0,"event_name":"The Woman in Blue","floor":12,"gold_loss":0},{"damage_healed":0,"gold_gain":0,"player_choice":"Obtained Book","damage_taken":16,"max_hp_gain":0,"max_hp_loss":0,"event_name":"Cursed Tome","floor":20,"gold_loss":0},{"damage_healed":0,"gold_gain":0,"player_choice":"Max HP","damage_taken":0,"max_hp_gain":0,"max_hp_loss":4,"event_name":"Winding Halls","floor":37,"gold_loss":0}],"is_beta":false,"boss_relics":[{"not_picked":["Kintsugi","Sozu"],"picked":"Replay:Grab Bag"},{"not_picked":["Philosopher\u0027s Stone","Runic Dome"],"picked":"SlaversCollar"},{"not_picked":["Velvet Choker","Coffee Dripper"],"picked":"Cursed Key"},{"not_picked":["Pandora\u0027s Box","SacredBark"],"picked":"Black Star"},{"not_picked":["Inserter","Runic Pyramid"],"picked":"Nuclear Battery"},{"not_picked":["Astrolabe","Honey Jar"],"picked":"Tiny House"}],"items_purged_floors":[11],"is_endless":false,"potions_floor_spawned":[1,5,14,16,19,25,31,33],"killed_by":"Transient","ascension_level":2}}