{"host":"8u7tvcybuv0u72fd","time":1608187484,"event":{"mods":["BaseMod","BetterRewards","Colored Map","Colored Powertips","Minty Spire (QoL Compilation)","Quick Restart","Shop Mod"],"gold_per_floor":[115,130,153,166,179,179,189,264,291,301,353,371,371,403,403,508,508,527,77,103,120,133,160,160,174,174,209,209,227,227,242,242,346,346,365,365,378,152,172,172,223,223,223,233,280,280,294,304,304,304,304,304,13,40,40],"floor_reached":56,"playtime":3728,"items_purged":["Strike_R","Strike_R","Defend_R","Strike_R"],"score":1566,"play_id":"3363c554-0786-4ddf-933a-809a70abbacb","local_time":"20201217014444","is_ascension_mode":false,"campfire_choices":[{"data":"Bash","floor":6.0,"key":"SMITH"},{"data":"Body Slam","floor":13.0,"key":"SMITH"},{"data":"Uppercut","floor":15.0,"key":"SMITH"},{"data":"Berserk","floor":24.0,"key":"SMITH"},{"data":"Shrug It Off","floor":28.0,"key":"SMITH"},{"data":"Feed","floor":30.0,"key":"SMITH"},{"data":"Battle Trance","floor":32.0,"key":"SMITH"},{"data":"Exhume","floor":40.0,"key":"SMITH"},{"data":"Demon Form","floor":42.0,"key":"SMITH"},{"floor":49.0,"key":"RECALL"},{"data":"Defend_R","floor":52.0,"key":"SMITH"}],"circlet_count":0,"master_deck":["Strike_R","Strike_R","Defend_R","Defend_R+1","Defend_R+1","Bash+1","Battle Trance+1","Shrug It Off+1","Uppercut+1","Body Slam+1","Feed+1","Berserk+1","Flex+1","Exhume+1","Demon Form+1","Heavy Blade+1","Offering"],"relics":["Burning Blood","Anchor","MerchantsRug","Happy Flower","Ancient Tea Set","SlaversCollar","Bronze Scales","Lantern","Nunchaku","Art of War","Potion Belt","Runic Pyramid","Pantograph","Membership Card","PreservedInsect","Magic Flower","Boot","Vajra","Bird Faced Urn","Orichalcum"],"acts_visited":["Exordium","TheCity","TheBeyond","TheEnding"],"potions_floor_usage":[55,55,55,55,55],"damage_taken":[{"damage":1.0,"enemies":"Cultist","floor":1.0,"turns":3.0},{"damage":5.0,"enemies":"Jaw Worm","floor":2.0,"turns":4.0},{"damage":0.0,"enemies":"Small Slimes","floor":4.0,"turns":4.0},{"damage":4.0,"enemies":"Blue Slaver","floor":5.0,"turns":3.0},{"damage":3.0,"enemies":"Red Slaver","floor":7.0,"turns":3.0},{"damage":0.0,"enemies":"2 Fungi Beasts","floor":10.0,"turns":3.0},{"damage":2.0,"enemies":"Exordium Wildlife","floor":12.0,"turns":5.0},{"damage":16.0,"enemies":"Lagavulin","floor":14.0,"turns":8.0},{"damage":42.0,"enemies":"Hexaghost","floor":16.0,"turns":9.0},{"damage":28.0,"enemies":"3 Byrds","floor":18.0,"turns":5.0},{"damage":16.0,"enemies":"Spheric Guardian","floor":21.0,"turns":4.0},{"damage":2.0,"enemies":"Centurion and Healer","floor":22.0,"turns":5.0},{"damage":34.0,"enemies":"Gremlin Leader","floor":23.0,"turns":5.0},{"damage":0.0,"enemies":"Cultist and Chosen","floor":25.0,"turns":4.0},{"damage":10.0,"enemies":"Book of Stabbing","floor":27.0,"turns":4.0},{"damage":6.0,"enemies":"Shelled Parasite and Fungi","floor":29.0,"turns":6.0},{"damage":0.0,"enemies":"Centurion and Healer","floor":31.0,"turns":3.0},{"damage":78.0,"enemies":"Collector","floor":33.0,"turns":13.0},{"damage":0.0,"enemies":"Orb Walker","floor":35.0,"turns":2.0},{"damage":8.0,"enemies":"3 Shapes","floor":37.0,"turns":4.0},{"damage":27.0,"enemies":"Jaw Worm Horde","floor":39.0,"turns":6.0},{"damage":27.0,"enemies":"2 Orb Walkers","floor":41.0,"turns":4.0},{"damage":13.0,"enemies":"Transient","floor":47.0,"turns":5.0},{"damage":9.0,"enemies":"4 Shapes","floor":48.0,"turns":6.0},{"damage":51.0,"enemies":"Donu and Deca","floor":50.0,"turns":6.0},{"damage":50.0,"enemies":"Shield and Spear","floor":54.0,"turns":5.0},{"damage":75,"enemies":"The Heart","floor":55,"turns":6}],"seed_played":"1809044677508234942","potions_obtained":[{"floor":2.0,"key":"ElixirPotion"},{"floor":5.0,"key":"DistilledChaos"},{"floor":14.0,"key":"ColorlessPotion"},{"floor":16.0,"key":"Energy Potion"},{"floor":22.0,"key":"GamblersBrew"},{"floor":25.0,"key":"HeartOfIron"},{"floor":27.0,"key":"Regen Potion"},{"floor":29.0,"key":"SneckoOil"},{"floor":33.0,"key":"Block Potion"},{"floor":37.0,"key":"Dexterity Potion"},{"floor":41.0,"key":"LiquidMemories"},{"floor":54.0,"key":"CultistPotion"}],"is_trial":false,"path_per_floor":["M","M","T","M","M","R","M","?","T","M","?","M","R","E","R","B",null,"M","$","T","M","M","E","R","M","T","E","R","M","R","M","R","B",null,"M","T","M","$","M","R","?","R","T","$","T","?","M","M","R","B",null,"R","$","E","B",null],"character_chosen":"IRONCLAD","items_purchased":["Tiny Chest","Anchor","MerchantsRug","LiquidBronze","Bronze Scales","Lee\u0027s Waffle","Strawberry","Membership Card","PreservedInsect","Energy Potion","Vajra","LiquidBronze","BloodPotion","Bird Faced Urn"],"campfire_rested":0,"item_purchase_floors":[0,0,0,0,19,19,19,38,38,44,53,53,53,53],"current_hp_per_floor":[50,51,51,57,59,59,62,51,51,57,57,61,61,51,51,15,80,61,97,97,90,97,72,72,81,81,77,77,83,83,93,93,25,123,123,123,125,125,117,117,104,104,104,104,104,104,100,106,106,113,151,151,151,124,127],"gold":40,"neow_bonus":"","is_daily":false,"chose_seed":false,"campfire_upgraded":10,"win_rate":0.0,"timestamp":1608187484,"path_taken":["M","M","?","M","M","R","M","?","T","M","?","M","R","E","R","BOSS","M","$","?","M","M","E","R","M","T","E","R","M","R","M","R","BOSS","M","?","M","$","M","R","?","R","T","?","?","?","M","M","R","BOSS","R","$","E","BOSS"],"items_purchased_type":["Relic","Relic","Relic","Potion","Relic","Relic","Relic","Relic","Relic","Potion","Relic","Potion","Potion","Relic"],"build_version":"2020-12-13","purchased_purges":4,"victory":true,"max_hp_per_floor":[80,80,80,80,80,80,80,80,80,80,80,80,80,80,80,80,80,83,97,97,100,103,106,106,109,109,109,109,115,115,119,119,123,123,123,123,127,127,131,131,139,139,139,139,139,139,139,143,143,151,151,151,151,159,159],"card_choices":[{"not_picked":["Rage","Perfected Strike","Searing Blow"],"picked":"SKIP","floor":1.0},{"not_picked":["Thunderclap","Dual Wield","Sword Boomerang"],"picked":"SKIP","floor":2.0},{"not_picked":["Anger","Combust","Warcry"],"picked":"SKIP","floor":4.0},{"not_picked":["True Grit","Infernal Blade"],"picked":"Battle Trance","floor":5.0},{"not_picked":["Exhume","Twin Strike"],"picked":"Shrug It Off","floor":7.0},{"not_picked":["Shockwave","Heavy Blade"],"picked":"Uppercut","floor":10.0},{"not_picked":["Flex","Clash"],"picked":"Body Slam","floor":12.0},{"not_picked":["Havoc","Fiend Fire"],"picked":"Feed","floor":14.0},{"not_picked":["Reaper","Corruption"],"picked":"Berserk","floor":16.0},{"not_picked":["Battle Trance","Wild Strike","Carnage"],"picked":"SKIP","floor":18.0},{"not_picked":["Twin Strike","Reckless Charge+1"],"picked":"Flex+1","floor":21.0},{"not_picked":["Armaments+1","Twin Strike+1","Carnage"],"picked":"SKIP","floor":22.0},{"not_picked":["Dual Wield+1","Rupture","Fire Breathing"],"picked":"SKIP","floor":23.0},{"not_picked":["Uppercut+1","Pummel"],"picked":"Exhume","floor":25.0},{"not_picked":["Hemokinesis","Dual Wield","Feed"],"picked":"SKIP","floor":27.0},{"not_picked":["Clothesline","Perfected Strike","Fire Breathing"],"picked":"SKIP","floor":29.0},{"not_picked":["Flame Barrier","Clothesline+1","Ghostly Armor"],"picked":"SKIP","floor":31.0},{"not_picked":["Fiend Fire","Feed"],"picked":"Demon Form","floor":33.0},{"not_picked":["Thunderclap","Flex"],"picked":"Heavy Blade+1","floor":35.0},{"not_picked":["Battle Trance","Pommel Strike","Havoc+1"],"picked":"SKIP","floor":37.0},{"not_picked":["Sword Boomerang","Flex+1","Perfected Strike+1"],"picked":"SKIP","floor":39.0},{"not_picked":["True Grit+1","Shockwave+1","Anger"],"picked":"SKIP","floor":47.0},{"not_picked":["Cleave+1","Warcry","Battle Trance"],"picked":"SKIP","floor":48.0},{"not_picked":["Perfected Strike+1","Cleave"],"picked":"Offering","floor":54.0}],"player_experience":1162980,"relics_obtained":[{"floor":3.0,"key":"Happy Flower"},{"floor":14.0,"key":"Ancient Tea Set"},{"floor":20.0,"key":"Lantern"},{"floor":23.0,"key":"Nunchaku"},{"floor":26.0,"key":"Art of War"},{"floor":27.0,"key":"Potion Belt"},{"floor":36.0,"key":"Pantograph"},{"floor":41.0,"key":"Girya"},{"floor":43.0,"key":"Magic Flower"},{"floor":45.0,"key":"Boot"},{"floor":54.0,"key":"Orichalcum"}],"event_choices":[{"damage_healed":0.0,"max_hp_gain":0.0,"max_hp_loss":0.0,"gold_gain":75.0,"event_name":"World of Goop","player_choice":"Gather Gold","floor":8.0,"gold_loss":0.0,"damage_taken":11.0},{"damage_healed":0.0,"max_hp_gain":0.0,"max_hp_loss":0.0,"gold_gain":52.0,"event_name":"Golden Wing","player_choice":"Gained Gold","floor":11.0,"gold_loss":0.0,"damage_taken":0.0},{"damage_healed":0.0,"max_hp_gain":0.0,"max_hp_loss":0.0,"gold_gain":0.0,"event_name":"Mysterious Sphere","player_choice":"Fight","floor":41.0,"gold_loss":0.0,"damage_taken":0.0},{"damage_healed":0.0,"max_hp_gain":0.0,"max_hp_loss":0.0,"gold_gain":0.0,"event_name":"Accursed Blacksmith","player_choice":"Forge","floor":46.0,"gold_loss":0.0,"damage_taken":0.0,"cards_upgraded":["Defend_R"]}],"is_beta":false,"boss_relics":[{"not_picked":["Snecko Eye","Empty Cage"],"picked":"SlaversCollar"},{"not_picked":["Fusion Hammer","Pandora\u0027s Box"],"picked":"Runic Pyramid"}],"items_purged_floors":[0,38,44,53],"is_endless":false,"potions_floor_spawned":[2,5,14,16,22,25,27,29,33,37,41,54],"ascension_level":0}}