{"host":"crmowuwgj9wiiaqp","time":1608244032,"event":{"mods":["Astrologer","BaseMod","Minty Spire (QoL Compilation)","Robot Space Explorer","StSLib"],"gold_per_floor":[116,66,77,87,99,99,176,204,204,204,229,241,23,38,38,137,137,156,12,23,33,33,33,52,52,125,156,156,173,173,205,205,308,308,326,326,11,23,23,23,58,71,71,100,100,100,100,127,127,127,127,127,38,75,75],"floor_reached":56,"playtime":4331,"items_purged":["RobotSpaceExplorer:Strike","RobotSpaceExplorer:Defend","RobotSpaceExplorer:Strike"],"score":1282,"play_id":"7f92e797-295c-4dec-b6d4-7f0c95ddddb0","local_time":"20201217152712","is_ascension_mode":true,"campfire_choices":[{"data":"RobotSpaceExplorer:PlasmaMissile","floor":6.0,"key":"SMITH"},{"floor":10.0,"key":"REST"},{"data":"RobotSpaceExplorer:ExhaustFan","floor":15.0,"key":"SMITH"},{"data":"RobotSpaceExplorer:Explosion","floor":23,"key":"SMITH"},{"data":"RobotSpaceExplorer:Arsenal","floor":25,"key":"SMITH"},{"data":"RobotSpaceExplorer:FreezingShield","floor":28,"key":"SMITH"},{"data":"RobotSpaceExplorer:PowerGlove","floor":32,"key":"SMITH"},{"data":"RobotSpaceExplorer:PowerCollector","floor":40,"key":"SMITH"},{"data":"RobotSpaceExplorer:MiniBoosters","floor":47,"key":"SMITH"},{"floor":49,"key":"RECALL"},{"data":"RobotSpaceExplorer:ShockMissile","floor":52,"key":"SMITH"}],"circlet_count":0,"master_deck":["RobotSpaceExplorer:Defend","RobotSpaceExplorer:Defend","RobotSpaceExplorer:Scan","RobotSpaceExplorer:MiniLasers","RobotSpaceExplorer:FreezingShield+1","RobotSpaceExplorer:SwiftStep","RobotSpaceExplorer:PlasmaMissile+1","RobotSpaceExplorer:Explosion+1","RobotSpaceExplorer:Blaster","RobotSpaceExplorer:Jetpack","RobotSpaceExplorer:Arsenal+1","RobotSpaceExplorer:ScrapMissile","RobotSpaceExplorer:StarLightning","RobotSpaceExplorer:SwiftStep+1","RobotSpaceExplorer:PowerGlove+1","RobotSpaceExplorer:Arsenal","RobotSpaceExplorer:LuckyStrike+1","RobotSpaceExplorer:Ammunition+1","RobotSpaceExplorer:ImprovisedAttack+1","RobotSpaceExplorer:SurgingShield+1","RobotSpaceExplorer:ShockMissile+1","RobotSpaceExplorer:MiniBoosters+1","Flash of Steel","RobotSpaceExplorer:PowerCollector+1","Dark Shackles","RobotSpaceExplorer:FreezingShield+1","RobotSpaceExplorer:ScrapToss","RobotSpaceExplorer:GlueSpray"],"relics":["RobotSpaceExplorer:RoboCore","Turnip","Tiny Chest","Happy Flower","Pear","RobotSpaceExplorer:SlideRule","Sozu","Membership Card","Bottled Flame","Vajra","Question Card","PreservedInsect","Astrolabe","RobotSpaceExplorer:BottledGravity","Dream Catcher","Eternal Feather","Blood Vial","CeramicFish","Bronze Scales"],"acts_visited":["Exordium","TheCity","TheBeyond","TheEnding"],"potions_floor_usage":[33,55],"damage_taken":[{"damage":0.0,"enemies":"Small Slimes","floor":1.0,"turns":3.0},{"damage":5.0,"enemies":"Jaw Worm","floor":3.0,"turns":6.0},{"damage":5.0,"enemies":"Cultist","floor":4.0,"turns":6.0},{"damage":5.0,"enemies":"Blue Slaver","floor":5.0,"turns":5.0},{"damage":23.0,"enemies":"3 Sentries","floor":8.0,"turns":7.0},{"damage":11.0,"enemies":"Gremlin Nob","floor":11.0,"turns":4.0},{"damage":5.0,"enemies":"Looter","floor":12.0,"turns":2.0},{"damage":6.0,"enemies":"Red Slaver","floor":14.0,"turns":3.0},{"damage":14.0,"enemies":"The Guardian","floor":16.0,"turns":8.0},{"damage":1.0,"enemies":"Spheric Guardian","floor":18.0,"turns":4.0},{"damage":11.0,"enemies":"2 Thieves","floor":20.0,"turns":3.0},{"damage":5.0,"enemies":"Snake Plant","floor":21.0,"turns":4.0},{"damage":8,"enemies":"Shelled Parasite and Fungi","floor":24,"turns":3},{"damage":6,"enemies":"Gremlin Leader","floor":27,"turns":5},{"damage":0,"enemies":"Cultist and Chosen","floor":29,"turns":4},{"damage":5,"enemies":"Slavers","floor":31,"turns":4},{"damage":22,"enemies":"Champ","floor":33,"turns":9},{"damage":15,"enemies":"3 Darklings","floor":35,"turns":4},{"damage":8,"enemies":"Orb Walker","floor":38,"turns":3},{"damage":5,"enemies":"Nemesis","floor":41,"turns":5},{"damage":13,"enemies":"Sphere and 2 Shapes","floor":42,"turns":6},{"damage":0,"enemies":"Giant Head","floor":44,"turns":4},{"damage":4,"enemies":"Reptomancer","floor":48,"turns":3},{"damage":72,"enemies":"Donu and Deca","floor":50,"turns":8},{"damage":23,"enemies":"Shield and Spear","floor":54,"turns":4},{"damage":116,"enemies":"The Heart","floor":55,"turns":9}],"seed_played":"3606452374440000571","potions_obtained":[{"floor":1.0,"key":"SteroidPotion"},{"floor":3.0,"key":"RobotSpaceExplorer:RecyclePotion"},{"floor":5.0,"key":"Dexterity Potion"},{"floor":16.0,"key":"Dexterity Potion"}],"is_trial":false,"path_per_floor":["M","?","M","M","M","R","?","E","T","R","E","M","$","M","R","B",null,"M","$","M","M","?","R","M","R","T","E","R","M","T","E","R","B",null,"M","?","$","M","?","R","E","M","T","E","?","T","R","E","R","B",null,"R","$","E","B",null],"character_chosen":"RobotSpaceExplorer","items_purchased":["RobotSpaceExplorer:SlideRule","Membership Card","RobotSpaceExplorer:BottledGravity","RobotSpaceExplorer:ShockMissile","RobotSpaceExplorer:MiniBoosters","Flash of Steel","RobotSpaceExplorer:ScrapToss"],"campfire_rested":1,"item_purchase_floors":[13,19,37,37,37,37,53],"current_hp_per_floor":[54,54,49,44,39,39,39,16,16,38,37,32,32,26,26,12,85,84,84,73,68,68,68,60,60,60,54,54,54,54,49,49,27,85,70,70,70,62,62,62,57,44,44,44,44,44,59,57,72,2,81,81,81,58,4],"gold":75,"neow_bonus":"ONE_RARE_RELIC","is_daily":false,"chose_seed":false,"campfire_upgraded":9,"win_rate":0.0,"timestamp":1608244032,"path_taken":["M","?","M","M","M","R","?","E","T","R","E","M","$","?","R","BOSS","M","$","M","?","?","R","M","R","T","E","R","M","?","E","R","BOSS","M","?","$","M","?","R","E","M","T","E","?","?","R","E","R","BOSS","R","$","E","BOSS"],"items_purchased_type":["Relic","Relic","Relic","Card","Card","Card","Card"],"build_version":"2020-12-13","purchased_purges":3,"victory":true,"max_hp_per_floor":[75,75,75,75,75,75,75,75,75,75,85,85,85,85,85,85,85,85,85,85,85,85,85,85,85,85,85,85,85,85,85,85,85,85,85,85,85,85,85,85,85,85,85,85,81,81,81,81,81,81,81,81,81,81,81],"card_choices":[{"not_picked":["RobotSpaceExplorer:SlimeMissile","RobotSpaceExplorer:ScrapMissile"],"picked":"RobotSpaceExplorer:FreezingShield","floor":1.0},{"not_picked":["RobotSpaceExplorer:Ammunition","RobotSpaceExplorer:GlueShot"],"picked":"RobotSpaceExplorer:SwiftStep","floor":3.0},{"not_picked":["RobotSpaceExplorer:Discharger","RobotSpaceExplorer:Ammunition"],"picked":"RobotSpaceExplorer:PlasmaMissile","floor":4.0},{"not_picked":["RobotSpaceExplorer:ExhaustFan","RobotSpaceExplorer:PowerGlove"],"picked":"RobotSpaceExplorer:Explosion","floor":5.0},{"not_picked":["RobotSpaceExplorer:GlueShot","RobotSpaceExplorer:SurgingShield"],"picked":"RobotSpaceExplorer:Blaster","floor":8.0},{"not_picked":["RobotSpaceExplorer:FranticSearch","RobotSpaceExplorer:MakeshiftVolley"],"picked":"RobotSpaceExplorer:ExhaustFan","floor":11.0},{"not_picked":["RobotSpaceExplorer:ImprovisedAttack","RobotSpaceExplorer:ShockKick","RobotSpaceExplorer:DoubleFind"],"picked":"SKIP","floor":12.0},{"not_picked":["RobotSpaceExplorer:Electropulse","RobotSpaceExplorer:MiniDrones"],"picked":"RobotSpaceExplorer:Jetpack","floor":14.0},{"not_picked":["RobotSpaceExplorer:ShockMissile","RobotSpaceExplorer:Accelerator"],"picked":"RobotSpaceExplorer:Arsenal","floor":16.0},{"not_picked":["RobotSpaceExplorer:GlueSpray","RobotSpaceExplorer:ScrapMissile","RobotSpaceExplorer:MetalStrike+1"],"picked":"SKIP","floor":18.0},{"not_picked":["RobotSpaceExplorer:GlueSpray","RobotSpaceExplorer:MetalStrike+1"],"picked":"RobotSpaceExplorer:ScrapMissile","floor":18.0},{"not_picked":["RobotSpaceExplorer:Counterblock+1","RobotSpaceExplorer:SlimeMissile+1"],"picked":"RobotSpaceExplorer:StarLightning","floor":20.0},{"not_picked":["RobotSpaceExplorer:IronShell","RobotSpaceExplorer:ShovelStrike+1","RobotSpaceExplorer:Smokescreen"],"picked":"SKIP","floor":21.0},{"not_picked":["RobotSpaceExplorer:JunkDive","RobotSpaceExplorer:Pulsar"],"picked":"RobotSpaceExplorer:SwiftStep+1","floor":24},{"not_picked":["RobotSpaceExplorer:ScrapMissile","RobotSpaceExplorer:StarDust","RobotSpaceExplorer:ShockKick+1"],"picked":"SKIP","floor":27},{"not_picked":["RobotSpaceExplorer:ScrapToss","RobotSpaceExplorer:PlasmaMissile+1"],"picked":"RobotSpaceExplorer:PowerGlove","floor":29},{"not_picked":["RobotSpaceExplorer:LaserBurst+1","RobotSpaceExplorer:MiniBoosters","RobotSpaceExplorer:ScrapMissile","RobotSpaceExplorer:DroneSwarm"],"picked":"SKIP","floor":31},{"not_picked":["RobotSpaceExplorer:Comet","RobotSpaceExplorer:ShockMissile","RobotSpaceExplorer:Asteroid"],"picked":"RobotSpaceExplorer:Arsenal","floor":33},{"not_picked":["RobotSpaceExplorer:StunGrenade+1","RobotSpaceExplorer:ShockKick","RobotSpaceExplorer:JunkDive+1"],"picked":"RobotSpaceExplorer:SurgingShield+1","floor":35},{"not_picked":["RobotSpaceExplorer:ShockKick+1","RobotSpaceExplorer:StunGrenade+1","RobotSpaceExplorer:Probe+1"],"picked":"RobotSpaceExplorer:PowerCollector","floor":38},{"not_picked":["Impatience","Purity","Dramatic Entrance"],"picked":"Dark Shackles","floor":39},{"not_picked":["RobotSpaceExplorer:MetalStrike","RobotSpaceExplorer:Arsenal","RobotSpaceExplorer:Probe"],"picked":"RobotSpaceExplorer:FreezingShield+1","floor":41},{"not_picked":["RobotSpaceExplorer:Counterblock","RobotSpaceExplorer:SwiftStep+1","RobotSpaceExplorer:FranticSearch","RobotSpaceExplorer:LaserBurst+1"],"picked":"SKIP","floor":42},{"not_picked":["RobotSpaceExplorer:DoubleFind+1","RobotSpaceExplorer:Ammunition+1","RobotSpaceExplorer:Blitz+1","RobotSpaceExplorer:Probe"],"picked":"SKIP","floor":44},{"not_picked":["RobotSpaceExplorer:ChargingLaser","RobotSpaceExplorer:MetalStrike","RobotSpaceExplorer:ShockKick+1","RobotSpaceExplorer:FreezeRay+1"],"picked":"SKIP","floor":48},{"not_picked":["RobotSpaceExplorer:MiniDrones+1","RobotSpaceExplorer:PowerCollector","RobotSpaceExplorer:Arsenal"],"picked":"RobotSpaceExplorer:GlueSpray","floor":54}],"player_experience":1317202,"relics_obtained":[{"floor":8.0,"key":"Tiny Chest"},{"floor":9.0,"key":"Happy Flower"},{"floor":11.0,"key":"Pear"},{"floor":26,"key":"Bottled Flame"},{"floor":27,"key":"Vajra"},{"floor":30,"key":"Question Card"},{"floor":31,"key":"PreservedInsect"},{"floor":41,"key":"Dream Catcher"},{"floor":44,"key":"Eternal Feather"},{"floor":46,"key":"Blood Vial"},{"floor":48,"key":"CeramicFish"},{"floor":54,"key":"Bronze Scales"}],"event_choices":[{"cards_removed":["RobotSpaceExplorer:Strike"],"damage_healed":0.0,"max_hp_gain":0.0,"max_hp_loss":0.0,"gold_gain":0.0,"event_name":"The Cleric","player_choice":"Card Removal","floor":2.0,"gold_loss":50.0,"damage_taken":0.0},{"damage_healed":0.0,"max_hp_gain":0.0,"max_hp_loss":0.0,"gold_gain":77.0,"event_name":"Golden Wing","player_choice":"Gained Gold","floor":7.0,"gold_loss":0.0,"damage_taken":0.0},{"damage_healed":0,"gold_gain":0,"player_choice":"Ignored","damage_taken":0,"max_hp_gain":0,"max_hp_loss":0,"event_name":"Vampires","floor":22,"gold_loss":0},{"damage_healed":0,"gold_gain":0,"player_choice":"Ignored","damage_taken":0,"max_hp_gain":0,"max_hp_loss":0,"event_name":"Tomb of Lord Red Mask","floor":36,"gold_loss":0},{"damage_healed":0,"gold_gain":0,"player_choice":"Memory 1","damage_taken":0,"max_hp_gain":0,"max_hp_loss":0,"event_name":"SensoryStone","floor":39,"gold_loss":0},{"damage_healed":0,"gold_gain":0,"player_choice":"Max HP","damage_taken":0,"max_hp_gain":0,"max_hp_loss":4,"event_name":"Winding Halls","floor":45,"gold_loss":0}],"is_beta":false,"boss_relics":[{"not_picked":["Runic Dome","Ectoplasm"],"picked":"Sozu"},{"not_picked":["Runic Pyramid","RobotSpaceExplorer:Reprocessor"],"picked":"Astrolabe"}],"items_purged_floors":[13,37,53],"is_endless":false,"potions_floor_spawned":[1,3,5,16,20,27,29,33,44,54],"ascension_level":1}}