{"host":"3srbdas3e7jgqz5l","time":1608175159,"event":{"mods":["BaseMod","Downfall","Minty Spire (QoL Compilation)","StSLib","The Bug Knight","The Cursed"],"gold_per_floor":[99,99,125,50,63,63,87,23,23,23],"floor_reached":9,"playtime":373,"items_purged":[],"score":60,"play_id":"a98b3213-8c89-4275-87d2-57a55142b189","local_time":"20201217031919","is_ascension_mode":true,"campfire_choices":[{"floor":1,"key":"RECALL"},{"data":"1","floor":4,"key":"LIFT"}],"circlet_count":0,"master_deck":["Slimebound:Strike_Slimebound","Slimebound:Strike_Slimebound","Slimebound:Strike_Slimebound","Slimebound:Tackle","Slimebound:Defend_Slimebound","Slimebound:Defend_Slimebound","Slimebound:Defend_Slimebound","Slimebound:Defend_Slimebound+1","Slimebound:Split+1","Slimebound:CorrosiveSpit","Slimebound:GoopTackle","Slimebound:SplitAcid+1","Regret","Slimebound:Prepare","Slimebound:SlimeSpikes"],"relics":["Slimebound:AbsorbEndCombat","Lantern","downfall:BrokenWingStatue","Girya","downfall:HeartBlessingRed","Happy Flower"],"acts_visited":["Exordium"],"potions_floor_usage":[],"damage_taken":[{"damage":34,"enemies":"3 Sentries","floor":3,"turns":10},{"damage":4,"enemies":"2 Louse","floor":5,"turns":2},{"damage":21,"enemies":"downfall:FleeingMerchant","floor":8,"turns":4},{"damage":51,"enemies":"Gremlin Nob","floor":9,"turns":3}],"seed_played":"4960059721414125382","potions_obtained":[{"floor":3,"key":"SkillPotion"}],"is_trial":false,"path_per_floor":["R","?","E","R","M","?","T","$","E"],"character_chosen":"SLIMEBOUND","items_purchased":["Slimebound:SlimeSpikes"],"campfire_rested":0,"item_purchase_floors":[8],"current_hp_per_floor":[60,60,34,34,34,34,34,29,0,0],"gold":23,"neow_bonus":"RANDOM_COMMON_RELIC","is_daily":false,"chose_seed":false,"campfire_upgraded":0,"win_rate":0.0,"timestamp":1608175159,"path_taken":["R","?","E","R","M","?","T","$","E"],"items_purchased_type":["Card"],"build_version":"2020-12-13","purchased_purges":0,"victory":false,"max_hp_per_floor":[60,60,60,60,60,60,60,60,60,60],"card_choices":[{"not_picked":["Slimebound:OneTwoCombo","Slimebound:WasteNot"],"picked":"Slimebound:GoopTackle","floor":3},{"not_picked":["Slimebound:SplitMire","Slimebound:LeechEnergy"],"picked":"Slimebound:SplitAcid","floor":5},{"not_picked":["Slimebound:DivideAndConquer","Slimebound:ViciousTackle"],"picked":"Slimebound:Prepare","floor":8}],"player_experience":421723,"relics_obtained":[{"floor":3,"key":"Girya"},{"floor":7,"key":"Happy Flower"}],"event_choices":[],"is_beta":false,"boss_relics":[],"items_purged_floors":[],"is_endless":false,"potions_floor_spawned":[3],"killed_by":"Gremlin Nob","ascension_level":1}}