{"host":"grli52lbdph2722t","time":1608185798,"event":{"mods":["AchievementEnabler","BaseMod","Downfall","Minty Spire (QoL Compilation)","Quick Restart","StSLib"],"gold_per_floor":[99,127,227,227,261,281,304,304,339,264,439,452,469,469,487,590,590,590,590,616,627,727,761,761,788,638,656,666,398,431,431,447,545,545,545,573,587,620,639,657,657,657,671,705,721,721,721,442,461,461,461,496,12,12,12],"floor_reached":56,"playtime":3989,"items_purged":["Doubt","champ:Strike+1","champ:Strike+1"],"score":1735,"play_id":"b8be61f9-8d7f-48e0-a7b4-9ba9c3002a9a","local_time":"20201217071638","is_ascension_mode":true,"campfire_choices":[{"data":"champ:Taunt","floor":1.0,"key":"SMITH"},{"data":"champ:StrikeOfGenius","floor":8.0,"key":"SMITH"},{"data":"champ:GladiatorStyle","floor":10.0,"key":"SMITH"},{"floor":18.0,"key":"RECALL"},{"data":"champ:Haymaker","floor":26.0,"key":"SMITH"},{"data":"champ:HoldFirm","floor":35.0,"key":"SMITH"},{"data":"champ:Duel","floor":42.0,"key":"SMITH"},{"floor":54,"key":"REST"}],"circlet_count":0,"master_deck":["champ:Strike+1","champ:Defend+1","champ:Defend+1","champ:Defend+1","champ:Defend+1","champ:Execute+1","champ:Taunt+1","champ:Shatter+1","champ:GladiatorsShout+1","champ:EndlessRage+1","champ:StrikeOfGenius+1","champ:Haymaker+1","champ:GladiatorStyle+1","champ:BringItOn+1","champ:RageSigil+1","champ:AdrenalArmor+1","champ:DancingMaster+1","champ:Duel+1","champ:Backstep+1","champ:Haymaker+1","champ:RageSigil+1","champ:Devastate+1","champ:StanceDance+1","champ:CalledShot+1","champ:StanceDance+1","champ:DefensiveStyle+1","champ:HoldFirm+1","Pain","champ:CheapShot+1","champ:FalseCounter+1","champ:EnGarde+1","champ:BerserkerStyle+1","champ:VampiricStrike+1","champ:TornadoPunch","Transmutation","Parasite","champ:BerserkerStyle+1","champ:EnGarde","champ:DefensiveStyle"],"relics":["champ:ChampionCrown","downfall:HeartsMalice","TungstenRod","CloakClasp","Bronze Scales","Guardian:PocketSentry","Bag of Preparation","Question Card","Philosopher\u0027s Stone","Ancient Tea Set","Toy Ornithopter","Shuriken","champ:DeflectingBracers","Anchor","Red Mask","WarpedTongs","Snecko Eye","Sundial","Darkstone Periapt","The Courier","Meat on the Bone","Strange Spoon","Du-Vu Doll","Bottled Tornado","Mummified Hand","Happy Flower"],"acts_visited":["Exordium","TheCity","TheBeyond","TheEnding"],"potions_floor_usage":[48,49,55,55,55,55],"damage_taken":[{"damage":0.0,"enemies":"Lagavulin","floor":2.0,"turns":1.0},{"damage":0.0,"enemies":"Lagavulin","floor":3.0,"turns":1.0},{"damage":0.0,"enemies":"2 Louse","floor":4.0,"turns":1.0},{"damage":36.0,"enemies":"Gremlin Nob","floor":5.0,"turns":6.0},{"damage":14.0,"enemies":"Small Slimes","floor":6.0,"turns":4.0},{"damage":23.0,"enemies":"3 Sentries","floor":9.0,"turns":7.0},{"damage":0.0,"enemies":"Cultist","floor":12.0,"turns":4.0},{"damage":4.0,"enemies":"Exordium Thugs","floor":13.0,"turns":6.0},{"damage":10.0,"enemies":"Large Slime","floor":15.0,"turns":5.0},{"damage":44.0,"enemies":"downfall:Ironclad","floor":16.0,"turns":9.0},{"damage":63.0,"enemies":"Slavers","floor":20.0,"turns":6.0},{"damage":1.0,"enemies":"Chosen","floor":21.0,"turns":4.0},{"damage":10.0,"enemies":"downfall:LadyInBlue","floor":22.0,"turns":6.0},{"damage":18.0,"enemies":"Book of Stabbing","floor":23.0,"turns":6.0},{"damage":36.0,"enemies":"Gremlin Leader","floor":25.0,"turns":7.0},{"damage":1.0,"enemies":"Spheric Guardian","floor":27.0,"turns":3.0},{"damage":47.0,"enemies":"Centurion and Healer","floor":28.0,"turns":6.0},{"damage":9.0,"enemies":"downfall:FleeingMerchant","floor":29.0,"turns":4.0},{"damage":14.0,"enemies":"Masked Bandits","floor":30.0,"turns":4.0},{"damage":14.0,"enemies":"Cultist and Chosen","floor":32.0,"turns":4.0},{"damage":56.0,"enemies":"downfall:Watcher","floor":33.0,"turns":9.0},{"damage":39.0,"enemies":"Reptomancer","floor":36.0,"turns":7.0},{"damage":2.0,"enemies":"3 Shapes","floor":37.0,"turns":5.0},{"damage":25.0,"enemies":"Nemesis","floor":38.0,"turns":6.0},{"damage":0.0,"enemies":"Orb Walker","floor":39.0,"turns":2.0},{"damage":29.0,"enemies":"Spire Growth","floor":40.0,"turns":3.0},{"damage":16.0,"enemies":"3 Darklings","floor":43.0,"turns":5.0},{"damage":7.0,"enemies":"Reptomancer","floor":44.0,"turns":5.0},{"damage":7.0,"enemies":"Sphere and 2 Shapes","floor":45.0,"turns":4.0},{"damage":19,"enemies":"downfall:FleeingMerchant","floor":48,"turns":4},{"damage":24,"enemies":"Writhing Mass","floor":49,"turns":4},{"damage":100,"enemies":"downfall:Silent","floor":50,"turns":5},{"damage":83,"enemies":"downfall:CharBossMerchant","floor":52,"turns":11},{"damage":61,"enemies":"downfall:NeowBoss","floor":55,"turns":18}],"seed_played":"-8540928100392440347","potions_obtained":[{"floor":5.0,"key":"Strength Potion"},{"floor":12.0,"key":"SpeedPotion"},{"floor":13.0,"key":"Weak Potion"},{"floor":16.0,"key":"Dexterity Potion"},{"floor":21.0,"key":"Strength Potion"},{"floor":22.0,"key":"champ:OpenerPotion"},{"floor":23.0,"key":"hexamod:EctoCoolerPotion"},{"floor":32.0,"key":"Ancient Potion"},{"floor":33.0,"key":"champ:TechniquePotion"},{"floor":38.0,"key":"AttackPotion"},{"floor":49,"key":"EntropicBrew"}],"is_trial":false,"path_per_floor":["R","E","?","M","E","M","T","R","E","R","?","M","M","?","M","B",null,"R","?","E","M","?","E","T","E","R","M","M","$","?","?","M","B",null,"R","E","M","E","M","M","T","R","M","E","M","?","?","$","M","B",null,"E","$","R","B",null],"character_chosen":"THE_CHAMP","items_purchased":["Anchor","champ:DefensiveStyle","Strange Spoon","Du-Vu Doll","Transmutation","Mummified Hand","champ:DefensiveStyle","Happy Flower"],"campfire_rested":1,"item_purchase_floors":[29,29,48,48,48,53,53,53],"current_hp_per_floor":[90,90,90,90,64,62,62,62,72,72,72,72,68,63,71,66,84,84,84,51,52,58,64,64,90,100,100,100,100,90,90,98,69,92,92,60,59,78,78,65,65,65,57,60,73,73,73,85,106,77,99,45,45,76,103],"gold":12,"neow_bonus":"THREE_ENEMY_KILL","is_daily":false,"chose_seed":false,"campfire_upgraded":6,"win_rate":0.0,"timestamp":1608185798,"path_taken":["R","E","?","M","E","M","T","R","E","R","?","M","M","?","M","BOSS","R","?","E","M","?","E","T","E","R","M","?","$","?","?","M","BOSS","R","E","M","E","M","M","T","R","?","E","M","?","?","$","M","BOSS","E","$","R","BOSS"],"items_purchased_type":["Relic","Card","Relic","Relic","Card","Relic","Card","Relic"],"build_version":"2020-12-13","purchased_purges":3,"victory":true,"max_hp_per_floor":[90,90,90,90,90,90,90,90,90,90,90,90,90,90,90,90,90,90,90,90,90,90,90,90,90,100,100,100,100,100,100,100,100,100,100,100,100,100,100,100,100,100,100,100,100,100,100,100,106,106,106,106,106,106,106],"card_choices":[{"not_picked":["champ:Backstep","champ:TornadoPunch"],"picked":"champ:Shatter","floor":2.0},{"not_picked":["champ:BladeFlurry","champ:FocusedDefense"],"picked":"champ:GladiatorsShout","floor":3.0},{"not_picked":["champ:Encircle","champ:PerfectedStrike"],"picked":"champ:EndlessRage","floor":4.0},{"not_picked":["champ:EnragedBash","champ:Haymaker"],"picked":"champ:StrikeOfGenius","floor":5.0},{"not_picked":["champ:SwordSigil","champ:GladiatorsShout"],"picked":"champ:Haymaker","floor":6.0},{"not_picked":["champ:DefensiveShout","champ:ShieldWall"],"picked":"champ:GladiatorStyle","floor":9.0},{"not_picked":["champ:Control","champ:BerserkerStyle"],"picked":"champ:BringItOn","floor":12.0},{"not_picked":["champ:TornadoPunch","champ:ShieldSigil"],"picked":"champ:RageSigil","floor":13.0},{"not_picked":["champ:Haymaker","champ:HeartStrike","champ:SwordThrow"],"picked":"champ:AdrenalArmor","floor":15.0},{"not_picked":["champ:LastStand","champ:ShieldThrow","champ:PerfectForm"],"picked":"champ:DancingMaster","floor":16.0},{"not_picked":["champ:Haymaker","champ:GutPunch+1","champ:FaceSlap"],"picked":"champ:Duel","floor":20.0},{"not_picked":["champ:Control","champ:BerserkersShout","champ:Riposte"],"picked":"champ:Backstep","floor":21.0},{"not_picked":["champ:GladiatorsShout","champ:AdrenalArmor","champ:CrookedStrike+1"],"picked":"champ:Haymaker+1","floor":22.0},{"not_picked":["champ:ViciousMockery","champ:Duel","champ:SkillfulDodge+1"],"picked":"champ:RageSigil+1","floor":23.0},{"not_picked":["champ:BladeFlurry","champ:Encircle","champ:DefensiveShout"],"picked":"champ:Devastate","floor":25.0},{"not_picked":["champ:TornadoPunch","champ:FanOfKnives","champ:Backstep+1"],"picked":"champ:StanceDance","floor":27.0},{"not_picked":["champ:PerfectedStrike","champ:CrookedStrike","champ:Encircle"],"picked":"champ:CalledShot+1","floor":28.0},{"not_picked":["champ:FlashCut","champ:Circumvent","champ:SwordSigil"],"picked":"champ:StanceDance","floor":29.0},{"not_picked":["champ:SwordSigil","champ:Backstep","champ:PreciseThrust"],"picked":"champ:HoldFirm","floor":30.0},{"not_picked":["champ:FocusedGladiator","champ:AdrenalArmor+1","champ:RapidStrikes+1","champ:Circumvent"],"picked":"SKIP","floor":32.0},{"not_picked":["champ:Devastate","champ:HeavySlash","champ:SteelEdge"],"picked":"champ:CheapShot","floor":33.0},{"not_picked":["champ:GutPunch+1","champ:BerserkersShout+1","champ:EndlessRage"],"picked":"champ:FalseCounter","floor":36.0},{"not_picked":["champ:ShieldSigil+1","champ:EnragedBash+1","champ:Balance","champ:Haymaker+1"],"picked":"SKIP","floor":37.0},{"not_picked":["champ:Haymaker","champ:PerfectedStrike","champ:BringItOn"],"picked":"champ:EnGarde+1","floor":38.0},{"not_picked":["champ:Riposte+1","champ:SwordSigil+1","champ:EnragedBash"],"picked":"champ:BerserkerStyle","floor":39.0},{"not_picked":["champ:PerfectedStrike","champ:EnragedBash","champ:CrookedStrike"],"picked":"champ:Circumvent+1","floor":40.0},{"not_picked":["champ:ViciousMockery","champ:FalseCounter","champ:Balance+1","champ:CrookedStrike"],"picked":"SKIP","floor":43.0},{"not_picked":["champ:FocusedDefense","champ:EnchantShield","champ:PreciseThrust+1"],"picked":"champ:VampiricStrike","floor":44.0},{"not_picked":["champ:PerfectedStrike","champ:Control+1","champ:Circumvent","champ:FalseCounter+1"],"picked":"SKIP","floor":45.0},{"not_picked":["champ:Circumvent","champ:StanceDance","champ:Balance+1"],"picked":"champ:TornadoPunch","floor":48},{"not_picked":["champ:RageSigil","champ:Balance","champ:FaceSlap"],"picked":"champ:BerserkerStyle+1","floor":49},{"not_picked":["champ:ArenaPreparation+1","champ:GutPunch+1","champ:CrookedStrike+1"],"picked":"champ:EnGarde","floor":52}],"player_experience":4816544,"relics_obtained":[{"floor":2.0,"key":"TungstenRod"},{"floor":3.0,"key":"CloakClasp"},{"floor":5.0,"key":"Bronze Scales"},{"floor":7.0,"key":"Guardian:PocketSentry"},{"floor":9.0,"key":"Bag of Preparation"},{"floor":20.0,"key":"Ancient Tea Set"},{"floor":22.0,"key":"Toy Ornithopter"},{"floor":23.0,"key":"Shuriken"},{"floor":25.0,"key":"champ:DeflectingBracers"},{"floor":30.0,"key":"Red Mask"},{"floor":36.0,"key":"Sundial"},{"floor":38.0,"key":"Darkstone Periapt"},{"floor":41.0,"key":"The Courier"},{"floor":44.0,"key":"Meat on the Bone"},{"floor":52,"key":"Bottled Tornado"}],"event_choices":[{"damage_healed":0.0,"max_hp_gain":0.0,"max_hp_loss":0.0,"gold_gain":0.0,"event_name":"Scrap Ooze","player_choice":"Success","floor":14.0,"gold_loss":0.0,"damage_taken":7.0,"relics_obtained":["Question Card"]},{"damage_healed":0.0,"max_hp_gain":0.0,"max_hp_loss":0.0,"gold_gain":0.0,"event_name":"Masked Bandits","player_choice":"Fought Bandits","floor":30.0,"gold_loss":0.0,"damage_taken":0.0},{"damage_healed":0.0,"max_hp_gain":0.0,"max_hp_loss":0.0,"gold_gain":0.0,"event_name":"Accursed Blacksmith","player_choice":"Rummage","floor":31.0,"gold_loss":0.0,"damage_taken":0.0,"relics_obtained":["WarpedTongs"],"cards_obtained":["Pain"]},{"cards_removed":["champ:Circumvent"],"damage_healed":0.0,"max_hp_gain":0.0,"max_hp_loss":0.0,"gold_gain":0.0,"event_name":"Falling","player_choice":"Removed Skill","floor":46.0,"gold_loss":0.0,"damage_taken":0.0}],"is_beta":false,"boss_relics":[{"not_picked":["SacredBark","Ectoplasm"],"picked":"Philosopher\u0027s Stone"},{"not_picked":["Calling Bell","Astrolabe"],"picked":"Snecko Eye"}],"items_purged_floors":[29,48,53],"is_endless":false,"potions_floor_spawned":[5,12,13,16,21,23,32,33,38,39,43,49],"ascension_level":5}}