{"host":"bucz1ta8m37ss0gy","time":1608223495,"event":{"mods":["Abigail Mod","BaseMod","CapriCore","GungeonMod","Koishi","Marisa£¨Ùöéë¡¡Øª×âÞÞ£©","Minty Spire (QoL Compilation)","Railgun Mod","StSLib","The Bug Knight","The Dragon Tamer","The Immortal","The Wild Card","WarShipGirlsR/??á´Ò³R mod","Youmu£¨ûëÛÞèí?£©"],"gold_per_floor":[111,124,142,142,162,178,211,229,229,229,240,240,240,240],"floor_reached":13,"playtime":546,"items_purged":[],"score":89,"play_id":"230b0960-d808-43d7-90ea-5e80016f1938","local_time":"20201218014455","is_ascension_mode":false,"campfire_choices":[{"floor":12,"key":"REST"}],"circlet_count":0,"master_deck":["rmod:strick","rmod:strick","rmod:strick","rmod:strick","rmod:defend","rmod:defend","rmod:defend","rmod:defend+1","rmod:basicallowance","rmod:maingunfire","rmod:firesupport","rmod:robin+1","rmod:aluminumsupply","rmod:expedition","rmod:supportescort","rmod:mineteam+1","rmod:windflower","rmod:aviationdawn"],"relics":["rmod:firstchargereward","NeowsBlessing","Frozen Egg 2","Peace Pipe","NlothsMask"],"acts_visited":["Exordium"],"potions_floor_usage":[],"damage_taken":[{"damage":0,"enemies":"2 Louse","floor":1,"turns":1},{"damage":0,"enemies":"Cultist","floor":2,"turns":1},{"damage":0,"enemies":"Small Slimes","floor":3,"turns":1},{"damage":2,"enemies":"Gremlin Gang","floor":5,"turns":6},{"damage":9,"enemies":"Blue Slaver","floor":6,"turns":3},{"damage":37,"enemies":"Gremlin Nob","floor":7,"turns":5},{"damage":0,"enemies":"Large Slime","floor":8,"turns":4},{"damage":3,"enemies":"Exordium Wildlife","floor":11,"turns":5},{"damage":34,"enemies":"Lagavulin","floor":13,"turns":5}],"seed_played":"-1742143898992424261","potions_obtained":[{"floor":5,"key":"LiquidMemories"},{"floor":11,"key":"Weak Potion"}],"is_trial":false,"path_per_floor":["M","M","M","?","M","M","E","M","T","?","M","R","E"],"character_chosen":"PRAEFECT","items_purchased":[],"campfire_rested":1,"item_purchase_floors":[],"current_hp_per_floor":[75,75,75,60,58,49,12,12,12,12,9,31,0,0],"gold":240,"neow_bonus":"THREE_ENEMY_KILL","is_daily":false,"chose_seed":false,"campfire_upgraded":0,"win_rate":0.0,"timestamp":1608223495,"path_taken":["M","M","M","?","M","M","E","M","T","?","?","R","E"],"items_purchased_type":[],"build_version":"2020-12-13","purchased_purges":0,"victory":false,"max_hp_per_floor":[75,75,75,75,75,75,75,75,75,75,75,75,75,75],"card_choices":[{"not_picked":["rmod:luckystar","rmod:unsinkable"],"picked":"rmod:firesupport","floor":1},{"not_picked":["rmod:heivgo","rmod:unsinkable"],"picked":"rmod:robin","floor":2},{"not_picked":["rmod:slowdown","rmod:seals"],"picked":"rmod:aluminumsupply","floor":3},{"not_picked":["rmod:luckystar","rmod:wolves"],"picked":"rmod:expedition","floor":5},{"not_picked":["rmod:generalist","rmod:openingtorpedo"],"picked":"rmod:supportescort","floor":6},{"not_picked":["rmod:tearstotiara","rmod:smokecover"],"picked":"rmod:mineteam+1","floor":7},{"not_picked":["rmod:ammunitionsupply","rmod:firesupport"],"picked":"rmod:windflower","floor":8},{"not_picked":["rmod:selfconfidence","rmod:aluminumsupply"],"picked":"rmod:aviationdawn","floor":11}],"player_experience":297144,"relics_obtained":[{"floor":7,"key":"Frozen Egg 2"},{"floor":9,"key":"Peace Pipe"}],"event_choices":[{"damage_healed":0,"gold_gain":0,"player_choice":"Entered Light","damage_taken":15,"max_hp_gain":0,"max_hp_loss":0,"event_name":"Shining Light","floor":4,"gold_loss":0,"cards_upgraded":["rmod:defend","rmod:robin"]},{"damage_healed":0,"gold_gain":0,"player_choice":"Trade","damage_taken":0,"relics_obtained":["NlothsMask"],"max_hp_gain":0,"max_hp_loss":0,"event_name":"FaceTrader","floor":10,"gold_loss":0}],"is_beta":false,"boss_relics":[],"items_purged_floors":[],"is_endless":false,"potions_floor_spawned":[5,11],"killed_by":"Lagavulin","ascension_level":0}}