{"host":"1rf9pknejqhzkc4o","time":1608223259,"event":{"mods":["Aspiration","BaseMod","Better Altar","Better Match","Better Note","Better Sensory Stone","Better Skull","Better Third Choice","Colored Map","Colored Powertips","Communication Mod","Conspire","Energized Spire","Hubris","Infinite Spire","Ironclad Rager","Minty Spire (QoL Compilation)","Quick Restart","RNG Fix","Rare Cards Sparkle","Relic Stats","Replay The Spire","Retaliation","Spicy Shops","StSLib","The Blue Laboratory","Trackpad"],"gold_per_floor":[113,172,185,196,212,212,224,224,224,237,237,198,216,70,70,165,165,180,190,39,39,39,39,59,72,95,109,121,138,138,138,138,138,138],"floor_reached":33,"playtime":2371,"items_purged":[],"score":268,"play_id":"f12a67be-29cd-4444-8356-05b8bd9e6e56","local_time":"20201217194059","is_ascension_mode":false,"campfire_choices":[{"data":"SandsOfTime","floor":6,"key":"SMITH"},{"data":"Eruption","floor":8,"key":"SMITH"},{"data":"infinitespire:DeathsTouch","floor":15,"key":"SMITH"},{"floor":23,"key":"REST"},{"floor":32,"key":"REST"}],"circlet_count":0,"master_deck":["Strike_P","Strike_P","Strike_P","Strike_P","Defend_P","Defend_P","Defend_P","Defend_P","Eruption+1","Vigilance","Halt","SandsOfTime+1","CrushJoints","Consecrate","FlyingSleeves","Protect","BowlingBash","infinitespire:DeathsTouch+1","Consecrate","Consecrate","Consecrate","DeusExMachina","WheelKick","CrushJoints+1","BowlingBash","FollowUp","Replay:AtTheReady","Replay:Anticipation+1","EmptyBody","Amnesia"],"relics":["PureWater","aspiration:Nostalgia","Burning Blood","infinitespire:ShieldingShard","trackpad:ToughGloves","Bag of Marbles","Strange Spoon","aspiration:RitualStick","infinitespire:Satchel","aspiration:ChemicalBlood","hubris:ScarierMask","Eternal Feather","ReplayTheSpireMod:Ring of Collecting","ReplayTheSpireMod:Ring of Exchange"],"acts_visited":["Exordium","TheCity"],"potions_floor_usage":[27,33],"damage_taken":[{"damage":6,"enemies":"conspire:RoseBush","floor":1,"turns":2},{"damage":19,"enemies":"Jaw Worm","floor":3,"turns":3},{"damage":0,"enemies":"Cultist","floor":4,"turns":2},{"damage":4,"enemies":"2 Fungi Beasts","floor":5,"turns":4},{"damage":4,"enemies":"Looter","floor":7,"turns":3},{"damage":0,"enemies":"conspire:2 RoseBushes","floor":10,"turns":3},{"damage":0,"enemies":"2 Fungi Beasts","floor":13,"turns":2},{"damage":8,"enemies":"Fading Forest","floor":16,"turns":11},{"damage":11,"enemies":"Shell Parasite","floor":18,"turns":5},{"damage":4,"enemies":"Chosen","floor":19,"turns":2},{"damage":15,"enemies":"Snake Plant","floor":24,"turns":2},{"damage":24,"enemies":"Snecko","floor":25,"turns":5},{"damage":21,"enemies":"Shelled Parasite and Fungi","floor":27,"turns":5},{"damage":11,"enemies":"Centurion and Healer","floor":28,"turns":4},{"damage":15,"enemies":"Snake Plant","floor":29,"turns":2},{"damage":73,"enemies":"Collector","floor":33,"turns":6}],"seed_played":"-7711361275210598298","potions_obtained":[{"floor":2,"key":"FearPotion"},{"floor":3,"key":"blueLaboratory:NullPotion"},{"floor":5,"key":"blueLaboratory:PhilterOfMotion"},{"floor":10,"key":"LiquidMemories"},{"floor":13,"key":"Explosive Potion"},{"floor":24,"key":"blueLaboratory:FruitPunch"},{"floor":27,"key":"AttackPotion"}],"is_trial":false,"path_per_floor":["M","?","M","M","M","R","M","R","T","M","?","$","M","$","R","B",null,"M","M","$","?","?","R","M","M","T","M","M","M","AVR","?","R","B"],"character_chosen":"WATCHER","items_purchased":["Consecrate","Bag of Marbles","Strange Spoon"],"campfire_rested":2,"item_purchase_floors":[12,14,20],"current_hp_per_floor":[72,72,59,65,67,67,69,69,69,72,72,72,72,72,72,71,72,67,69,69,55,55,72,63,45,45,32,27,18,18,18,58,0,0],"gold":138,"neow_bonus":"NOSTALGIA","is_daily":false,"chose_seed":false,"campfire_upgraded":3,"win_rate":0.0,"timestamp":1608223259,"path_taken":["M","?","M","M","?","R","M","R","T","?","?","$","M","?","R","BOSS","M","M","$","?","?","R","M","M","T","M","M","?","AVR","?","R","BOSS"],"items_purchased_type":["Card","Relic","Relic"],"build_version":"2020-12-13","purchased_purges":0,"victory":false,"max_hp_per_floor":[72,72,72,72,72,72,72,72,72,72,72,72,72,72,72,72,72,72,72,72,72,72,72,72,72,72,74,74,74,74,74,74,74,74],"relic_stats":{"Strange Spoon":[6],"counters":[16,61],"Eternal Feather":18,"obtain_stats":[{"ReplayTheSpireMod:Ring of Exchange":31,"aspiration:Nostalgia":0,"Eternal Feather":30,"Burning Blood":0,"aspiration:RitualStick":21,"trackpad:ToughGloves":9,"Strange Spoon":20,"infinitespire:ShieldingShard":2,"ReplayTheSpireMod:Ring of Collecting":31,"infinitespire:Satchel":22,"hubris:ScarierMask":30,"Bag of Marbles":14,"PureWater":0,"aspiration:ChemicalBlood":26},{"ReplayTheSpireMod:Ring of Exchange":15,"aspiration:Nostalgia":0,"Eternal Feather":15,"Burning Blood":0,"aspiration:RitualStick":10,"trackpad:ToughGloves":5,"Strange Spoon":10,"infinitespire:ShieldingShard":1,"ReplayTheSpireMod:Ring of Collecting":15,"infinitespire:Satchel":10,"hubris:ScarierMask":15,"Bag of Marbles":7,"PureWater":0,"aspiration:ChemicalBlood":12},{"ReplayTheSpireMod:Ring of Exchange":55,"aspiration:Nostalgia":0,"Eternal Feather":55,"Burning Blood":0,"aspiration:RitualStick":37,"trackpad:ToughGloves":14,"Strange Spoon":37,"infinitespire:ShieldingShard":2,"ReplayTheSpireMod:Ring of Collecting":55,"infinitespire:Satchel":37,"hubris:ScarierMask":55,"Bag of Marbles":19,"PureWater":0,"aspiration:ChemicalBlood":44}],"Burning Blood":81,"aspiration:RitualStick":[0]},"card_choices":[{"not_picked":["ForeignInfluence","Prostrate"],"picked":"Halt","floor":1},{"not_picked":["Replay:Vibes","SashWhip"],"picked":"SandsOfTime","floor":2},{"not_picked":["Worship","ThirdEye"],"picked":"CrushJoints","floor":3},{"not_picked":["BowlingBash","EmptyFist"],"picked":"Consecrate","floor":4},{"not_picked":["CrushJoints","Crescendo"],"picked":"FlyingSleeves","floor":5},{"not_picked":["Prostrate","ClearTheMind"],"picked":"Protect","floor":7},{"not_picked":["Prostrate","Omniscience"],"picked":"BowlingBash","floor":10},{"not_picked":["JustLucky","Nirvana"],"picked":"Consecrate","floor":13},{"not_picked":["Alpha","SpiritShield"],"picked":"DeusExMachina","floor":16},{"not_picked":["EmptyBody+1","Replay:ManipulateFuture"],"picked":"WheelKick","floor":18},{"not_picked":["Crescendo","Replay:BluntJabs+1"],"picked":"CrushJoints+1","floor":19},{"not_picked":["FlurryOfBlows","Replay:ManipulateFuture"],"picked":"BowlingBash","floor":24},{"not_picked":["Study+1","InnerPeace+1"],"picked":"FollowUp","floor":25},{"not_picked":["Replay:DivineShield","ThirdEye"],"picked":"Replay:AtTheReady","floor":27},{"not_picked":["Indignation","Halt"],"picked":"Replay:Anticipation+1","floor":28},{"not_picked":["FearNoEvil","JustLucky"],"picked":"EmptyBody","floor":29}],"player_experience":140994,"relics_obtained":[{"floor":2,"key":"infinitespire:ShieldingShard"},{"floor":9,"key":"trackpad:ToughGloves"},{"floor":26,"key":"aspiration:ChemicalBlood"},{"floor":31,"key":"ReplayTheSpireMod:Ring of Collecting"},{"floor":31,"key":"ReplayTheSpireMod:Ring of Exchange"}],"event_choices":[{"cards_removed":["infinitespire:DeathsTouch"],"damage_healed":0,"gold_gain":0,"player_choice":"Take \u0026 Give","damage_taken":0,"max_hp_gain":0,"max_hp_loss":0,"event_name":"betterNote:BetterNote","floor":11,"gold_loss":0,"cards_obtained":["infinitespire:DeathsTouch"]}],"is_beta":false,"boss_relics":[{"not_picked":["Painkiller Herb","Replay:Drink Me","energizedSpire:SpiderWeb"]}],"items_purged_floors":[],"is_endless":false,"potions_floor_spawned":[3,5,10,13,16,24,25,27],"killed_by":"Collector","ascension_level":0}}