{"host":"dntw6kil9p09eemm","time":1608245722,"event":{"mods":["BaseMod","Become a monster €›?Œ÷","BetterRewards","Colored Powertips","Hermit","Minty Spire (QoL Compilation)","Permanent Neow","Shop Mod","Spicy Shops","StSLib","The Factory","The Runesmith","Waifu the Spire","vexMod"],"gold_per_floor":[117,117,117,137,137,155,172,172,196,196,196,227,8,28,47,64,64,168,168,186,186,186,198,223,223,154,174,224,254,266,266],"floor_reached":30,"playtime":1220,"items_purged":["Defend_B"],"score":257,"play_id":"09b17cf1-0cb2-47fd-b2ac-3d2c0b3b27da","local_time":"20201218075522","is_ascension_mode":false,"campfire_choices":[{"data":"Zap","floor":8,"key":"SMITH"},{"floor":17,"key":"REST"},{"data":"Redo","floor":25,"key":"SMITH"}],"circlet_count":0,"master_deck":["Strike_B","Defend_B+1","Zap+1","Dualcast","Redo+1","Sweeping Beam","Leap","Echo Form","Turbo","Compile Driver","Double Energy","Go for the Eyes","Static Discharge","Meteor Strike","Hologram+1","Melter","Biased Cognition","Redo+1","Melter","Core Surge","Sunder","Beam Cell+1"],"relics":["Cracked Core","Odd Mushroom","War Paint","Shuriken","MerchantsRug","Black Star","Enchiridion","MawBank"],"acts_visited":["Exordium","TheCity"],"potions_floor_usage":[12,12,20],"damage_taken":[{"damage":0,"enemies":"Cultist","floor":1,"turns":4},{"damage":0,"enemies":"3 Shapes","floor":4,"turns":1},{"damage":0,"enemies":"Small Slimes","floor":6,"turns":3},{"damage":17,"enemies":"Exordium Thugs","floor":7,"turns":5},{"damage":26,"enemies":"The Mushroom Lair","floor":9,"turns":3},{"damage":9,"enemies":"Gremlin Nob","floor":12,"turns":4},{"damage":0,"enemies":"Large Slime","floor":14,"turns":4},{"damage":0,"enemies":"3 Louse","floor":15,"turns":2},{"damage":0,"enemies":"2 Fungi Beasts","floor":16,"turns":4},{"damage":34,"enemies":"Slime Boss","floor":18,"turns":7},{"damage":0,"enemies":"Spheric Guardian","floor":20,"turns":3},{"damage":5,"enemies":"Chosen","floor":23,"turns":4},{"damage":19,"enemies":"Centurion and Healer","floor":27,"turns":7},{"damage":16,"enemies":"Snake Plant","floor":29,"turns":3},{"damage":28,"enemies":"Shelled Parasite and Fungi","floor":30,"turns":2}],"seed_played":"-8615920647276236625","potions_obtained":[{"floor":1,"key":"BlessingOfTheForge"},{"floor":9,"key":"DistilledChaos"},{"floor":14,"key":"CultistPotion"},{"floor":16,"key":"SneckoOil"},{"floor":23,"key":"Ancient Potion"},{"floor":27,"key":"SpeedPotion"}],"is_trial":false,"path_per_floor":["M","M","M","M","?","M","M","R","?","?","T","E","$","M","M","M","R","B",null,"M","?","?","M","$","R","$","M","T","M","M"],"character_chosen":"DEFECT","items_purchased":["MerchantsRug","Melter","Core Surge"],"campfire_rested":1,"item_purchase_floors":[13,24,26],"current_hp_per_floor":[75,75,75,75,75,75,58,58,32,32,32,23,23,23,23,23,45,11,75,75,59,59,54,54,54,54,35,35,19,0,0],"gold":266,"neow_bonus":"TRANSFORM_CARD","is_daily":false,"chose_seed":false,"campfire_upgraded":2,"win_rate":0.0,"timestamp":1608245722,"path_taken":["M","M","?","M","M","R","?","?","T","E","$","M","M","M","R","BOSS","M","?","?","M","$","R","$","M","T","?","M"],"items_purchased_type":["Relic","Card","Card"],"build_version":"2020-12-13","purchased_purges":1,"victory":false,"max_hp_per_floor":[75,75,75,75,75,75,75,75,75,75,75,75,75,75,75,75,75,75,75,75,75,75,75,75,75,75,75,75,75,75,75],"card_choices":[{"not_picked":["Glacier","Defragment"],"picked":"Sweeping Beam","floor":1},{"not_picked":["Cold Snap","Steam"],"picked":"Leap","floor":4},{"not_picked":["Doom and Gloom","White Noise"],"picked":"Turbo","floor":6},{"not_picked":["Barrage","Stack"],"picked":"Compile Driver","floor":7},{"not_picked":["Barrage","Heatsinks"],"picked":"Double Energy","floor":9},{"not_picked":["Stack","Go for the Eyes","Rainbow"],"picked":"SKIP","floor":12},{"not_picked":["Glacier","Force Field","Gash"],"picked":"SKIP","floor":14},{"not_picked":["Capacitor","Gash"],"picked":"Static Discharge","floor":15},{"not_picked":["Cold Snap","Gash","Glacier"],"picked":"SKIP","floor":16},{"not_picked":["Machine Learning","Hyperbeam"],"picked":"Meteor Strike","floor":18},{"not_picked":["Barrage+1","Rebound"],"picked":"Hologram+1","floor":20},{"not_picked":["Capacitor","Stack+1"],"picked":"Redo+1","floor":23},{"not_picked":["Go for the Eyes","Fusion+1"],"picked":"Sunder","floor":27},{"not_picked":["Compile Driver","Fusion+1"],"picked":"Beam Cell+1","floor":29}],"player_experience":187617,"relics_obtained":[{"floor":9,"key":"Odd Mushroom"},{"floor":11,"key":"War Paint"},{"floor":12,"key":"Shuriken"},{"floor":21,"key":"Enchiridion"},{"floor":28,"key":"MawBank"}],"event_choices":[{"damage_healed":0,"gold_gain":0,"cards_transformed":["Defend_B"],"player_choice":"Change","damage_taken":0,"max_hp_gain":0,"max_hp_loss":0,"event_name":"Living Wall","floor":5,"gold_loss":0,"cards_obtained":["Echo Form"]},{"damage_healed":0,"gold_gain":0,"player_choice":"Fought Mushrooms","damage_taken":0,"max_hp_gain":0,"max_hp_loss":0,"event_name":"Mushrooms","floor":9,"gold_loss":0},{"damage_healed":0,"gold_gain":0,"cards_transformed":["Strike_B"],"player_choice":"Transformed","damage_taken":0,"max_hp_gain":0,"max_hp_loss":0,"event_name":"Transmorgrifier","floor":10,"gold_loss":0,"cards_obtained":["Go for the Eyes"]},{"damage_healed":0,"gold_gain":0,"player_choice":"Obtained Book","damage_taken":16,"max_hp_gain":0,"max_hp_loss":0,"event_name":"Cursed Tome","floor":21,"gold_loss":0},{"damage_healed":0,"gold_gain":0,"cards_transformed":["Strike_B","Defend_B"],"player_choice":"Became Test Subject","damage_taken":0,"max_hp_gain":0,"max_hp_loss":0,"event_name":"Drug Dealer","floor":22,"gold_loss":0,"cards_obtained":["Melter","Biased Cognition"]}],"is_beta":false,"boss_relics":[{"not_picked":["vexMod:EndlessSickness","SacredBark"],"picked":"Black Star"}],"items_purged_floors":[13],"is_endless":false,"potions_floor_spawned":[1,9,14,16,23,27],"killed_by":"Shelled Parasite and Fungi","ascension_level":0}}