{"host":"hfxp6ue4pvwo3fit","time":1608199426,"event":{"mods":["AchievementEnabler","BaseMod","Colored Map","Colored Powertips","Highlight Path","Minty Spire (QoL Compilation)","StSLib","SuperFastMode"],"gold_per_floor":[109,24,42,42,42,76,76,109,178,178,194,214,232,255,255,353,353,293,174,174,174,174,174,174,174,174,174,174,174,174,86,86,86,86,86,86,86,86,86,86,86,86,86,86,86,11,11,11,11,11,11],"floor_reached":50,"playtime":1875,"items_purged":["Strike_G"],"score":1250,"play_id":"92a20b80-4a6d-4ec0-a595-ac0a6fa35e42","local_time":"20201217040346","is_ascension_mode":true,"campfire_choices":[{"data":"Blade Dance","floor":7,"key":"SMITH"},{"data":"Dash","floor":10,"key":"SMITH"},{"data":"Footwork","floor":15,"key":"SMITH"},{"data":"Night Terror","floor":24,"key":"SMITH"},{"data":"Cloak And Dagger","floor":27,"key":"SMITH"},{"data":"Blade Dance","floor":29,"key":"SMITH"},{"floor":32,"key":"REST"},{"floor":42,"key":"REST"},{"floor":44,"key":"REST"},{"floor":47,"key":"REST"},{"floor":49,"key":"REST"}],"circlet_count":0,"master_deck":["AscendersBane","Defend_G","Defend_G","Defend_G","Defend_G","Defend_G","Survivor","Neutralize","Cloak And Dagger+1","Blade Dance+1","PiercingWail","Blade Dance+1","Dash+1","Adrenaline","Footwork+1","Endless Agony","Night Terror+1","Footwork","Backstab","Blade Dance","PiercingWail","Footwork","Adrenaline","Reflex+1","Deflect+1","PiercingWail+1","Storm of Steel","Endless Agony","Terror","Backflip","PiercingWail+1","Blade Dance+1","Accuracy"],"relics":["WristBlade","Golden Idol","Bronze Scales","Bag of Preparation","Pear","Ectoplasm","MutagenicStrength","Regal Pillow","Oddly Smooth Stone","Dream Catcher","Red Mask","Astrolabe","Molten Egg 2","Question Card","Boot"],"acts_visited":["Exordium","TheCity","TheBeyond"],"potions_floor_usage":[16,33,33,40,41,45,50],"damage_taken":[{"damage":0,"enemies":"2 Louse","floor":1,"turns":3},{"damage":1,"enemies":"Small Slimes","floor":3,"turns":3},{"damage":14,"enemies":"3 Sentries","floor":6,"turns":6},{"damage":6,"enemies":"Lagavulin","floor":8,"turns":5},{"damage":0,"enemies":"Cultist","floor":11,"turns":2},{"damage":0,"enemies":"Lots of Slimes","floor":12,"turns":2},{"damage":0,"enemies":"Large Slime","floor":13,"turns":4},{"damage":0,"enemies":"Exordium Thugs","floor":14,"turns":3},{"damage":0,"enemies":"Slime Boss","floor":16,"turns":5},{"damage":0,"enemies":"2 Thieves","floor":18,"turns":4},{"damage":0,"enemies":"Chosen","floor":21,"turns":2},{"damage":0,"enemies":"Centurion and Healer","floor":22,"turns":5},{"damage":5,"enemies":"Gremlin Leader","floor":23,"turns":6},{"damage":13,"enemies":"Book of Stabbing","floor":25,"turns":4},{"damage":0,"enemies":"Masked Bandits","floor":28,"turns":2},{"damage":0,"enemies":"3 Cultists","floor":30,"turns":3},{"damage":53,"enemies":"Collector","floor":33,"turns":13},{"damage":10,"enemies":"3 Darklings","floor":35,"turns":5},{"damage":0,"enemies":"Orb Walker","floor":38,"turns":2},{"damage":24,"enemies":"3 Darklings","floor":39,"turns":10},{"damage":12,"enemies":"Writhing Mass","floor":40,"turns":4},{"damage":0,"enemies":"Maw","floor":41,"turns":7},{"damage":27,"enemies":"Reptomancer","floor":45,"turns":7},{"damage":19,"enemies":"Giant Head","floor":48,"turns":5},{"damage":74,"enemies":"Awakened One","floor":50,"turns":8}],"seed_played":"6169405621044867744","potions_obtained":[{"floor":3,"key":"Ancient Potion"},{"floor":6,"key":"GamblersBrew"},{"floor":8,"key":"Swift Potion"},{"floor":18,"key":"AttackPotion"},{"floor":25,"key":"Dexterity Potion"},{"floor":38,"key":"CunningPotion"},{"floor":39,"key":"Energy Potion"},{"floor":40,"key":"Energy Potion"},{"floor":41,"key":"AttackPotion"}],"is_trial":false,"path_per_floor":["M","$","M","?","?","E","R","E","T","R","M","M","M","M","R","B",null,"M","$","?","M","M","E","R","E","T","R","?","R","M","$","R","B",null,"M","?","?","M","M","M","M","R","T","R","E","$","R","E","R","B"],"character_chosen":"THE_SILENT","items_purchased":["Blade Dance","PiercingWail","Footwork","Footwork","Accuracy"],"campfire_rested":5,"item_purchase_floors":[2,2,19,31,46],"current_hp_per_floor":[59,59,58,38,38,24,24,18,28,28,28,28,28,28,28,28,60,60,60,60,60,60,55,55,42,42,42,42,42,42,42,70,17,57,47,47,47,47,23,11,11,47,47,70,43,43,70,51,70,0,0],"gold":11,"neow_bonus":"BOSS_RELIC","is_daily":false,"chose_seed":false,"campfire_upgraded":6,"win_rate":0.0,"timestamp":1608199426,"path_taken":["M","$","M","?","?","E","R","E","T","R","M","M","M","M","R","BOSS","M","$","?","M","M","E","R","E","T","R","?","R","M","$","R","BOSS","M","?","?","M","?","M","M","R","T","R","E","?","R","E","R","BOSS"],"items_purchased_type":["Card","Card","Card","Card","Card"],"build_version":"2020-12-13","purchased_purges":1,"victory":false,"max_hp_per_floor":[66,66,66,66,60,60,60,60,70,70,70,70,70,70,70,70,70,70,70,70,70,70,70,70,70,70,70,70,70,70,70,70,70,70,70,70,70,70,70,70,70,70,70,70,70,70,70,70,70,70,70],"card_choices":[{"not_picked":["Flying Knee","Slice"],"picked":"Cloak And Dagger","floor":1},{"not_picked":["Leg Sweep","Deflect"],"picked":"Blade Dance","floor":3},{"not_picked":["Poisoned Stab","Grand Finale"],"picked":"Dash","floor":6},{"not_picked":["Slice","Prepared"],"picked":"Adrenaline","floor":8},{"not_picked":["Slice","Prepared"],"picked":"Footwork","floor":11},{"not_picked":["Deadly Poison","Outmaneuver"],"picked":"Endless Agony","floor":12},{"not_picked":["Quick Slash","Deadly Poison","Dodge and Roll"],"picked":"SKIP","floor":13},{"not_picked":["Flechettes","Dagger Throw","Flying Knee"],"picked":"SKIP","floor":14},{"not_picked":["Grand Finale","Doppelganger"],"picked":"Night Terror","floor":16},{"not_picked":["Masterful Stab","Deflect","Quick Slash"],"picked":"SKIP","floor":18},{"not_picked":["Well Laid Plans","Flying Knee"],"picked":"Backstab","floor":21},{"not_picked":["Acrobatics","Finisher"],"picked":"Blade Dance","floor":22},{"not_picked":["Blur","Dodge and Roll","Blade Dance"],"picked":"SKIP","floor":23},{"not_picked":["Prepared","Infinite Blades","Heel Hook"],"picked":"SKIP","floor":25},{"not_picked":["Setup","Quick Slash+1"],"picked":"PiercingWail","floor":28},{"not_picked":["Flechettes","All Out Attack","Dash"],"picked":"SKIP","floor":30},{"not_picked":["Die Die Die","Grand Finale"],"picked":"Adrenaline","floor":33},{"not_picked":["Underhanded Strike","Sucker Punch","Masterful Stab+1"],"picked":"SKIP","floor":35},{"not_picked":["Dagger Spray+1","Reflex"],"picked":"Endless Agony","floor":38},{"not_picked":["Blade Dance","Flying Knee"],"picked":"Terror","floor":39},{"not_picked":["Deadly Poison","Bullet Time"],"picked":"Backflip","floor":40},{"not_picked":["Crippling Poison","Dagger Spray+1"],"picked":"PiercingWail+1","floor":41},{"not_picked":["All Out Attack+1","Underhanded Strike+1"],"picked":"Blade Dance+1","floor":44},{"not_picked":["Masterful Stab+1","Eviscerate+1","Skewer+1"],"picked":"SKIP","floor":45},{"not_picked":["Expertise+1","Phantasmal Killer","Cloak And Dagger","Caltrops"],"picked":"SKIP","floor":48}],"player_experience":381342,"relics_obtained":[{"floor":6,"key":"Bronze Scales"},{"floor":8,"key":"Bag of Preparation"},{"floor":9,"key":"Pear"},{"floor":23,"key":"Regal Pillow"},{"floor":25,"key":"Oddly Smooth Stone"},{"floor":26,"key":"Dream Catcher"},{"floor":28,"key":"Red Mask"},{"floor":43,"key":"Molten Egg 2"},{"floor":45,"key":"Question Card"},{"floor":48,"key":"Boot"}],"event_choices":[{"damage_healed":0,"gold_gain":0,"player_choice":"Entered Light","damage_taken":20,"max_hp_gain":0,"max_hp_loss":0,"event_name":"Shining Light","floor":4,"gold_loss":0,"cards_upgraded":["Strike_G","Strike_G"]},{"damage_healed":0,"gold_gain":0,"player_choice":"Lose Max HP","damage_taken":0,"relics_obtained":["Golden Idol"],"max_hp_gain":0,"max_hp_loss":6,"event_name":"Golden Idol","floor":5,"gold_loss":0},{"damage_healed":0,"gold_gain":0,"player_choice":"Inject Mutagens","damage_taken":0,"relics_obtained":["MutagenicStrength"],"max_hp_gain":0,"max_hp_loss":0,"event_name":"Drug Dealer","floor":20,"gold_loss":0},{"damage_healed":0,"gold_gain":0,"player_choice":"Fought Bandits","damage_taken":0,"max_hp_gain":0,"max_hp_loss":0,"event_name":"Masked Bandits","floor":28,"gold_loss":0},{"damage_healed":0,"gold_gain":0,"player_choice":"Ignored","damage_taken":0,"max_hp_gain":0,"max_hp_loss":0,"event_name":"The Moai Head","floor":36,"gold_loss":0},{"damage_healed":0,"gold_gain":0,"cards_transformed":["Strike_G"],"player_choice":"Transformed","damage_taken":0,"max_hp_gain":0,"max_hp_loss":0,"event_name":"Transmorgrifier","floor":37,"gold_loss":0,"cards_obtained":["Storm of Steel"]}],"is_beta":false,"boss_relics":[{"not_picked":["Runic Pyramid","Cursed Key"],"picked":"Ectoplasm"},{"not_picked":["Velvet Choker","SacredBark"],"picked":"Astrolabe"}],"items_purged_floors":[19],"is_endless":false,"potions_floor_spawned":[3,6,8,18,23,25,28,38,39,40,41],"killed_by":"Awakened One","ascension_level":20}}