{"host":"yecadp3kwkksam5a","time":1608204255,"event":{"mods":["BaseMod","Minty Spire (QoL Compilation)","StSLib","The Gatherer"],"gold_per_floor":[117,128,139,158,174,174,203,203,203,153,153,153,153],"floor_reached":11,"playtime":458,"items_purged":[],"score":100,"play_id":"88298001-bf38-4d62-8906-f4ff45267357","local_time":"20201217202415","is_ascension_mode":false,"metric_token":285,"campfire_choices":[{"data":"Gatherer:EnergyBasket","floor":6.0,"key":"SMITH"},{"data":"Gatherer:Frenzy","floor":8.0,"key":"SMITH"}],"circlet_count":0,"master_deck":["Gatherer:Strike_Gatherer","Gatherer:Strike_Gatherer","Gatherer:Strike_Gatherer","Gatherer:Strike_Gatherer","Gatherer:Defend_Gatherer","Gatherer:Defend_Gatherer","Gatherer:Defend_Gatherer","Gatherer:Defend_Gatherer","Gatherer:Defend_Gatherer","Gatherer:Centralize","Gatherer:FlowerWhip","Gatherer:MiningStrike","Gatherer:Duplicator","Gatherer:EnergyBasket+1","Gatherer:FruitForce","Gatherer:Frenzy+1"],"relics":["Gatherer:AlchemyBag","Dead Branch","Matryoshka","Omamori"],"acts_visited":["Exordium"],"potions_floor_usage":[],"damage_taken":[{"damage":3.0,"enemies":"Jaw Worm","floor":1.0,"turns":4.0},{"damage":0.0,"enemies":"2 Louse","floor":2.0,"turns":2.0},{"damage":0.0,"enemies":"Cultist","floor":3.0,"turns":3.0},{"damage":12.0,"enemies":"Exordium Wildlife","floor":4.0,"turns":3.0},{"damage":8.0,"enemies":"Red Slaver","floor":5.0,"turns":3.0},{"damage":0.0,"enemies":"Gremlin Nob","floor":7.0,"turns":2.0},{"damage":0,"enemies":"Lagavulin","floor":11,"turns":1}],"seed_played":"-6650446703771471770","potions_obtained":[{"floor":2.0,"key":"Fire Potion"},{"floor":7.0,"key":"GamblersBrew"}],"is_trial":false,"path_per_floor":["M","M","M","M","M","R","E","R","T","?","E"],"character_chosen":"THE_GATHERER","items_purchased":[],"campfire_rested":0,"item_purchase_floors":[],"current_hp_per_floor":[62,62,62,54,46,46,46,46,46,46,46,46,46],"gold":153,"neow_bonus":"ONE_RARE_RELIC","is_daily":false,"chose_seed":false,"campfire_upgraded":2,"win_rate":0.0,"timestamp":1608204255,"path_taken":["M","M","M","M","M","R","E","R","T","?","E"],"items_purchased_type":[],"build_version":"2020-12-13","purchased_purges":0,"victory":false,"max_hp_per_floor":[65,65,65,69,69,69,69,69,69,69,69,69,69],"card_choices":[{"not_picked":["Gatherer:ScherryThrow","Gatherer:Herbalism"],"picked":"Gatherer:MiningStrike","floor":1.0},{"not_picked":["Gatherer:Frenzy","Gatherer:Nutrients"],"picked":"Gatherer:Duplicator","floor":2.0},{"not_picked":["Gatherer:DrugPower","Gatherer:ScherryThrow"],"picked":"Gatherer:EnergyBasket","floor":3.0},{"not_picked":["Gatherer:QuickSynthesis","Gatherer:UpgradeBag"],"picked":"Gatherer:FruitForce","floor":4.0},{"not_picked":["Gatherer:PotentialSlash","Gatherer:DrugPower"],"picked":"Gatherer:Frenzy","floor":5.0},{"not_picked":["Gatherer:GlowingPlant","Gatherer:FlowerBeam","Gatherer:PoisonMastery"],"picked":"SKIP","floor":7.0}],"player_experience":217137,"relics_obtained":[{"floor":7.0,"key":"Matryoshka"},{"floor":9.0,"key":"Omamori"}],"event_choices":[{"cards_removed":["Gatherer:Strike_Gatherer"],"damage_healed":0.0,"max_hp_gain":0.0,"max_hp_loss":0.0,"gold_gain":0.0,"event_name":"The Cleric","player_choice":"Card Removal","floor":10.0,"gold_loss":50.0,"damage_taken":0.0}],"is_beta":false,"boss_relics":[],"items_purged_floors":[],"is_endless":false,"potions_floor_spawned":[2,7],"killed_by":"Lagavulin","ascension_level":0}}