{"host":"6yklbc9za0aylqsj","time":1608225047,"event":{"mods":["AchievementEnabler","BaseMod","Bestiary","Colored Map","Colored Powertips","Minty Spire (QoL Compilation)","Rare Cards Sparkle","Relic Stats","Slay-I","StSLib"],"gold_per_floor":[112,112,34,51,68,96,108,108,131,131,166,177,177,191,191,191,191],"floor_reached":16,"playtime":578,"items_purged":[],"score":224,"play_id":"2a22fa8a-72b1-4c76-b44c-05f8f6bb3773","local_time":"20201217181047","is_ascension_mode":true,"campfire_choices":[{"data":"Glass Knife","floor":8,"key":"SMITH"},{"floor":13,"key":"REST"},{"data":"Neutralize","floor":15,"key":"SMITH"}],"circlet_count":0,"master_deck":["AscendersBane","Strike_G","Strike_G","Strike_G","Defend_G","Defend_G","Defend_G","Defend_G","Defend_G","Survivor","Neutralize+1","Glass Knife+1","Footwork","Dash","Poisoned Stab","All Out Attack","Backstab","Cloak And Dagger"],"relics":["Ring of the Snake","Oddly Smooth Stone","Nunchaku","Smiling Mask","FaceOfCleric","Tingsha"],"acts_visited":["Exordium"],"potions_floor_usage":[6,14,16],"damage_taken":[{"damage":0,"enemies":"Jaw Worm","floor":1,"turns":4},{"damage":0,"enemies":"Cultist","floor":4,"turns":3},{"damage":0,"enemies":"2 Louse","floor":5,"turns":2},{"damage":6,"enemies":"3 Sentries","floor":6,"turns":9},{"damage":0,"enemies":"2 Fungi Beasts","floor":7,"turns":3},{"damage":15,"enemies":"Lagavulin","floor":11,"turns":6},{"damage":0,"enemies":"Lots of Slimes","floor":12,"turns":4},{"damage":2,"enemies":"Gremlin Gang","floor":14,"turns":4},{"damage":39,"enemies":"Slime Boss","floor":16,"turns":11}],"seed_played":"-8921272798133824552","potions_obtained":[{"floor":1,"key":"LiquidMemories"},{"floor":5,"key":"Poison Potion"},{"floor":11,"key":"Explosive Potion"},{"floor":12,"key":"Poison Potion"},{"floor":14,"key":"BlessingOfTheForge"}],"is_trial":false,"path_per_floor":["M","?","$","M","M","E","M","R","T","?","E","M","R","M","R","B"],"character_chosen":"THE_SILENT","items_purchased":["Dash"],"campfire_rested":1,"item_purchase_floors":[3],"current_hp_per_floor":[44,39,39,39,39,33,33,33,33,33,19,20,40,39,39,0,0],"gold":191,"neow_bonus":"TRANSFORM_TWO_CARDS","is_daily":false,"chose_seed":false,"campfire_upgraded":2,"win_rate":0.0,"timestamp":1608225047,"path_taken":["M","?","?","M","M","E","M","R","T","?","E","?","R","M","R","BOSS"],"items_purchased_type":["Card"],"build_version":"2020-11-30","purchased_purges":0,"victory":false,"max_hp_per_floor":[66,66,66,66,66,66,66,66,66,66,67,68,68,69,69,69,69],"relic_stats":{"Nunchaku":[6],"FaceOfCleric":3,"counters":[9,46],"Tingsha":[24],"Smiling Mask":0,"obtain_stats":[{"Nunchaku":6,"FaceOfCleric":10,"Oddly Smooth Stone":2,"Tingsha":11,"Smiling Mask":9,"Ring of the Snake":0},{"Nunchaku":4,"FaceOfCleric":5,"Oddly Smooth Stone":1,"Tingsha":6,"Smiling Mask":5,"Ring of the Snake":0},{"Nunchaku":18,"FaceOfCleric":21,"Oddly Smooth Stone":4,"Tingsha":27,"Smiling Mask":21,"Ring of the Snake":0}],"Ring of the Snake":[18]},"card_choices":[{"not_picked":["Deadly Poison","Deflect","Prepared"],"picked":"SKIP","floor":1},{"not_picked":["Dagger Spray","Underhanded Strike"],"picked":"Poisoned Stab","floor":4},{"not_picked":["Dagger Spray","Quick Slash"],"picked":"All Out Attack","floor":5},{"not_picked":["Setup","Crippling Poison","PiercingWail"],"picked":"SKIP","floor":6},{"not_picked":["PiercingWail","A Thousand Cuts"],"picked":"Backstab","floor":7},{"not_picked":["Catalyst","Infinite Blades","Sucker Punch"],"picked":"SKIP","floor":11},{"not_picked":["Dodge and Roll","Crippling Poison","Dash"],"picked":"SKIP","floor":12},{"not_picked":["Eviscerate","Sucker Punch"],"picked":"Cloak And Dagger","floor":14}],"player_experience":666312,"relics_obtained":[{"floor":6,"key":"Nunchaku"},{"floor":9,"key":"Smiling Mask"},{"floor":11,"key":"Tingsha"}],"event_choices":[{"damage_healed":0,"gold_gain":0,"player_choice":"Success","damage_taken":5,"relics_obtained":["Oddly Smooth Stone"],"max_hp_gain":0,"max_hp_loss":0,"event_name":"Scrap Ooze","floor":2,"gold_loss":0},{"damage_healed":0,"gold_gain":0,"player_choice":"Trade","damage_taken":0,"relics_obtained":["FaceOfCleric"],"max_hp_gain":0,"max_hp_loss":0,"event_name":"FaceTrader","floor":10,"gold_loss":0}],"is_beta":false,"boss_relics":[],"items_purged_floors":[],"is_endless":false,"potions_floor_spawned":[1,5,11,12,14],"killed_by":"Slime Boss","ascension_level":20}}