{"host":"3xls0xm49ftugio7","time":1608202661,"event":{"mods":["2.2 Compatiblity","AchievementEnabler","Act Like it!","BaseMod","Colored Powertips","Downfall","GifTheSpireLib","Minty Spire (QoL Compilation)","Quick Restart","Relic Stats","StSLib"],"gold_per_floor":[99,99,119,133,133,148,172,186,186,217,48,66,80,80,100,204,204,204,222,222,222,246,246,271,18,18,43,28,42,60,78,97,195,195,45,95,95,61,88,112,112,112,122,122,141,159,209,224,243,243],"floor_reached":51,"playtime":3263,"items_purged":["champ:Strike"],"score":799,"play_id":"93ea80b4-0b0b-49cb-996f-a9d17126653d","local_time":"20201217125741","is_ascension_mode":false,"campfire_choices":[{"data":"champ:Execute","floor":1,"key":"SMITH"},{"data":"champ:FocusedGladiator","floor":5,"key":"SMITH"},{"data":"champ:Duel","floor":9,"key":"SMITH"},{"data":"champ:VampiricStrike","floor":18,"key":"SMITH"},{"data":"champ:Backstep","floor":21,"key":"SMITH"},{"floor":23,"key":"RECALL"},{"data":"champ:GladiatorStyle","floor":26,"key":"SMITH"},{"data":"champ:Taunt","floor":35,"key":"SMITH"},{"data":"champ:CalledShot","floor":37,"key":"SMITH"},{"data":"champ:MurderStrike","floor":44,"key":"SMITH"}],"circlet_count":0,"master_deck":["champ:Strike+1","champ:Strike","champ:Defend","champ:Defend","champ:Defend","champ:Defend","champ:Execute+1","champ:Taunt+1","champ:Backstep+1","champ:FocusedGladiator+1","champ:Duel+1","champ:BringItOn","champ:CrookedStrike","champ:GutPunch","champ:IronFortress","champ:Shatter","champ:Riposte","champ:VampiricStrike+1","champ:GladiatorStyle+1","Necronomicurse","champ:MurderStrike+1","champ:GladiatorStyle+1","champ:BerserkerStyle","champ:SwordThrow","champ:CalledShot+1","champ:RapidStrikes+1","champ:RecklessLeap","champ:MurderStrike+1","champ:GladiatorsShout+1","champ:IronFortress+1","champ:FalseCounter","champ:Duel+1","champ:EndlessRage","champ:GladiatorStyle"],"relics":["champ:ChampionCrown","Bag of Preparation","Darkstone Periapt","Tiny Chest","Velvet Choker","Necronomicon","hexamod:BolsterEngine","OrangePellets","HornCleat","champ:ChampionCrownUpgraded","downfall:HeartBlessingRed","downfall:HeartBlessingBlue","Bird Faced Urn","Incense Burner","Whetstone","Oddly Smooth Stone","Sundial","Shovel"],"acts_visited":["Exordium","TheCity","TheBeyond"],"potions_floor_usage":[27],"damage_taken":[{"damage":8,"enemies":"2 Louse","floor":3,"turns":3},{"damage":5,"enemies":"Cultist","floor":4,"turns":5},{"damage":10,"enemies":"Jaw Worm","floor":6,"turns":4},{"damage":7,"enemies":"Exordium Thugs","floor":8,"turns":5},{"damage":8,"enemies":"Gremlin Nob","floor":10,"turns":3},{"damage":15,"enemies":"downfall:FleeingMerchant","floor":11,"turns":4},{"damage":11,"enemies":"3 Louse","floor":12,"turns":3},{"damage":0,"enemies":"Exordium Wildlife","floor":13,"turns":3},{"damage":9,"enemies":"Gremlin Gang","floor":15,"turns":5},{"damage":28,"enemies":"downfall:Watcher","floor":16,"turns":11},{"damage":11,"enemies":"Chosen","floor":19,"turns":4},{"damage":10,"enemies":"downfall:FleeingMerchant","floor":25,"turns":4},{"damage":22,"enemies":"Gremlin Leader","floor":27,"turns":7},{"damage":5,"enemies":"downfall:FleeingMerchant","floor":28,"turns":4},{"damage":5,"enemies":"Spheric Guardian","floor":29,"turns":3},{"damage":7,"enemies":"Centurion and Healer","floor":30,"turns":6},{"damage":17,"enemies":"Snake Plant","floor":31,"turns":4},{"damage":10,"enemies":"Snecko","floor":32,"turns":3},{"damage":63,"enemies":"downfall:Silent","floor":33,"turns":7},{"damage":54,"enemies":"Mind Bloom Boss Battle","floor":36,"turns":7},{"damage":0,"enemies":"downfall:FleeingMerchant","floor":38,"turns":1},{"damage":31,"enemies":"Reptomancer","floor":39,"turns":3},{"damage":43,"enemies":"3 Darklings","floor":43,"turns":3},{"damage":43,"enemies":"3 Shapes","floor":45,"turns":3},{"damage":45,"enemies":"Writhing Mass","floor":46,"turns":5},{"damage":17,"enemies":"2 Orb Walkers","floor":47,"turns":4},{"damage":13,"enemies":"Spire Growth","floor":48,"turns":3},{"damage":13,"enemies":"Jaw Worm Horde","floor":49,"turns":3},{"damage":49,"enemies":"downfall:Ironclad","floor":50,"turns":4}],"seed_played":"4804482340443007180","potions_obtained":[{"floor":8,"key":"SpeedPotion"},{"floor":13,"key":"SmokeBomb"},{"floor":14,"key":"DuplicationPotion"},{"floor":14,"key":"CultistPotion"},{"floor":15,"key":"champ:OpenerPotion"},{"floor":27,"key":"Ancient Potion"},{"floor":33,"key":"PowerPotion"}],"is_trial":false,"path_per_floor":["R","?","M","M","R","M","T","M","R","E","$","M","M","?","M","B",null,"R","M","?","R","T","R","T","$","R","E","$","M","M","M","M","B",null,"R","?","R","$","E","T","T","?","M","R","M","M","?","M","M","B",null],"character_chosen":"THE_CHAMP","items_purchased":["Tiny Chest","champ:GladiatorStyle","OrangePellets","Incense Burner"],"campfire_rested":0,"item_purchase_floors":[11,25,25,38],"current_hp_per_floor":[99,99,96,96,96,96,96,94,94,91,86,80,80,80,79,64,99,99,99,89,89,89,89,89,105,105,104,105,105,105,102,102,81,105,115,115,115,115,115,115,115,115,115,115,115,103,110,115,115,115],"gold":243,"neow_bonus":"TEN_PERCENT_HP_BONUS","is_daily":false,"chose_seed":false,"campfire_upgraded":9,"win_rate":0.0,"timestamp":1608202661,"path_taken":["R","?","M","M","R","M","T","M","R","E","$","M","?","?","M","BOSS","R","M","?","R","?","R","T","$","R","E","?","M","?","M","M","BOSS","R","?","R","$","E","?","T","?","M","R","?","M","?","M","M","BOSS"],"items_purchased_type":["Relic","Card","Relic","Relic"],"build_version":"2020-12-13","purchased_purges":1,"victory":true,"max_hp_per_floor":[99,99,99,99,99,99,99,99,99,99,99,99,99,99,99,99,99,99,99,105,105,105,105,105,105,105,105,105,105,105,105,105,105,105,115,115,115,115,115,115,115,115,115,115,115,115,115,115,115,115],"relic_stats":{"Darkstone Periapt":6,"OrangePellets":[29],"Shovel":0,"counters":[29,124],"Sundial":[0],"Bird Faced Urn":[27],"Tiny Chest":2,"Bag of Preparation":[52],"Necronomicon":[39],"Whetstone":["champ:Strike","champ:MurderStrike"],"obtain_stats":[{"Darkstone Periapt":10,"downfall:HeartBlessingRed":35,"Velvet Choker":17,"Oddly Smooth Stone":40,"champ:ChampionCrown":0,"champ:ChampionCrownUpgraded":34,"Bag of Preparation":7,"Incense Burner":38,"Whetstone":39,"OrangePellets":25,"HornCleat":27,"Shovel":47,"downfall:HeartBlessingBlue":35,"Sundial":41,"Bird Faced Urn":36,"Tiny Chest":11,"Necronomicon":20,"hexamod:BolsterEngine":22},{"Darkstone Periapt":5,"downfall:HeartBlessingRed":19,"Velvet Choker":10,"Oddly Smooth Stone":22,"champ:ChampionCrown":0,"champ:ChampionCrownUpgraded":19,"Bag of Preparation":3,"Incense Burner":21,"Whetstone":22,"OrangePellets":12,"HornCleat":13,"Shovel":26,"downfall:HeartBlessingBlue":19,"Sundial":22,"Bird Faced Urn":20,"Tiny Chest":6,"Necronomicon":11,"hexamod:BolsterEngine":11},{"Darkstone Periapt":20,"downfall:HeartBlessingRed":88,"Velvet Choker":46,"Oddly Smooth Stone":99,"champ:ChampionCrown":0,"champ:ChampionCrownUpgraded":88,"Bag of Preparation":12,"Incense Burner":96,"Whetstone":99,"OrangePellets":54,"HornCleat":61,"Shovel":114,"downfall:HeartBlessingBlue":88,"Sundial":99,"Bird Faced Urn":95,"Tiny Chest":24,"Necronomicon":50,"hexamod:BolsterEngine":50}]},"card_choices":[{"not_picked":["champ:ShieldWall","champ:BerserkersShout"],"picked":"champ:Backstep","floor":3},{"not_picked":["champ:FightOn","champ:ShieldWall"],"picked":"champ:FocusedGladiator","floor":4},{"not_picked":["champ:EnragedBash","champ:FlashCut"],"picked":"champ:Duel","floor":6},{"not_picked":["champ:Backstep","champ:StanceDance"],"picked":"champ:BringItOn","floor":8},{"not_picked":["champ:Backstep","champ:ViciousMockery"],"picked":"champ:CrookedStrike","floor":10},{"not_picked":["champ:FalseCounter","champ:StanceDance"],"picked":"champ:GutPunch","floor":11},{"not_picked":["champ:Encircle","champ:Backstep"],"picked":"champ:IronFortress","floor":12},{"not_picked":["champ:EnGarde","champ:FanOfKnives"],"picked":"champ:Shatter","floor":13},{"not_picked":["champ:GutPunch","champ:FaceSlap"],"picked":"champ:Riposte","floor":15},{"not_picked":["champ:Devastate","champ:Improvising"],"picked":"champ:VampiricStrike","floor":16},{"not_picked":["champ:SkillfulDodge","champ:StanceDance+1"],"picked":"champ:GladiatorStyle+1","floor":19},{"not_picked":["champ:DefensiveShout","champ:FanOfKnives"],"picked":"champ:MurderStrike","floor":25},{"not_picked":["champ:PerfectedStrike","champ:ViciousMockery"],"picked":"champ:BerserkerStyle","floor":27},{"not_picked":["champ:PreciseThrust","champ:FanOfKnives"],"picked":"champ:SwordThrow","floor":28},{"not_picked":["champ:TornadoPunch","champ:ShieldWall"],"picked":"champ:CalledShot","floor":29},{"not_picked":["champ:DefensiveShout+1","champ:Haymaker"],"picked":"champ:RapidStrikes+1","floor":30},{"not_picked":["champ:TornadoPunch","champ:FlashCut","champ:BerserkersShout+1"],"picked":"SKIP","floor":31},{"not_picked":["champ:BladeFlurry+1","champ:FocusedDefense"],"picked":"champ:RecklessLeap","floor":32},{"not_picked":["champ:Devastate","champ:SteelEdge"],"picked":"champ:MurderStrike","floor":33},{"not_picked":["champ:FalseCounter+1","champ:PerfectedStrike+1"],"picked":"champ:GladiatorsShout+1","floor":36},{"not_picked":["champ:RisingSlash","champ:FanOfKnives"],"picked":"champ:IronFortress+1","floor":38},{"not_picked":["champ:ShieldThrow","champ:AdrenalArmor+1","champ:GutPunch+1"],"picked":"SKIP","floor":39},{"not_picked":["champ:BerserkersShout+1","champ:FaceSlap","champ:TornadoPunch+1"],"picked":"SKIP","floor":43},{"not_picked":["champ:FaceSlap","champ:BringItOn+1"],"picked":"champ:Duel+1","floor":45},{"not_picked":["champ:GladiatorsShout+1","champ:Encircle+1","champ:Shatter"],"picked":"SKIP","floor":46},{"not_picked":["champ:FlashCut","champ:TornadoPunch+1","champ:EndlessRage"],"picked":"SKIP","floor":48},{"not_picked":["champ:FlashCut","champ:TornadoPunch+1"],"picked":"champ:EndlessRage","floor":48},{"not_picked":["champ:AdrenalArmor+1","champ:HeartStrike"],"picked":"champ:GladiatorStyle","floor":49}],"player_experience":793364,"relics_obtained":[{"floor":7,"key":"Bag of Preparation"},{"floor":10,"key":"Darkstone Periapt"},{"floor":20,"key":"Necronomicon"},{"floor":22,"key":"hexamod:BolsterEngine"},{"floor":27,"key":"HornCleat"},{"floor":36,"key":"Bird Faced Urn"},{"floor":39,"key":"Whetstone"},{"floor":40,"key":"Oddly Smooth Stone"},{"floor":41,"key":"Sundial"},{"floor":47,"key":"Shovel"}],"event_choices":[{"damage_healed":0,"gold_gain":0,"player_choice":"Ignored","damage_taken":0,"max_hp_gain":0,"max_hp_loss":0,"event_name":"NoteForYourself","floor":2,"gold_loss":0},{"damage_healed":0,"gold_gain":0,"player_choice":"Got Potions","damage_taken":0,"max_hp_gain":0,"max_hp_loss":0,"event_name":"Lab","floor":14,"gold_loss":0},{"damage_healed":0,"gold_gain":0,"cards_transformed":["champ:Strike"],"player_choice":"Transformed","damage_taken":0,"max_hp_gain":0,"max_hp_loss":0,"event_name":"Transmorgrifier","floor":42,"gold_loss":0,"cards_obtained":["champ:FalseCounter"]},{"damage_healed":0,"gold_gain":0,"player_choice":"Fight","damage_taken":0,"max_hp_gain":0,"max_hp_loss":0,"event_name":"Mysterious Sphere","floor":47,"gold_loss":0}],"is_beta":false,"boss_relics":[{"not_picked":["Tiny House","SlaversCollar"],"picked":"Velvet Choker"},{"not_picked":["Pandora\u0027s Box","Calling Bell"],"picked":"champ:ChampionCrownUpgraded"}],"items_purged_floors":[38],"is_endless":false,"potions_floor_spawned":[8,13,15,16,27,29,33,39,45,46,47,49],"ascension_level":0}}