{"host":"uwh382mre4waz4ff","time":1608217806,"event":{"mods":["AchievementEnabler","BaseMod","Better Note","Better Third Choice","BetterRewards","Downfall","Highlight Path","HololiveMod","Minty Spire (QoL Compilation)","Shop Mod","StSLib"],"gold_per_floor":[115,129,129,129,148,148,148,166,166,176,176,194,97,113,113,113,113],"floor_reached":16,"playtime":709,"items_purged":["Regret"],"score":94,"play_id":"590004e5-bbc8-4c20-babb-266834df2e4a","local_time":"20201217231005","is_ascension_mode":false,"campfire_choices":[{"data":"Combust","floor":6,"key":"SMITH"},{"floor":11,"key":"REST"},{"floor":15,"key":"REST"}],"circlet_count":0,"master_deck":["Strike_R","Strike_R","Strike_R+1","Strike_R","Strike_R","Defend_R","Defend_R","Defend_R","Defend_R","Bash","Parasite","Juggernaut+1","Seeing Red","Combust+1","Offering+1","Armaments+1","Dual Wield+1"],"relics":["Burning Blood","Toxic Egg 2"],"acts_visited":["Exordium"],"potions_floor_usage":[8,16],"damage_taken":[{"damage":2,"enemies":"Small Slimes","floor":1,"turns":4},{"damage":20,"enemies":"Jaw Worm","floor":2,"turns":5},{"damage":4,"enemies":"Cultist","floor":5,"turns":3},{"damage":7,"enemies":"Lots of Slimes","floor":8,"turns":2},{"damage":22,"enemies":"Gremlin Gang","floor":10,"turns":3},{"damage":37,"enemies":"Exordium Thugs","floor":12,"turns":4},{"damage":1,"enemies":"3 Louse","floor":14,"turns":3},{"damage":58,"enemies":"Hexaghost","floor":16,"turns":7}],"seed_played":"1071369021965845773","potions_obtained":[{"floor":2,"key":"AttackPotion"},{"floor":12,"key":"champ:CounterPotion"}],"is_trial":false,"path_per_floor":["M","M","?","?","M","R","?","M","T","M","R","M","$","M","R","B"],"character_chosen":"IRONCLAD","items_purchased":["Armaments+1"],"campfire_rested":2,"item_purchase_floors":[13],"current_hp_per_floor":[80,66,50,50,52,52,52,51,51,35,59,28,28,33,57,0,0],"gold":113,"neow_bonus":"THREE_RARE_CARDS","is_daily":false,"chose_seed":false,"campfire_upgraded":1,"win_rate":0.0,"timestamp":1608217805,"path_taken":["M","M","?","?","M","R","?","M","T","?","R","M","?","?","R","BOSS"],"items_purchased_type":["Card"],"build_version":"2020-12-13","purchased_purges":1,"victory":false,"max_hp_per_floor":[80,80,80,80,80,80,80,80,80,80,80,80,80,80,80,80,80],"card_choices":[{"not_picked":["Reaper","Fiend Fire"],"picked":"Juggernaut","floor":0},{"not_picked":["Perfected Strike","Iron Wave"],"picked":"Seeing Red","floor":1},{"not_picked":["Rampage","Iron Wave"],"picked":"Combust","floor":2},{"not_picked":["Clash","Clothesline","Body Slam"],"picked":"SKIP","floor":5},{"not_picked":["Shockwave+1","Sever Soul","Twin Strike"],"picked":"SKIP","floor":8},{"not_picked":["True Grit+1","Warcry+1"],"picked":"Offering+1","floor":10},{"not_picked":["Clash","Burning Pact+1","Warcry+1"],"picked":"SKIP","floor":12},{"not_picked":["Seeing Red+1","Anger"],"picked":"Dual Wield+1","floor":14}],"player_experience":120950,"relics_obtained":[],"event_choices":[{"damage_healed":66,"gold_gain":0,"player_choice":"Upgrade","damage_taken":16,"max_hp_gain":0,"max_hp_loss":80,"event_name":"betterThird:BetterShining","floor":3,"gold_loss":0,"cards_upgraded":["Strike_R","Juggernaut"]},{"damage_healed":0,"gold_gain":0,"player_choice":"Box","damage_taken":0,"relics_obtained":["Toxic Egg 2"],"max_hp_gain":0,"max_hp_loss":0,"event_name":"Big Fish","floor":4,"gold_loss":0,"cards_obtained":["Regret"]},{"damage_healed":0,"gold_gain":0,"player_choice":"Bought 0 Potions","damage_taken":0,"max_hp_gain":0,"max_hp_loss":0,"event_name":"The Woman in Blue","floor":7,"gold_loss":0}],"is_beta":false,"boss_relics":[],"items_purged_floors":[13],"is_endless":false,"potions_floor_spawned":[2,12],"killed_by":"Hexaghost","ascension_level":0}}