{"host":"ci7ivtocgfxh0ueo","time":1608180001,"event":{"mods":["BaseMod","GifTheSpireLib","Minty Spire (QoL Compilation)","StSLib"],"gold_per_floor":[109,109,109,127,191,221,221,254,254,283,483,483,52,69,69,69,69],"floor_reached":16,"playtime":345,"items_purged":["Doubt"],"score":218,"play_id":"b8354fb9-0f66-46d0-9be2-c5b871c82ef2","local_time":"20201217124001","is_ascension_mode":true,"campfire_choices":[{"floor":7,"key":"REST"},{"floor":12,"key":"REST"},{"data":"Enlightenment","floor":15,"key":"SMITH"}],"circlet_count":0,"master_deck":["AscendersBane","Strike_G","Strike_G","Strike_G","Strike_G","Strike_G","Defend_G","Defend_G","Defend_G","Survivor","Neutralize","Writhe","Quick Slash","Bouncing Flask","Caltrops","Poisoned Stab","Deadly Poison","All Out Attack","Bane","Catalyst","Enlightenment+1","Bouncing Flask"],"relics":["Ring of the Snake","SsserpentHead","Tiny Chest","Girya","HornCleat","Happy Flower","Potion Belt"],"acts_visited":["Exordium"],"potions_floor_usage":[6,8,10],"damage_taken":[{"damage":6,"enemies":"2 Louse","floor":1,"turns":3},{"damage":12,"enemies":"Jaw Worm","floor":4,"turns":3},{"damage":0,"enemies":"Cultist","floor":5,"turns":3},{"damage":27,"enemies":"Lagavulin","floor":6,"turns":5},{"damage":24,"enemies":"Gremlin Nob","floor":8,"turns":4},{"damage":7,"enemies":"Lagavulin","floor":10,"turns":4},{"damage":4,"enemies":"Large Slime","floor":14,"turns":3},{"damage":19,"enemies":"The Guardian","floor":16,"turns":4}],"seed_played":"-8194062598434381390","potions_obtained":[{"floor":1,"key":"ColorlessPotion"},{"floor":4,"key":"LiquidMemories"},{"floor":6,"key":"Block Potion"}],"is_trial":false,"path_per_floor":["M","?","?","M","M","E","R","E","T","E","?","R","$","M","R","B"],"character_chosen":"THE_SILENT","items_purchased":["Potion Belt","Enlightenment","DuplicationPotion"],"campfire_rested":2,"item_purchase_floors":[13,13,13],"current_hp_per_floor":[53,53,53,41,41,14,33,9,9,2,2,21,21,17,17,0,0],"gold":69,"neow_bonus":"TRANSFORM_TWO_CARDS","is_daily":false,"chose_seed":false,"campfire_upgraded":1,"win_rate":0.0,"timestamp":1608180001,"path_taken":["M","?","?","M","?","E","R","E","T","E","?","R","$","M","R","BOSS"],"items_purchased_type":["Relic","Card","Potion"],"build_version":"2020-12-13","purchased_purges":1,"victory":false,"max_hp_per_floor":[66,66,66,66,66,66,66,66,66,66,66,66,66,66,66,66,66],"card_choices":[{"not_picked":["Cloak And Dagger","Setup"],"picked":"Caltrops","floor":1},{"not_picked":["Flying Knee","Backflip"],"picked":"Poisoned Stab","floor":4},{"not_picked":["Quick Slash","Deflect"],"picked":"Deadly Poison","floor":5},{"not_picked":["Masterful Stab","Bane"],"picked":"All Out Attack","floor":6},{"not_picked":["Sucker Punch","Flechettes"],"picked":"Bane","floor":8},{"not_picked":["Accuracy","Dagger Spray"],"picked":"Catalyst","floor":10},{"not_picked":["Poisoned Stab","Escape Plan"],"picked":"Bouncing Flask","floor":14}],"player_experience":1262866,"relics_obtained":[{"floor":6,"key":"Tiny Chest"},{"floor":8,"key":"Girya"},{"floor":9,"key":"HornCleat"},{"floor":10,"key":"Happy Flower"}],"event_choices":[{"damage_healed":0,"gold_gain":0,"player_choice":"Ignored","damage_taken":0,"max_hp_gain":0,"max_hp_loss":0,"event_name":"Golden Wing","floor":2,"gold_loss":0},{"damage_healed":0,"gold_gain":0,"player_choice":"Trade","damage_taken":0,"relics_obtained":["SsserpentHead"],"max_hp_gain":0,"max_hp_loss":0,"event_name":"FaceTrader","floor":3,"gold_loss":0},{"damage_healed":0,"gold_gain":150,"player_choice":"AGREE","damage_taken":0,"max_hp_gain":0,"max_hp_loss":0,"event_name":"Liars Game","floor":11,"gold_loss":0,"cards_obtained":["Doubt"]}],"is_beta":false,"boss_relics":[],"items_purged_floors":[13],"is_endless":false,"potions_floor_spawned":[1,4,6],"killed_by":"The Guardian","ascension_level":17}}