{"host":"ocy7z4248lncoz2b","time":1608200529,"event":{"mods":["BaseMod","Beaked The Cultist","Better Match","Better Sensory Stone","Better Third Choice","BetterRewards","Colored Powertips","Conspire","Downfall","Friendly Minions","Highlight Path","Hubris","Infinite Spire","Marisa????????","Mimic Mod","Minty Spire (QoL Compilation)","READ ME - Guardian Mod","Replay The Spire","Shop Mod","Spicy Shops","Spikes Relics","StSLib","SuperFastMode","The Blue Laboratory","The Construct","The Jungle"],"gold_per_floor":[99,115,115,128,147,180,180,192,221,221,36,36,36,136,152,251,251,251,271,271,284,284,284],"floor_reached":22,"playtime":1326,"items_purged":[],"score":194,"play_id":"13c32467-d915-48e8-8ba4-87badc989f46","local_time":"20201217192209","is_ascension_mode":false,"campfire_choices":[{"data":"Slimebound:Strike_Slimebound","floor":1,"key":"PURGE"},{"data":"Slimebound:SplitMire","floor":3,"key":"SMITH"},{"data":"Slimebound:SlimeSpikes","floor":10,"key":"SMITH"},{"data":"Slimebound:LeadByExample","floor":18,"key":"SMITH"},{"data":"Slimebound:HauntingLick","floor":20,"key":"SMITH"}],"circlet_count":0,"master_deck":["construct:LaserCore","Slimebound:Strike_Slimebound","Slimebound:Tackle","Slimebound:Defend_Slimebound","Slimebound:Defend_Slimebound","Slimebound:Defend_Slimebound","Slimebound:Defend_Slimebound","Slimebound:Split+1","Slimebound:CorrosiveSpit+1","Replay:SS_fish_2","Slimebound:SplitMire+1","Slimebound:AcidTongue","Slimebound:ItLooksTasty","Slimebound:Prepare","Slimebound:DuplicatedForm","Slimebound:SlimeSpikes+1","Slimebound:Schlurp","Slimebound:LeadByExample+1","Slimebound:HauntingLick+1","Slimebound:MinionMaster","CommonCold","Slimebound:LeechLife","Replay:SS_forest_6","hubris:Rewind","Slimebound:MegaLick","Slimebound:FirmFortitude"],"relics":["Slimebound:AbsorbEndCombat","infinitespire:CursedDice","construct:RocketBooster","MerchantsRug","hubris:Icosahedron","ReplayTheSpireMod:SealedPack"],"acts_visited":["Exordium","TheCity"],"potions_floor_usage":[21,22,22],"damage_taken":[{"damage":8,"enemies":"Cultist","floor":2,"turns":4},{"damage":16,"enemies":"Small Slimes","floor":4,"turns":2},{"damage":10,"enemies":"2 Louse","floor":5,"turns":4},{"damage":38,"enemies":"3 Sentries","floor":6,"turns":7},{"damage":19,"enemies":"Red Slaver","floor":8,"turns":3},{"damage":47,"enemies":"Lagavulin","floor":9,"turns":5},{"damage":8,"enemies":"downfall:FleeingMerchant","floor":11,"turns":4},{"damage":22,"enemies":"Exordium Wildlife","floor":15,"turns":5},{"damage":52,"enemies":"downfall:Watcher","floor":16,"turns":8},{"damage":38,"enemies":"Shell Parasite","floor":19,"turns":5},{"damage":84,"enemies":"Cultist and Chosen","floor":21,"turns":7},{"damage":39,"enemies":"Snake Plant","floor":22,"turns":6}],"seed_played":"4037205600188481558","potions_obtained":[{"floor":2,"key":"AttackPotion"},{"floor":9,"key":"Swift Potion"},{"floor":15,"key":"Elixir"}],"is_trial":false,"path_per_floor":["R","M","R","M","M","E","T","M","E","R","$","?","?","?","M","B",null,"R","M","R","M","M"],"character_chosen":"SLIMEBOUND","items_purchased":["MerchantsRug","Slimebound:LeadByExample"],"campfire_rested":0,"item_purchase_floors":[11,11],"current_hp_per_floor":[60,60,60,56,58,56,56,53,52,52,60,60,60,60,57,60,60,60,46,46,21,0,0],"gold":284,"neow_bonus":"RANDOM_COLORLESS","is_daily":false,"chose_seed":false,"campfire_upgraded":4,"win_rate":0.0,"timestamp":1608200529,"path_taken":["R","M","R","?","?","E","T","M","E","R","$","?","?","?","M","BOSS","R","M","R","M","M"],"items_purchased_type":["Relic","Card"],"build_version":"2020-12-13","purchased_purges":0,"victory":false,"max_hp_per_floor":[60,60,60,60,60,60,60,60,60,60,60,60,60,60,60,60,60,60,60,60,60,60,60],"card_choices":[{"not_picked":["expansioncontent:YouAreMine","Replay:SS_forest_6"],"picked":"Replay:SS_fish_2","floor":0},{"not_picked":["Slimebound:SplitLeeching","Slimebound:SlimeSpikes"],"picked":"Slimebound:SplitMire","floor":2},{"not_picked":["Slimebound:SplitMire","Slimebound:Equalize"],"picked":"Slimebound:AcidTongue","floor":4},{"not_picked":["Slimebound:HungryTackle","Slimebound:SlimeSpikes"],"picked":"Slimebound:ItLooksTasty","floor":5},{"not_picked":["Slimebound:GoopTackle","Slimebound:Chomp"],"picked":"Slimebound:Prepare","floor":6},{"not_picked":["Slimebound:FinishingTackle","Slimebound:SplitAcid"],"picked":"Slimebound:DuplicatedForm","floor":8},{"not_picked":["Slimebound:Chomp","Slimebound:DuplicatedForm"],"picked":"Slimebound:SlimeSpikes","floor":9},{"not_picked":["Slimebound:ForwardTackle","Slimebound:ViciousTackle"],"picked":"Slimebound:Schlurp","floor":11},{"not_picked":["Slimebound:SplitLeeching","Slimebound:SlimeBrawl"],"picked":"Slimebound:HauntingLick","floor":15},{"not_picked":["Slimebound:OneTwoCombo","Slimebound:Recycling"],"picked":"Slimebound:MinionMaster","floor":16},{"not_picked":["Slimebound:DouseInSlime","Slimebound:Teamwork"],"picked":"Slimebound:LeechLife","floor":17},{"not_picked":["Dramatic Entrance","expansioncontent:GuardianWhirl"],"picked":"Replay:SS_forest_6","floor":17},{"not_picked":["hubris:Fate","ReplayTheSpireMod:Chaos Vortex"],"picked":"hubris:Rewind","floor":17},{"not_picked":["Slimebound:LeechEnergy","Slimebound:DisruptingSlam+1"],"picked":"Slimebound:MegaLick","floor":19},{"not_picked":["Slimebound:Dissolve","Slimebound:Schlurp+1"],"picked":"Slimebound:FirmFortitude","floor":21}],"player_experience":222855,"relics_obtained":[{"floor":6,"key":"infinitespire:CursedDice"},{"floor":7,"key":"construct:RocketBooster"},{"floor":9,"key":"infinitespire:Eraser"}],"event_choices":[{"damage_healed":0,"gold_gain":100,"player_choice":"Gold","damage_taken":0,"max_hp_gain":0,"max_hp_loss":0,"event_name":"Wheel of Change","floor":14,"gold_loss":0}],"is_beta":false,"boss_relics":[{"not_picked":["Replay:Wanted Poster","Replay:Drink Me"],"picked":"ReplayTheSpireMod:SealedPack"}],"items_purged_floors":[],"is_endless":false,"potions_floor_spawned":[2,9,15,16],"killed_by":"Snake Plant","ascension_level":0}}