{"host":"fvsruk02bthdqpa4","time":1608163792,"event":{"mods":["AchievementEnabler","Aspiration","BaseMod","Colored Map","Colored Powertips","Conspire","Energized Spire","Hubris","Minty Spire (QoL Compilation)","Quick Restart","Replay The Spire","Shop Mod","StSLib","SuperFastMode","The Blue Laboratory","The Runesmith"],"gold_per_floor":[109,32,43,43,43,73,73,73,100,117,117,117,98,98,115,138,138,243,243,243],"floor_reached":19,"playtime":797,"items_purged":[],"score":210,"play_id":"76c960f4-3465-4f00-adba-dbc0d76830a0","local_time":"20201216190952","is_ascension_mode":true,"campfire_choices":[{"data":"Runesmith:Permafrost","floor":12,"key":"SMITH"},{"data":"Runesmith:Grindstone","floor":14,"key":"SMITH"},{"data":"Runesmith:Fortify","floor":17,"key":"SMITH"}],"circlet_count":0,"master_deck":["Runesmith:Strike_RS","Runesmith:Strike_RS","Runesmith:Strike_RS","Runesmith:Strike_RS","Runesmith:Defend_RS","Runesmith:Defend_RS","Runesmith:Defend_RS","Runesmith:CraftFirestone","Runesmith:Fortify+1","Runesmith:Permafrost+1","Runesmith:Grindstone+1","Runesmith:CraftMagma","Runesmith:Duplicate","Runesmith:DoubleUp","Runesmith:Grindstone","Runesmith:CraftMagma","Runesmith:LithiumIon","Runesmith:CraftIndustria"],"relics":["Runesmith:BrokenRuby","NeowsBlessing","ReplayFunnel","Anchor","ReplayTheSpireMod:Shallot","Odd Mushroom","energizedSpire:MagnifyingGlass"],"acts_visited":["Exordium","TheCity"],"potions_floor_usage":[9],"damage_taken":[{"damage":0,"enemies":"2 Louse","floor":1,"turns":1},{"damage":0,"enemies":"Cultist","floor":3,"turns":1},{"damage":0,"enemies":"Gremlin Nob","floor":6,"turns":1},{"damage":15,"enemies":"3 Sentries","floor":9,"turns":8},{"damage":9,"enemies":"Small Slimes","floor":10,"turns":4},{"damage":2,"enemies":"Exordium Thugs","floor":13,"turns":4},{"damage":0,"enemies":"Large Slime","floor":15,"turns":6},{"damage":6,"enemies":"The Mushroom Lair","floor":16,"turns":6},{"damage":4,"enemies":"The Guardian","floor":18,"turns":9}],"seed_played":"6758808042069778300","potions_obtained":[{"floor":1,"key":"Block Potion"},{"floor":3,"key":"blueLaboratory:ExaltedPotion"},{"floor":15,"key":"EssenceOfSteel"},{"floor":16,"key":"blueLaboratory:NullPotion"}],"is_trial":false,"path_per_floor":["M","$","M","$","?","E","PTL","PTL","E","M","T","R","M","R","M","?","R","B",null],"character_chosen":"RUNESMITH_CLASS","items_purchased":["Runesmith:Permafrost"],"campfire_rested":0,"item_purchase_floors":[2],"current_hp_per_floor":[70,70,70,70,70,70,70,70,55,46,46,46,44,44,44,38,38,34,70,70],"gold":243,"neow_bonus":"THREE_ENEMY_KILL","is_daily":false,"chose_seed":false,"campfire_upgraded":3,"win_rate":0.0,"timestamp":1608163792,"path_taken":["M","$","M","$","?","E","PTL","PTL","E","M","T","R","M","R","?","?","R","BOSS"],"items_purchased_type":["Card"],"build_version":"2020-12-13","purchased_purges":0,"victory":false,"max_hp_per_floor":[70,70,70,70,70,70,70,70,70,70,70,70,70,70,70,70,70,70,70,70],"card_choices":[{"not_picked":["Runesmith:NegativeSpace","Runesmith:EarthShield","Runesmith:HammerThrow"],"picked":"SKIP","floor":1},{"not_picked":["Runesmith:Overpower","Runesmith:UnstableHammer"],"picked":"Runesmith:Grindstone","floor":3},{"not_picked":["Runesmith:HeatExchange","Runesmith:Superposition"],"picked":"Runesmith:CraftMagma","floor":6},{"not_picked":["Runesmith:NegativeSpace","Runesmith:CraftSpiculum"],"picked":"Runesmith:Duplicate","floor":9},{"not_picked":["Runesmith:UnstableHammer","Runesmith:CraftVitae"],"picked":"Runesmith:DoubleUp","floor":10},{"not_picked":["Runesmith:ShiftingStrike","Runesmith:CraftProtectio"],"picked":"Runesmith:Grindstone","floor":13},{"not_picked":["Runesmith:Overpower","Runesmith:HammerThrow"],"picked":"Runesmith:CraftMagma","floor":15},{"not_picked":["Runesmith:NegativeSpace","Runesmith:OneForEveryone"],"picked":"Runesmith:LithiumIon","floor":16},{"not_picked":["Runesmith:Supernova","Runesmith:Duplicate"],"picked":"Runesmith:CraftIndustria","floor":18}],"player_experience":384197,"relics_obtained":[{"floor":6,"key":"ReplayFunnel"},{"floor":9,"key":"Anchor"},{"floor":11,"key":"ReplayTheSpireMod:Shallot"},{"floor":16,"key":"Odd Mushroom"}],"event_choices":[{"cards_removed":["Runesmith:Defend_RS"],"damage_healed":0,"gold_gain":0,"player_choice":"Card Removal","damage_taken":0,"max_hp_gain":0,"max_hp_loss":0,"event_name":"Wheel of Change","floor":5,"gold_loss":0},{"damage_healed":0,"gold_gain":0,"player_choice":"Fought Mushrooms","damage_taken":0,"max_hp_gain":0,"max_hp_loss":0,"event_name":"Mushrooms","floor":16,"gold_loss":0}],"is_beta":false,"boss_relics":[{"not_picked":["energizedSpire:EnergizedDie","Empty Cage"],"picked":"energizedSpire:MagnifyingGlass"}],"items_purged_floors":[],"is_endless":false,"potions_floor_spawned":[1,3,15,16],"ascension_level":1}}