{"host":"v5j5rnxu2olnd6jo","time":1608201656,"event":{"mods":["BaseMod","Custom Start","DeckTracker","Keyboard Shortcuts","Minty Spire (QoL Compilation)","Permanent Neow","Quick Restart","StSLib","SuperFastMode"],"gold_per_floor":[113,83,102,122,135,135,152,162,162,162,193,193,203,216,216,293,293,310,310,310],"floor_reached":19,"playtime":748,"items_purged":[],"score":346,"play_id":"1a0b5888-f8f1-4ec0-bec6-03bb63c4d637","local_time":"20201217194056","is_ascension_mode":true,"campfire_choices":[{"floor":6.0,"key":"REST"},{"floor":12.0,"key":"REST"},{"floor":15.0,"key":"REST"}],"circlet_count":0,"master_deck":["AscendersBane","Strike_B","Strike_B","Defend_B","Defend_B","Defend_B","Zap","Dualcast","Fission","Barrage","Ball Lightning","Beam Cell","Capacitor","Aggregate","Chaos","Hologram","Electrodynamics"],"relics":["Cracked Core","White Beast Statue","Ancient Tea Set","Cursed Key"],"acts_visited":["Exordium","TheCity"],"potions_floor_usage":[16,16],"damage_taken":[{"damage":9.0,"enemies":"Jaw Worm","floor":1.0,"turns":5.0},{"damage":0.0,"enemies":"Cultist","floor":3.0,"turns":2.0},{"damage":9.0,"enemies":"2 Louse","floor":4.0,"turns":3.0},{"damage":7.0,"enemies":"Exordium Wildlife","floor":5.0,"turns":3.0},{"damage":4.0,"enemies":"3 Louse","floor":7.0,"turns":4.0},{"damage":13.0,"enemies":"Exordium Thugs","floor":8.0,"turns":4.0},{"damage":22.0,"enemies":"Lagavulin","floor":11.0,"turns":6.0},{"damage":6.0,"enemies":"Lots of Slimes","floor":13.0,"turns":4.0},{"damage":8.0,"enemies":"Red Slaver","floor":14.0,"turns":3.0},{"damage":24,"enemies":"Slime Boss","floor":16,"turns":8},{"damage":34,"enemies":"2 Thieves","floor":18,"turns":3},{"damage":22,"enemies":"3 Byrds","floor":19,"turns":2}],"seed_played":"-5758757994663378998","potions_obtained":[{"floor":2.0,"key":"Ancient Potion"},{"floor":2.0,"key":"EntropicBrew"},{"floor":3.0,"key":"GamblersBrew"},{"floor":7.0,"key":"SteroidPotion"},{"floor":8.0,"key":"BlessingOfTheForge"},{"floor":11.0,"key":"FearPotion"},{"floor":13.0,"key":"DistilledChaos"},{"floor":14.0,"key":"FearPotion"},{"floor":16,"key":"FearPotion"},{"floor":18,"key":"Weak Potion"}],"is_trial":false,"path_per_floor":["M","?","M","M","M","R","M","M","T","?","E","R","M","M","R","B",null,"M","M"],"character_chosen":"DEFECT","items_purchased":[],"campfire_rested":3,"item_purchase_floors":[],"current_hp_per_floor":[37,37,37,28,21,42,38,25,25,25,3,24,18,10,31,7,55,21,0,0],"gold":310,"neow_bonus":"TRANSFORM_TWO_CARDS","is_daily":false,"chose_seed":false,"campfire_upgraded":0,"win_rate":0.0,"timestamp":1608201656,"path_taken":["M","?","M","M","M","R","M","?","T","?","E","R","M","M","R","BOSS","M","M"],"items_purchased_type":[],"build_version":"2020-12-13","purchased_purges":0,"victory":false,"max_hp_per_floor":[71,71,71,71,71,71,71,71,71,71,71,71,71,71,71,71,71,71,71,71],"card_choices":[{"not_picked":["Sweeping Beam","Conserve Battery"],"picked":"Ball Lightning","floor":1.0},{"not_picked":["Barrage","Fusion","Conserve Battery"],"picked":"SKIP","floor":3.0},{"not_picked":["Stack","Gash"],"picked":"Beam Cell","floor":4.0},{"not_picked":["Redo","Creative AI","Barrage"],"picked":"SKIP","floor":5.0},{"not_picked":["Ball Lightning","FTL"],"picked":"Capacitor","floor":7.0},{"not_picked":["Ball Lightning","Static Discharge","Stack"],"picked":"SKIP","floor":8.0},{"not_picked":["Ball Lightning","Buffer"],"picked":"Chaos","floor":11.0},{"not_picked":["FTL","Sweeping Beam","Auto Shields"],"picked":"SKIP","floor":13.0},{"not_picked":["Go for the Eyes","Blizzard"],"picked":"Hologram","floor":14.0},{"not_picked":["Reboot","Creative AI"],"picked":"Electrodynamics","floor":16},{"not_picked":["Blizzard+1","Go for the Eyes","Streamline"],"picked":"SKIP","floor":18}],"player_experience":872941,"relics_obtained":[{"floor":9.0,"key":"White Beast Statue"},{"floor":11.0,"key":"Ancient Tea Set"}],"event_choices":[{"damage_healed":0.0,"max_hp_gain":0.0,"max_hp_loss":0.0,"gold_gain":0.0,"event_name":"The Woman in Blue","player_choice":"Bought 2 Potions","floor":2.0,"gold_loss":0.0,"damage_taken":0.0},{"damage_healed":0.0,"max_hp_gain":0.0,"max_hp_loss":0.0,"gold_gain":0.0,"cards_transformed":["Strike_B"],"event_name":"Living Wall","player_choice":"Change","floor":10.0,"gold_loss":0.0,"damage_taken":0.0,"cards_obtained":["Aggregate"]}],"is_beta":false,"boss_relics":[{"not_picked":["Runic Dome","Calling Bell"],"picked":"Cursed Key"}],"items_purged_floors":[],"is_endless":false,"potions_floor_spawned":[3,7,8,11,13,14,16,18],"killed_by":"3 Byrds","ascension_level":20}}