{"host":"kstmajdnxm8lto3o","time":1608166140,"event":{"mods":["Aspiration","BaseMod","Better Third Choice","BetterRewards","CCEM","Conspire","Downfall","Gremlin Skip","Highlight Path","Hubris","Minty Spire (QoL Compilation)","Replay The Spire","Shop Mod","Spicy Shops","StSLib"],"gold_per_floor":[115,160,160,178,178,208,221,256,282,293,313,341,341,370,370,473,473,485,485,485,425,443,475,475,505,555,580,595,595,615,647,647,746,746,758,758,773,133,143,143,0,32,32,66,80,80,80,98,98,98,98,98,98,125,125,125],"floor_reached":55,"playtime":3875,"items_purged":["All Out Attack"],"score":925,"play_id":"75e60042-0e98-4dac-889a-35d7afc775fa","local_time":"20201216194900","is_ascension_mode":true,"campfire_choices":[{"floor":13.0,"key":"REST"},{"data":"Glass Knife","floor":15.0,"key":"SMITH"},{"data":"Fluid Movement","floor":24.0,"key":"SMITH"},{"floor":29.0,"key":"REST"},{"floor":32.0,"key":"RECALL"},{"data":"Envenom","floor":40.0,"key":"SMITH"},{"data":"Noxious Fumes","floor":46.0,"key":"SMITH"},{"floor":49.0,"key":"DIG"},{"data":"Survivor","floor":52.0,"key":"SMITH"}],"circlet_count":1,"master_deck":["Strike_G+1","Strike_G+1","Strike_G+1","Strike_G+1","Defend_G+1","Defend_G+2","Defend_G+1","Defend_G+2","Survivor+1","Neutralize+1","Slice","Poisoned Stab","Cloak And Dagger+1","Fluid Movement+1","Deadly Poison+1","Infinite Blades","Dodge and Roll+1","Glass Knife+1","Malaise+1","Caltrops","PiercingWail+1","Deadly Poison+1","Noxious Fumes+1","All Out Attack+1","Slice+1","Envenom+1","CurseOfTheBell","Deflect+1","Expertise+1","Good Instincts+1","Phantasmal Killer+1","Leg Sweep+1","After Image","hubris:DuctTapeCard"],"relics":["Ring of the Snake","aspiration:StickyExplosives_weak","Toxic Egg 2","Bird Faced Urn","Bag of Preparation","hubris:TenFootPole","Replay:Bottled Steam","Pantograph","Empty Cage","aspiration:RitualStick","MealTicket","Durian","Shovel","Boot","Calling Bell","Simple Rune","CCEMRelics:CocoNut","Thread and Needle","aspiration:Lifesprig","Strange Spoon","Red Mask","Gambling Chip","Oddly Smooth Stone","Circlet","hubris:DuctTape"],"acts_visited":["Exordium","TheCity","TheBeyond","TheEnding"],"potions_floor_usage":[55],"damage_taken":[{"damage":2.0,"enemies":"Small Slimes","floor":1.0,"turns":4.0},{"damage":0.0,"enemies":"2 Louse","floor":4.0,"turns":3.0},{"damage":16.0,"enemies":"Lagavulin","floor":6.0,"turns":6.0},{"damage":0.0,"enemies":"Cultist","floor":7.0,"turns":3.0},{"damage":13.0,"enemies":"3 Sentries","floor":8.0,"turns":8.0},{"damage":0.0,"enemies":"Looter","floor":10.0,"turns":3.0},{"damage":0.0,"enemies":"2 Fungi Beasts","floor":11.0,"turns":2.0},{"damage":10.0,"enemies":"Lagavulin","floor":12.0,"turns":6.0},{"damage":3.0,"enemies":"3 Sentries","floor":14.0,"turns":5.0},{"damage":0.0,"enemies":"Slime Boss","floor":16.0,"turns":10.0},{"damage":6.0,"enemies":"2 Thieves","floor":18.0,"turns":3.0},{"damage":10.0,"enemies":"Spheric Guardian","floor":22.0,"turns":4.0},{"damage":23.0,"enemies":"Slavers","floor":23.0,"turns":5.0},{"damage":3.0,"enemies":"Book of Stabbing","floor":25.0,"turns":6.0},{"damage":31.0,"enemies":"Slavers","floor":27.0,"turns":5.0},{"damage":0.0,"enemies":"Snake Plant","floor":28.0,"turns":4.0},{"damage":10.0,"enemies":"Centurion and Healer","floor":30.0,"turns":5.0},{"damage":16.0,"enemies":"Gremlin Leader","floor":31.0,"turns":6.0},{"damage":51.0,"enemies":"hubris:MusketHawk","floor":33.0,"turns":8.0},{"damage":3.0,"enemies":"3 Shapes","floor":35.0,"turns":4.0},{"damage":11.0,"enemies":"3 Darklings","floor":37.0,"turns":6.0},{"damage":4.0,"enemies":"Transient","floor":39.0,"turns":5.0},{"damage":13.0,"enemies":"R_Hoarder","floor":42.0,"turns":6.0},{"damage":22.0,"enemies":"Giant Head","floor":44.0,"turns":9.0},{"damage":0.0,"enemies":"Maw","floor":45.0,"turns":6.0},{"damage":12.0,"enemies":"3 Darklings","floor":48.0,"turns":5.0},{"damage":58.0,"enemies":"Donu and Deca","floor":50.0,"turns":9.0},{"damage":53.0,"enemies":"Shield and Spear","floor":54.0,"turns":8.0},{"damage":90,"enemies":"The Heart","floor":55,"turns":6}],"seed_played":"5485883196106155330","potions_obtained":[{"floor":2.0,"key":"Doom Potion"},{"floor":4.0,"key":"EntropicBrew"},{"floor":8.0,"key":"Energy Potion"},{"floor":12.0,"key":"Milkshake"},{"floor":18.0,"key":"Toxic Potion"},{"floor":28.0,"key":"champ:CounterPotion"},{"floor":48.0,"key":"Block Potion"}],"is_trial":false,"path_per_floor":["M","?","?","M","?","E","M","E","T","M","M","E","R","E","R","B",null,"M","?","?","?","M","E","R","E","T","E","M","R","M","E","R","B",null,"M","?","M","$","M","R","?","E","T","E","M","R","?","M","R","B",null,"R","$","E","B"],"character_chosen":"THE_SILENT","items_purchased":["aspiration:Lifesprig","Strange Spoon","Good Instincts+1"],"campfire_rested":2,"item_purchase_floors":[38,38,38],"current_hp_per_floor":[68,40,40,40,40,24,26,13,13,15,15,11,32,33,33,64,70,64,64,57,57,53,34,34,44,44,19,23,45,41,33,33,15,80,80,80,75,80,80,80,80,75,75,58,70,70,70,80,80,28,80,80,80,39,0,0],"gold":125,"neow_bonus":"UPGRADE_CARD","is_daily":false,"chose_seed":false,"campfire_upgraded":5,"win_rate":0.0,"timestamp":1608166140,"path_taken":["M","?","?","M","?","E","M","E","T","M","?","E","R","E","R","BOSS","M","?","?","?","M","E","R","E","T","E","M","R","M","E","R","BOSS","M","?","?","$","?","R","?","E","T","E","M","R","?","M","R","BOSS","R","$","E","BOSS"],"items_purchased_type":["Relic","Relic","Card"],"build_version":"2020-12-13","purchased_purges":1,"victory":false,"max_hp_per_floor":[70,70,70,70,70,70,70,70,70,70,70,70,70,70,70,70,70,70,70,70,70,70,70,70,75,75,75,75,75,75,75,75,75,80,80,80,80,80,80,80,80,80,80,80,80,80,80,80,80,80,80,80,80,80,80,80],"card_choices":[{"not_picked":["ReplayTheSpireMod:The Works","hubris:SlightOfHand"],"picked":"Slice","floor":1.0},{"not_picked":["Crippling Poison","Backstab"],"picked":"Poisoned Stab","floor":2.0},{"not_picked":["Bouncing Flask+1","Sneak Up+1"],"picked":"Cloak And Dagger+1","floor":4.0},{"not_picked":["Crippling Poison+1","hubris:Counter"],"picked":"Deadly Poison+1","floor":6.0},{"not_picked":["Dash","Hidden Blade+1"],"picked":"All Out Attack","floor":7.0},{"not_picked":["Deadly Poison+1","Hidden Blade+1"],"picked":"Infinite Blades","floor":8.0},{"not_picked":["Finisher","Escape Plan+1"],"picked":"Dodge and Roll+1","floor":10.0},{"not_picked":["Slice","Sucker Punch"],"picked":"Accuracy","floor":11.0},{"not_picked":["Leg Sweep+1","Sucker Punch"],"picked":"Glass Knife","floor":12.0},{"not_picked":["Expertise+1","Riddle With Holes"],"picked":"Flechettes","floor":14.0},{"not_picked":["Replay:Bag of Tricks+1","Wraith Form v2"],"picked":"Malaise+1","floor":16.0},{"not_picked":["hubris:Sniper+1","Hidden Blade+1"],"picked":"Caltrops","floor":18.0},{"not_picked":["Bane","Sneak Up+1"],"picked":"PiercingWail+1","floor":22.0},{"not_picked":["Deflect+1","Masterful Stab"],"picked":"Deadly Poison+1","floor":23.0},{"not_picked":["Poisoned Stab","Dagger Throw+1"],"picked":"Noxious Fumes","floor":25.0},{"not_picked":["Crippling Poison+1","Acrobatics+1"],"picked":"All Out Attack+1","floor":27.0},{"not_picked":["All Out Attack","Acrobatics+1","Poisoned Stab"],"picked":"SKIP","floor":28.0},{"not_picked":["Draining Mist+1","Eviscerate","Acrobatics+1"],"picked":"SKIP","floor":30.0},{"not_picked":["ReplayTheSpireMod:Tripwire+1","Dodge and Roll+1"],"picked":"Slice+1","floor":31.0},{"not_picked":["Corpse Explosion+1","Unload"],"picked":"Envenom","floor":33.0},{"not_picked":["Toxin Wave+1","Sucker Punch"],"picked":"Deflect+1","floor":35.0},{"not_picked":["Expertise+1","Dodge and Roll+1"],"picked":"Accuracy+1","floor":37.0},{"not_picked":["Acrobatics+1","ReplayTheSpireMod:Tripwire+1","Caltrops"],"picked":"SKIP","floor":39.0},{"not_picked":["Setup+1","conspire:DoublingDagger+1"],"picked":"Phantasmal Killer+1","floor":42.0},{"not_picked":["Dagger Throw","Underhanded Strike+1","hubris:SlightOfHand+1"],"picked":"SKIP","floor":44.0},{"not_picked":["Prepared+1","Caltrops","Deadly Poison+1"],"picked":"SKIP","floor":45.0},{"not_picked":["Toxin Wave+1","Bane+1"],"picked":"Leg Sweep+1","floor":48.0},{"not_picked":["Sucker Punch","Dagger Throw+1"],"picked":"After Image","floor":54.0}],"player_experience":441591,"relics_obtained":[{"floor":2.0,"key":"aspiration:StickyExplosives_weak"},{"floor":6.0,"key":"Bird Faced Urn"},{"floor":8.0,"key":"Bag of Preparation"},{"floor":9.0,"key":"hubris:TenFootPole"},{"floor":12.0,"key":"Replay:Bottled Steam"},{"floor":14.0,"key":"Pantograph"},{"floor":23.0,"key":"MealTicket"},{"floor":25.0,"key":"Durian"},{"floor":27.0,"key":"Shovel"},{"floor":31.0,"key":"Boot"},{"floor":34.0,"key":"Simple Rune"},{"floor":34.0,"key":"CCEMRelics:CocoNut"},{"floor":34.0,"key":"Thread and Needle"},{"floor":42.0,"key":"Dead Branch"},{"floor":43.0,"key":"Gambling Chip"},{"floor":44.0,"key":"Oddly Smooth Stone"},{"floor":54.0,"key":"hubris:DuctTape"}],"event_choices":[{"damage_healed":0.0,"max_hp_gain":0.0,"max_hp_loss":0.0,"gold_gain":0.0,"cards_transformed":["Defend_G"],"event_name":"Transmorgrifier","player_choice":"Transformed","floor":5.0,"gold_loss":0.0,"damage_taken":0.0,"cards_obtained":["Fluid Movement"]},{"damage_healed":0.0,"max_hp_gain":0.0,"max_hp_loss":8.0,"gold_gain":0.0,"event_name":"betterThird:BetterWriting","player_choice":"Simplicity","floor":19.0,"gold_loss":0.0,"damage_taken":0.0},{"damage_healed":0.0,"max_hp_gain":0.0,"max_hp_loss":0.0,"gold_gain":0.0,"cards_transformed":["Flechettes"],"event_name":"Transmorgrifier","player_choice":"Transformed","floor":36.0,"gold_loss":0.0,"damage_taken":0.0,"cards_obtained":["Expertise"]},{"damage_healed":0.0,"max_hp_gain":0.0,"max_hp_loss":0.0,"gold_gain":0.0,"event_name":"Tomb of Lord Red Mask","player_choice":"Paid","floor":41.0,"gold_loss":143.0,"damage_taken":0.0,"relics_obtained":["Red Mask"]},{"damage_healed":0.0,"max_hp_gain":0.0,"max_hp_loss":0.0,"gold_gain":0.0,"event_name":"SensoryStone","player_choice":"Memory 1","floor":47.0,"gold_loss":0.0,"damage_taken":0.0}],"is_beta":false,"boss_relics":[{"not_picked":["SlaversCollar","Replay:Wanted Poster"],"picked":"Empty Cage"},{"not_picked":["hubris:Stopwatch","Snecko Eye"],"picked":"Calling Bell"}],"items_purged_floors":[38],"is_endless":false,"potions_floor_spawned":[4,7,8,12,16,18,22,28,30,37,39,48],"killed_by":"The Heart","ascension_level":1}}