{"host":"gx04ak8ofzo346nl","time":1608189204,"event":{"mods":["BaseMod","Colored Map","Downfall","Googly Eyes","Minty Spire (QoL Compilation)","Replay The Spire","StSLib"],"gold_per_floor":[99,134,152,77,89,89,89,14,27,59,73,86,109,121,135,239,239,164,199,199,199,226,226,226,8,41,41,55,67,83,93,113,210,210,210,44,44,44,75,93,93,107,134,134,174,186,236,236,280,280],"floor_reached":51,"playtime":5884,"items_purged":[],"score":929,"play_id":"7ee01b12-3c32-4c22-bac9-e9a38b08bb22","local_time":"20201216231324","is_ascension_mode":false,"campfire_choices":[{"floor":1,"key":"RECALL"},{"data":"sneckomod:SerpentIdol","floor":4,"key":"SMITH"},{"data":"sneckomod:SoulCleanse","floor":6,"key":"SMITH"},{"data":"sneckomod:Unknown1Cost","floor":8,"key":"SMITH"},{"data":"sneckomod:MorePower","floor":23,"key":"SMITH"},{"data":"sneckomod:UnknownRareAttack","floor":27,"key":"SMITH"},{"floor":35,"key":"REST"},{"floor":38,"key":"REST"},{"floor":44,"key":"REST"}],"circlet_count":0,"master_deck":["sneckomod:Strike","sneckomod:Defend","sneckomod:Defend","sneckomod:SnekBite","sneckomod:Unknown","sneckomod:Unknown","sneckomod:SerpentIdol+1","sneckomod:SoulCleanse+1","sneckomod:Unknown1Cost+1","sneckomod:UnknownBlock","sneckomod:UnknownClassGREEN","sneckomod:UnknownExhaust","sneckomod:UnknownWeak","sneckomod:UnknownClassGUARDIAN","sneckomod:Unknown2Cost","sneckomod:UnknownUncommonPower","sneckomod:MorePower+1","sneckomod:UnknownWeak+1","sneckomod:UnknownUncommonAttack+1","sneckomod:Unknown2Cost+1","sneckomod:SlitherStrike","sneckomod:Unknown2Cost+1","sneckomod:UnknownRareAttack+1","sneckomod:UnknownRareSkill+1","sneckomod:QuickMove","sneckomod:Unknown0Cost+1","sneckomod:Unknown1Cost","Pot Of Greed","Pot Of Greed","Pot Of Greed","sneckomod:QuickMove","sneckomod:Unknown0Cost+1","sneckomod:UnknownClassRED+1","sneckomod:UnknownClassRED+1","sneckomod:Unknown1Cost","sneckomod:SnekBeam","sneckomod:UnknownRareSkill+1","sneckomod:SlitherStrike+1","sneckomod:SoulRoll","Pot Of Greed","sneckomod:UnknownUncommonSkill","sneckomod:Nope","sneckomod:Nope","sneckomod:UnknownBlock","sneckomod:SoulExchange","sneckomod:UnknownCommonSkill","sneckomod:UnknownBlock+1","sneckomod:UnknownRarePower","sneckomod:UnknownColorless+1","sneckomod:UnknownBlock+1","sneckomod:Unknown+1","sneckomod:TrashToTreasure","Pot Of Greed","sneckomod:ImprovisedGuard+1","sneckomod:Unknown1Cost+1","sneckomod:UnknownEthereal+1","sneckomod:Nope+1","sneckomod:UnknownColorless+1","sneckomod:UnknownCommonAttack+1","sneckomod:UnknownUncommonAttack+1","sneckomod:DiceBlock","sneckomod:UnknownRareSkill+1","sneckomod:Unknown1Cost+1","sneckomod:CheapStock","sneckomod:Unknown3Cost","Pot Of Greed","sneckomod:SlitherStrike+1","sneckomod:UnknownEthereal+1","sneckomod:QuickMove+1"],"relics":["sneckomod:SneckoSoul","Simple Rune","downfall:HeartBlessingRed","downfall:HeartBlessingBlue","Anchor","Odd Mushroom","Astrolabe","downfall:HeartBlessingGreen","Bag of Preparation","Prayer Wheel","Replay:Accelerometer","Grinning Jar","Regal Pillow","Fusion Hammer","Strange Spoon","Darkstone Periapt","sneckomod:ConfusingCodex","ReplayTheSpireMod:Ninjato","Bird Faced Urn"],"acts_visited":["Exordium","TheCity","TheBeyond"],"potions_floor_usage":[11,16,19,19,22,28,29,29,32,33,33,33,33,33,33,46,49,50,50,50,50],"damage_taken":[{"damage":0,"enemies":"Gremlin Nob","floor":2,"turns":6},{"damage":3,"enemies":"Jaw Worm","floor":3,"turns":2},{"damage":1,"enemies":"2 Louse","floor":5,"turns":2},{"damage":0,"enemies":"Small Slimes","floor":9,"turns":3},{"damage":11,"enemies":"Lagavulin","floor":10,"turns":6},{"damage":10,"enemies":"Exordium Thugs","floor":11,"turns":3},{"damage":4,"enemies":"Red Slaver","floor":12,"turns":3},{"damage":4,"enemies":"The Mushroom Lair","floor":13,"turns":2},{"damage":0,"enemies":"3 Louse","floor":14,"turns":4},{"damage":0,"enemies":"Blue Slaver","floor":15,"turns":1},{"damage":51,"enemies":"downfall:Ironclad","floor":16,"turns":7},{"damage":42,"enemies":"Slavers","floor":19,"turns":5},{"damage":34,"enemies":"Book of Stabbing","floor":22,"turns":5},{"damage":0,"enemies":"downfall:FleeingMerchant","floor":25,"turns":4},{"damage":26,"enemies":"Gremlin Leader","floor":26,"turns":6},{"damage":14,"enemies":"Chosen","floor":28,"turns":5},{"damage":1,"enemies":"Shell Parasite","floor":29,"turns":5},{"damage":15,"enemies":"Snake Plant","floor":30,"turns":3},{"damage":1,"enemies":"Shelled Parasite and Fungi","floor":31,"turns":3},{"damage":9,"enemies":"Centurion and Healer","floor":32,"turns":3},{"damage":7,"enemies":"downfall:Defect","floor":33,"turns":8},{"damage":0,"enemies":"downfall:FleeingMerchant","floor":36,"turns":4},{"damage":28,"enemies":"Giant Head","floor":39,"turns":8},{"damage":7,"enemies":"3 Shapes","floor":40,"turns":3},{"damage":55,"enemies":"3 Darklings","floor":42,"turns":6},{"damage":27,"enemies":"Nemesis","floor":43,"turns":7},{"damage":12,"enemies":"Spire Growth","floor":45,"turns":5},{"damage":16,"enemies":"Transient","floor":46,"turns":5},{"damage":2,"enemies":"2 Orb Walkers","floor":47,"turns":3},{"damage":0,"enemies":"Sphere and 2 Shapes","floor":49,"turns":2},{"damage":58,"enemies":"downfall:Silent","floor":50,"turns":12}],"seed_played":"8774957740966783212","potions_obtained":[{"floor":9,"key":"GamblersBrew"},{"floor":10,"key":"Adrenaline Potion"},{"floor":11,"key":"Energy Potion"},{"floor":13,"key":"Dexterity Potion"},{"floor":19,"key":"Dexterity Potion"},{"floor":26,"key":"LifebloodPotion"},{"floor":28,"key":"Languid Potion"},{"floor":30,"key":"SkillPotion"},{"floor":32,"key":"sneckomod:CheatPotion"},{"floor":40,"key":"SteroidPotion"},{"floor":45,"key":"Reflective Coating"},{"floor":46,"key":"Swift Potion"},{"floor":47,"key":"GamblersBrew"}],"is_trial":false,"path_per_floor":["R_BF","E","M","R","M","R","T","R","M","E","M","M","?","M","M","B",null,"R_BF","E","?","?","E","R","T","$","E","R","M","M","M","M","M","B",null,"R","$","?","R","E","M","T","M","E","R","M","M","?","?","M","B",null],"character_chosen":"THE_SNECKO","items_purchased":["Grinning Jar","sneckomod:QuickMove","Strange Spoon"],"campfire_rested":3,"item_purchase_floors":[25,25,36],"current_hp_per_floor":[99,99,96,96,96,96,96,106,111,101,92,93,94,95,96,75,120,120,80,80,80,47,47,47,49,33,33,21,21,7,7,8,3,135,135,137,137,137,125,119,119,65,77,134,123,109,108,108,109,95],"gold":280,"neow_bonus":"TEN_PERCENT_HP_BONUS","is_daily":false,"chose_seed":false,"campfire_upgraded":5,"win_rate":0.0,"timestamp":1608189204,"path_taken":["R_BF","E","M","R","M","R","T","R","M","E","M","M","?","M","M","BOSS","R_BF","E","?","?","E","R","T","?","E","R","M","M","M","?","M","BOSS","R","$","?","R","E","M","T","M","E","R","M","M","?","?","M","BOSS"],"items_purchased_type":["Relic","Card","Relic"],"build_version":"2020-12-13","purchased_purges":0,"victory":true,"max_hp_per_floor":[99,99,99,99,100,100,100,110,111,112,113,114,115,116,117,117,120,120,122,122,122,123,123,123,125,127,127,129,130,131,132,133,135,135,135,137,137,137,138,139,139,140,142,142,143,145,146,146,147,147],"card_choices":[{"not_picked":["sneckomod:UnknownVulnerable","sneckomod:DiceCrush"],"picked":"sneckomod:SerpentIdol","floor":2},{"not_picked":["sneckomod:UnknownX","sneckomod:TrashToTreasure"],"picked":"sneckomod:SoulCleanse","floor":3},{"not_picked":["sneckomod:WideSting","sneckomod:UnknownClassRED"],"picked":"sneckomod:Unknown1Cost","floor":5},{"not_picked":["sneckomod:UnknownX","sneckomod:DiceBlock"],"picked":"sneckomod:UnknownBlock","floor":9},{"not_picked":["sneckomod:QuickBite","sneckomod:RainOfDice"],"picked":"sneckomod:UnknownClassGREEN","floor":10},{"not_picked":["sneckomod:SerpentIdol","sneckomod:UnknownClassTHE_CHAMP_GRAY"],"picked":"sneckomod:UnknownExhaust","floor":11},{"not_picked":["sneckomod:QuickBite","sneckomod:UnknownStrike"],"picked":"sneckomod:UnknownWeak","floor":12},{"not_picked":["sneckomod:UnknownCommonSkill","sneckomod:MasterEye"],"picked":"sneckomod:UnknownClassGUARDIAN","floor":13},{"not_picked":["sneckomod:UnknownStrike","sneckomod:UnknownCommonSkill"],"picked":"sneckomod:Unknown2Cost","floor":14},{"not_picked":["sneckomod:UnknownVulnerable","sneckomod:Nope"],"picked":"sneckomod:UnknownUncommonPower","floor":15},{"not_picked":["sneckomod:UnknownRarePower","sneckomod:UnknownRareSkill"],"picked":"sneckomod:MorePower","floor":16},{"not_picked":["sneckomod:Unknown1Cost+1","sneckomod:UnknownClassBLUE+1"],"picked":"sneckomod:Unknown2Cost+1","floor":19},{"not_picked":["sneckomod:SoulDraw+1","sneckomod:UnknownBlock"],"picked":"sneckomod:UnknownRareAttack","floor":19},{"not_picked":["sneckomod:Unknown1Cost+1","sneckomod:UnknownClassGUARDIAN+1"],"picked":"sneckomod:UnknownRareSkill+1","floor":22},{"not_picked":["sneckomod:UnknownVulnerable","sneckomod:WideSting"],"picked":"sneckomod:QuickMove","floor":22},{"not_picked":["sneckomod:UnknownClassHEXA_GHOST_PURPLE+1","sneckomod:Unknown+1"],"picked":"sneckomod:Unknown0Cost+1","floor":25},{"not_picked":["sneckomod:WideSting","sneckomod:IronFang"],"picked":"sneckomod:Unknown1Cost","floor":25},{"not_picked":["sneckomod:UnknownStrike+1","sneckomod:UnknownCommonAttack+1"],"picked":"sneckomod:Unknown0Cost+1","floor":26},{"not_picked":["sneckomod:UnknownStrike+1","sneckomod:QuickBite+1"],"picked":"sneckomod:UnknownClassRED+1","floor":26},{"not_picked":["sneckomod:UnknownWeak+1","sneckomod:UnknownClassGREEN+1"],"picked":"sneckomod:UnknownClassRED+1","floor":28},{"not_picked":["sneckomod:UnknownVulnerable","sneckomod:WideSting"],"picked":"sneckomod:Unknown1Cost","floor":28},{"not_picked":["sneckomod:UnknownClassGREEN","sneckomod:UnknownCommonAttack+1"],"picked":"sneckomod:SnekBeam","floor":28},{"not_picked":["sneckomod:UnknownRareAttack+1","sneckomod:UnknownEthereal+1"],"picked":"sneckomod:UnknownRareSkill+1","floor":29},{"not_picked":["sneckomod:DiceBlock+1","sneckomod:ImprovisedAttack"],"picked":"sneckomod:SlitherStrike+1","floor":29},{"not_picked":["sneckomod:UnknownBlock","sneckomod:IronFang"],"picked":"sneckomod:SoulRoll","floor":29},{"not_picked":["sneckomod:UnknownClassRED","sneckomod:SerpentIdol"],"picked":"sneckomod:UnknownUncommonSkill","floor":30},{"not_picked":["sneckomod:SnekBeam","sneckomod:DiceBlock"],"picked":"sneckomod:Nope","floor":30},{"not_picked":["sneckomod:UnknownClassPURPLE","sneckomod:UnknownStrike"],"picked":"sneckomod:Nope","floor":31},{"not_picked":["sneckomod:MasterEye+1","sneckomod:UnknownCommonAttack"],"picked":"sneckomod:UnknownBlock","floor":31},{"not_picked":["sneckomod:QuickMove","sneckomod:QuickBite"],"picked":"sneckomod:SoulExchange","floor":32},{"not_picked":["sneckomod:QuickBite+1","sneckomod:UnknownStrike"],"picked":"sneckomod:UnknownCommonSkill","floor":32},{"not_picked":["sneckomod:UnknownUncommonSkill+1","sneckomod:UnknownExhaust+1"],"picked":"sneckomod:UnknownBlock+1","floor":33},{"not_picked":["sneckomod:MorePower","sneckomod:UnknownRareSkill"],"picked":"sneckomod:UnknownRarePower","floor":33},{"not_picked":["sneckomod:UnknownClassSLIMEBOUND+1","sneckomod:UnknownCommonAttack+1"],"picked":"sneckomod:UnknownColorless+1","floor":36},{"not_picked":["sneckomod:UnknownClassRED","sneckomod:Mudshield"],"picked":"sneckomod:UnknownBlock+1","floor":36},{"not_picked":["sneckomod:UnknownClassHEXA_GHOST_PURPLE+1","sneckomod:UnknownStrike+1"],"picked":"sneckomod:Unknown+1","floor":39},{"not_picked":["sneckomod:IronFang+1","sneckomod:MasterEye+1"],"picked":"sneckomod:TrashToTreasure","floor":39},{"not_picked":["sneckomod:RainOfDice","sneckomod:ImprovisedAttack"],"picked":"sneckomod:ImprovisedGuard+1","floor":40},{"not_picked":["sneckomod:UnknownClassGUARDIAN","sneckomod:DiceCrush+1"],"picked":"sneckomod:Unknown1Cost+1","floor":40},{"not_picked":["sneckomod:QuickBite+1","sneckomod:IronFang+1"],"picked":"sneckomod:UnknownEthereal+1","floor":42},{"not_picked":["sneckomod:DiceCrush+1","sneckomod:UnknownClassSLIMEBOUND"],"picked":"sneckomod:Nope+1","floor":42},{"not_picked":["sneckomod:Unknown3Cost+1","sneckomod:Unknown2Cost+1"],"picked":"sneckomod:UnknownColorless+1","floor":43},{"not_picked":["sneckomod:Restock","sneckomod:UnknownClassPURPLE"],"picked":"sneckomod:UnknownCommonAttack+1","floor":43},{"not_picked":["sneckomod:UnknownCommonAttack+1","sneckomod:ImprovisedAttack"],"picked":"sneckomod:UnknownUncommonAttack+1","floor":45},{"not_picked":["sneckomod:SoulCleanse","sneckomod:SoulDraw+1"],"picked":"sneckomod:DiceBlock","floor":45},{"not_picked":["sneckomod:UnknownClassSLIMEBOUND+1","sneckomod:UnknownCommonAttack+1"],"picked":"sneckomod:UnknownRareSkill+1","floor":46},{"not_picked":["sneckomod:TrashToTreasure","sneckomod:WideSting"],"picked":"sneckomod:Unknown1Cost+1","floor":46},{"not_picked":["sneckomod:DiceBoulder+1","sneckomod:UnknownExhaust+1"],"picked":"sneckomod:CheapStock","floor":46},{"not_picked":["sneckomod:RainOfDice","sneckomod:UnknownClassGREEN+1"],"picked":"sneckomod:Unknown3Cost","floor":47},{"not_picked":["sneckomod:UnknownVulnerable+1","sneckomod:ImprovisedGuard"],"picked":"sneckomod:UnknownEthereal+1","floor":49},{"not_picked":["sneckomod:QuickBite+1","sneckomod:DiceCrush+1"],"picked":"sneckomod:QuickMove+1","floor":49}],"player_experience":158694,"relics_obtained":[{"floor":2,"key":"Simple Rune"},{"floor":10,"key":"Anchor"},{"floor":13,"key":"Odd Mushroom"},{"floor":19,"key":"Bag of Preparation"},{"floor":22,"key":"Prayer Wheel"},{"floor":24,"key":"Replay:Accelerometer"},{"floor":26,"key":"Regal Pillow"},{"floor":39,"key":"Darkstone Periapt"},{"floor":41,"key":"sneckomod:ConfusingCodex"},{"floor":43,"key":"ReplayTheSpireMod:Ninjato"},{"floor":47,"key":"Bird Faced Urn"}],"event_choices":[{"damage_healed":0,"gold_gain":0,"player_choice":"Fought Mushrooms","damage_taken":0,"max_hp_gain":0,"max_hp_loss":0,"event_name":"Mushrooms","floor":13,"gold_loss":0},{"damage_healed":0,"gold_gain":0,"player_choice":"Ignored","damage_taken":0,"max_hp_gain":0,"max_hp_loss":0,"event_name":"Ghosts","floor":20,"gold_loss":0},{"damage_healed":0,"gold_gain":0,"player_choice":"Fight","damage_taken":0,"max_hp_gain":0,"max_hp_loss":0,"event_name":"Mysterious Sphere","floor":47,"gold_loss":0},{"damage_healed":0,"gold_gain":0,"player_choice":"Copied","damage_taken":0,"max_hp_gain":0,"max_hp_loss":0,"event_name":"Duplicator","floor":48,"gold_loss":0,"cards_obtained":["sneckomod:SlitherStrike"]}],"is_beta":false,"boss_relics":[{"not_picked":["Ectoplasm","Honey Jar"],"picked":"Astrolabe"},{"not_picked":["Snecko Eye","Velvet Choker"],"picked":"Fusion Hammer"}],"items_purged_floors":[],"is_endless":false,"potions_floor_spawned":[9,10,11,13,15,19,26,28,30,32,40,45,46,47],"ascension_level":0}}