{"host":"s41rn2jhghpwfrvz","time":1608173161,"event":{"mods":["BaseMod","Minty Spire (QoL Compilation)","Quick Restart","Relic Stats","SuperFastMode"],"gold_per_floor":[118,98,114,114,114,146,146,173,173,201,126,153,233,250,250,326,326,337,347,272,272,272,272,306,322,371,403,414,414,447,22,22,93,93,105,120,171,188,188,218,247,279,279,313,313,339,339,373,373,373,373,373,373,74,101,101],"floor_reached":57,"playtime":1891,"items_purged":["WheelKick","PiercingWail","Quick Slash"],"score":4120,"play_id":"835816a2-ecb1-4583-ab4d-d68787315de7","local_time":"20201217044601","daily_mods":["SealedDeck","Diverse","Elite Swarm"],"is_ascension_mode":true,"campfire_choices":[{"floor":7.0,"key":"RECALL"},{"data":"Scrawl","floor":15,"key":"SMITH"},{"data":"WreathOfFlame","floor":23,"key":"SMITH"},{"data":"Sword Boomerang","floor":29,"key":"SMITH"},{"data":"Adrenaline","floor":32,"key":"SMITH"},{"floor":47,"key":"DIG"},{"floor":49,"key":"DIG"},{"floor":53,"key":"DIG"}],"circlet_count":0,"master_deck":["AscendersBane","Sword Boomerang+1","WreathOfFlame+1","Second Wind","PiercingWail","Backflip+1","Prostrate+1","Scrawl+1","Adrenaline+1","Barricade","Echo Form","Finesse"],"relics":["Burning Blood","Mummified Hand","Sundial","Akabeko","Ice Cream","Charon\u0027s Ashes","Mercury Hourglass","Runic Pyramid","Champion Belt","Peace Pipe","Happy Flower","Strawberry","Oddly Smooth Stone","Turnip","Calling Bell","Orichalcum","Matryoshka","WingedGreaves","Shovel","Bag of Preparation","Dream Catcher","Question Card","Potion Belt","Blood Vial","Paper Frog","Du-Vu Doll","Ancient Tea Set","Self Forming Clay","InkBottle","Lizard Tail"],"acts_visited":["Exordium","TheCity","TheBeyond","TheEnding"],"potions_floor_usage":[8,8,10,56,56,56,56],"damage_taken":[{"damage":0.0,"enemies":"Small Slimes","floor":1.0,"turns":3.0},{"damage":2.0,"enemies":"Cultist","floor":3.0,"turns":3.0},{"damage":0.0,"enemies":"Lagavulin","floor":6.0,"turns":5.0},{"damage":32,"enemies":"3 Sentries","floor":8,"turns":5},{"damage":11,"enemies":"Gremlin Nob","floor":10,"turns":3},{"damage":0,"enemies":"Lagavulin","floor":12,"turns":4},{"damage":0,"enemies":"2 Louse","floor":14,"turns":2},{"damage":0,"enemies":"The Guardian","floor":16,"turns":4},{"damage":0,"enemies":"2 Thieves","floor":18,"turns":2},{"damage":0,"enemies":"Shell Parasite","floor":19,"turns":2},{"damage":0,"enemies":"Gremlin Leader","floor":24,"turns":2},{"damage":0,"enemies":"3 Cultists","floor":25,"turns":2},{"damage":0,"enemies":"Book of Stabbing","floor":27,"turns":2},{"damage":0,"enemies":"Centurion and Healer","floor":28,"turns":2},{"damage":0,"enemies":"Slavers","floor":30,"turns":2},{"damage":1,"enemies":"Champ","floor":33,"turns":3},{"damage":0,"enemies":"Orb Walker","floor":35,"turns":1},{"damage":0,"enemies":"3 Darklings","floor":36,"turns":1},{"damage":0,"enemies":"2 Orb Walkers","floor":37,"turns":2},{"damage":2,"enemies":"4 Shapes","floor":38,"turns":2},{"damage":10,"enemies":"Nemesis","floor":40,"turns":3},{"damage":0,"enemies":"Reptomancer","floor":41,"turns":2},{"damage":0,"enemies":"Giant Head","floor":42,"turns":2},{"damage":10,"enemies":"Nemesis","floor":44,"turns":3},{"damage":0,"enemies":"Giant Head","floor":46,"turns":1},{"damage":0,"enemies":"Reptomancer","floor":48,"turns":2},{"damage":11,"enemies":"Time Eater","floor":50,"turns":3},{"damage":0,"enemies":"Awakened One","floor":51,"turns":3},{"damage":0,"enemies":"Shield and Spear","floor":55,"turns":2},{"damage":0,"enemies":"The Heart","floor":56,"turns":5}],"seed_played":"-1642638991208938003","potions_obtained":[{"floor":2.0,"key":"Explosive Potion"},{"floor":3.0,"key":"DuplicationPotion"},{"floor":8,"key":"Fire Potion"},{"floor":10,"key":"SpeedPotion"},{"floor":14,"key":"BlessingOfTheForge"},{"floor":19,"key":"LiquidMemories"},{"floor":24,"key":"BlessingOfTheForge"},{"floor":27,"key":"Strength Potion"},{"floor":37,"key":"Ancient Potion"},{"floor":48,"key":"Dexterity Potion"}],"is_trial":true,"path_per_floor":["M","?","M","?","T","E","R","E","T","E","?","E","T","M","R","B",null,"M","M","$","?","?","R","E","M","T","E","M","R","E","$","R","B",null,"M","M","?","M","?","E","E","E","T","E","?","E","R","E","R","B","B",null,"R","$","E","B",null],"character_chosen":"IRONCLAD","items_purchased":["Turnip","Finesse","Ancient Potion"],"campfire_rested":0,"item_purchase_floors":[31,54,54],"current_hp_per_floor":[74,74,75,52,52,58,58,32,32,27,27,33,33,39,39,45,68,74,75,75,75,75,75,75,75,75,82,82,82,82,82,82,82,82,82,82,82,82,72,68,74,80,80,78,78,82,82,82,82,77,82,82,82,82,82,82],"gold":101,"neow_bonus":"","is_daily":false,"chose_seed":false,"campfire_upgraded":4,"win_rate":0.0,"timestamp":1608173161,"path_taken":["M","?","?","?","?","E","R","E","T","E","?","E","?","M","R","BOSS","M","?","$","?","?","R","E","M","T","E","M","R","E","$","R","BOSS","M","M","?","M","?","E","E","E","T","E","?","E","R","E","R","BOSS","BOSS","R","$","E","BOSS"],"items_purchased_type":["Relic","Card","Potion"],"build_version":"2020-12-13","purchased_purges":3,"victory":true,"max_hp_per_floor":[75,75,75,75,75,75,75,75,75,75,75,75,75,75,75,75,75,75,75,75,75,75,75,75,75,75,82,82,82,82,82,82,82,82,82,82,82,82,82,82,82,82,82,82,82,82,82,82,82,82,82,82,82,82,82,82],"relic_stats":{"Happy Flower":[13],"counters":[30,78],"Self Forming Clay":[6],"Charon\u0027s Ashes":[470],"Bag of Preparation":[18],"Orichalcum":[0],"Question Card":4,"Burning Blood":90,"Mercury Hourglass":[254],"Peace Pipe":0,"Blood Vial":6,"Dream Catcher":0,"Lizard Tail":0,"Shovel":3,"Mummified Hand":[14],"Sundial":[152],"Turnip":[2],"Champion Belt":[0],"obtain_stats":[{"Ice Cream":10,"Bag of Preparation":40,"Ancient Tea Set":47,"Burning Blood":0,"Blood Vial":43,"Dream Catcher":41,"Lizard Tail":55,"Matryoshka":34,"Shovel":37,"Mummified Hand":5,"Sundial":6,"Strawberry":27,"WingedGreaves":34,"InkBottle":53,"Runic Pyramid":17,"Paper Frog":44,"Potion Belt":43,"Happy Flower":26,"Self Forming Clay":49,"Oddly Smooth Stone":30,"Charon\u0027s Ashes":12,"Orichalcum":34,"Question Card":42,"Akabeko":8,"Mercury Hourglass":13,"Peace Pipe":24,"Calling Bell":34,"Du-Vu Doll":46,"Turnip":31,"Champion Belt":22},{"Ice Cream":5,"Bag of Preparation":21,"Ancient Tea Set":25,"Burning Blood":0,"Blood Vial":23,"Dream Catcher":22,"Lizard Tail":29,"Matryoshka":16,"Shovel":19,"Mummified Hand":2,"Sundial":3,"Strawberry":13,"WingedGreaves":16,"InkBottle":28,"Runic Pyramid":8,"Paper Frog":24,"Potion Belt":23,"Happy Flower":12,"Self Forming Clay":26,"Oddly Smooth Stone":15,"Charon\u0027s Ashes":6,"Orichalcum":16,"Question Card":23,"Akabeko":4,"Mercury Hourglass":6,"Peace Pipe":11,"Calling Bell":16,"Du-Vu Doll":25,"Turnip":15,"Champion Belt":10},{"Ice Cream":19,"Bag of Preparation":55,"Ancient Tea Set":63,"Burning Blood":0,"Blood Vial":59,"Dream Catcher":57,"Lizard Tail":73,"Matryoshka":46,"Shovel":50,"Mummified Hand":6,"Sundial":11,"Strawberry":39,"WingedGreaves":46,"InkBottle":71,"Runic Pyramid":29,"Paper Frog":62,"Potion Belt":59,"Happy Flower":37,"Self Forming Clay":65,"Oddly Smooth Stone":43,"Charon\u0027s Ashes":23,"Orichalcum":46,"Question Card":59,"Akabeko":16,"Mercury Hourglass":23,"Peace Pipe":35,"Calling Bell":46,"Du-Vu Doll":63,"Turnip":43,"Champion Belt":33}],"InkBottle":[6]},"card_choices":[{"not_picked":["LikeWater","Dodge and Roll","Doom and Gloom"],"picked":"SKIP","floor":1.0},{"not_picked":["Blade Dance","Evaluate","Hologram"],"picked":"SKIP","floor":3.0},{"not_picked":["Meteor Strike","Multi-Cast","SpiritShield"],"picked":"SKIP","floor":6.0},{"not_picked":["Hyperbeam","Vault","Rainbow"],"picked":"SKIP","floor":8},{"not_picked":["DeusExMachina","Wish"],"picked":"Scrawl","floor":10},{"not_picked":["Fission","Establishment","A Thousand Cuts"],"picked":"SKIP","floor":12},{"not_picked":["Rebound","Halt","Cold Snap"],"picked":"SKIP","floor":14},{"not_picked":["Sword Boomerang","Underhanded Strike","Chaos"],"picked":"SKIP","floor":18},{"not_picked":["Sword Boomerang","Underhanded Strike","Chaos"],"picked":"SKIP","floor":18},{"not_picked":["FlyingSleeves","Sword Boomerang","Sweeping Beam"],"picked":"SKIP","floor":19},{"not_picked":["Machine Learning","Exhume","Hyperbeam"],"picked":"SKIP","floor":24},{"not_picked":["Meditate","Expertise","Beam Cell"],"picked":"SKIP","floor":25},{"not_picked":["Fiend Fire","Electrodynamics"],"picked":"Adrenaline","floor":27},{"not_picked":["Sucker Punch","Bane","Dagger Throw"],"picked":"SKIP","floor":28},{"not_picked":["Thunder Strike","SpiritShield","Core Surge"],"picked":"SKIP","floor":30},{"not_picked":["Flame Barrier","Predator","Prostrate+1"],"picked":"SKIP","floor":35},{"not_picked":["Go for the Eyes+1","Terror","True Grit+1"],"picked":"SKIP","floor":36},{"not_picked":["Clash","Beam Cell","Predator"],"picked":"SKIP","floor":38},{"not_picked":["SpiritShield","Offering","Multi-Cast"],"picked":"SKIP","floor":40},{"not_picked":["Phantasmal Killer","Burst"],"picked":"Barricade","floor":41},{"not_picked":["Wish","Vault","Phantasmal Killer"],"picked":"SKIP","floor":42},{"not_picked":["Ragnarok","Phantasmal Killer","Bludgeon","Devotion"],"picked":"SKIP","floor":44},{"not_picked":["Berserk","Burst","Machine Learning"],"picked":"Echo Form","floor":46},{"not_picked":["Impervious","Venomology","Rainbow","Demon Form"],"picked":"SKIP","floor":48},{"not_picked":["Offering","Double Tap","Exhume","Hyperbeam"],"picked":"SKIP","floor":55}],"player_experience":1587901,"relics_obtained":[{"floor":5.0,"key":"Mummified Hand"},{"floor":6.0,"key":"Sundial"},{"floor":8,"key":"Akabeko"},{"floor":10,"key":"Ice Cream"},{"floor":12,"key":"Charon\u0027s Ashes"},{"floor":13,"key":"Mercury Hourglass"},{"floor":24,"key":"Peace Pipe"},{"floor":26,"key":"Happy Flower"},{"floor":27,"key":"Strawberry"},{"floor":30,"key":"Oddly Smooth Stone"},{"floor":34,"key":"Orichalcum"},{"floor":34,"key":"Matryoshka"},{"floor":34,"key":"WingedGreaves"},{"floor":37,"key":"Shovel"},{"floor":40,"key":"Bag of Preparation"},{"floor":41,"key":"Dream Catcher"},{"floor":42,"key":"Question Card"},{"floor":43,"key":"Potion Belt"},{"floor":43,"key":"Blood Vial"},{"floor":44,"key":"Paper Frog"},{"floor":46,"key":"Du-Vu Doll"},{"floor":47,"key":"Ancient Tea Set"},{"floor":49,"key":"Self Forming Clay"},{"floor":53,"key":"InkBottle"},{"floor":55,"key":"Lizard Tail"}],"event_choices":[{"damage_healed":0.0,"max_hp_gain":0.0,"max_hp_loss":0.0,"gold_gain":0.0,"event_name":"The Woman in Blue","player_choice":"Bought 1 Potion","floor":2.0,"gold_loss":0.0,"damage_taken":0.0},{"damage_healed":0.0,"max_hp_gain":0.0,"max_hp_loss":0.0,"gold_gain":0.0,"event_name":"Shining Light","player_choice":"Entered Light","floor":4.0,"gold_loss":0.0,"damage_taken":23.0,"cards_upgraded":["Prostrate","Backflip"]},{"cards_removed":["Power Through"],"damage_healed":0,"gold_gain":0,"player_choice":"Card Removal","damage_taken":0,"max_hp_gain":0,"max_hp_loss":0,"event_name":"The Cleric","floor":11,"gold_loss":75},{"damage_healed":0,"gold_gain":0,"player_choice":"Ignored","damage_taken":0,"max_hp_gain":0,"max_hp_loss":0,"event_name":"Cursed Tome","floor":21,"gold_loss":0},{"damage_healed":0,"gold_gain":0,"player_choice":"Gave Potion","damage_taken":0,"relics_obtained":["Champion Belt"],"max_hp_gain":0,"max_hp_loss":0,"event_name":"WeMeetAgain","floor":22,"gold_loss":0},{"damage_healed":0,"gold_gain":0,"player_choice":"Fight","damage_taken":0,"max_hp_gain":0,"max_hp_loss":0,"event_name":"Mysterious Sphere","floor":37,"gold_loss":0},{"damage_healed":0,"gold_gain":0,"player_choice":"Memory 3","damage_taken":10,"max_hp_gain":0,"max_hp_loss":0,"event_name":"SensoryStone","floor":39,"gold_loss":0},{"damage_healed":0,"gold_gain":0,"player_choice":"Ignored","damage_taken":0,"max_hp_gain":0,"max_hp_loss":0,"event_name":"Tomb of Lord Red Mask","floor":45,"gold_loss":0}],"is_beta":false,"boss_relics":[{"not_picked":["Black Blood","Cursed Key"],"picked":"Runic Pyramid"},{"not_picked":["Astrolabe","Tiny House"],"picked":"Calling Bell"}],"items_purged_floors":[20,31,54],"is_endless":false,"potions_floor_spawned":[3,8,10,14,19,24,25,27,33,36,37,42,48,55],"ascension_level":20}}