{"host":"h792lphzw6wlba86","time":1608176542,"event":{"mods":["AchievementEnabler","Aspiration","BaseMod","Better Altar","Better Match","Better Note","Better Sensory Stone","Better Skull","Better Third Choice","BetterRewards","CCEM","Colored Map","Conspire","Downfall","GifTheSpireLib","Googly Eyes","Halation","Highlight Path","Hubris","Hunter ??","Jedi Mod","Mimic Mod","Minty Spire (QoL Compilation)","Permanent Neow","Replay The Spire","Shop Mod","Spicy Shops","StSLib","Stuff the Spire","The Jungle","Unceasing Turn Reminder","everything is the same but u backflip on backflip","slay the spire mod where everything is the same but ironclad has a cowboy hat"],"gold_per_floor":[99,134,161,192,219,244,281,293,315,360,372,384,375,403,430,546,558,495,507,507],"floor_reached":19,"playtime":2154,"items_purged":[],"score":179,"play_id":"2bc183cf-2406-4069-80b6-8324f87383ad","local_time":"20201216214222","is_ascension_mode":false,"campfire_choices":[{"data":"Slimebound:DuplicatedForm","floor":1,"key":"SMITH"},{"data":"Slimebound:RollThrough","floor":8,"key":"SMITH"},{"data":"Slimebound:LeechEnergy","floor":18,"key":"SMITH"}],"circlet_count":0,"master_deck":["Slimebound:Strike_Slimebound","Slimebound:Strike_Slimebound","Slimebound:Strike_Slimebound","Slimebound:Tackle","Slimebound:Defend_Slimebound","Slimebound:Defend_Slimebound","Slimebound:Defend_Slimebound","Slimebound:Defend_Slimebound","Slimebound:Split","Slimebound:CorrosiveSpit","Slimebound:DuplicatedForm+1","Slimebound:Chomp","Slimebound:FinishingTackle","Slimebound:RollThrough+1","Slimebound:SplitMire","Slimebound:LeechEnergy+1","Slimebound:SplitMire","Slimebound:LeechEnergy","Slimebound:RainOfGoop","Slimebound:SplitMire","Slimebound:OneTwoCombo"],"relics":["Slimebound:AbsorbEndCombat","MawBank","Tiny Chest","hubris:Icosahedron","Odd Mushroom","downfall:HeartBlessingBlue"],"acts_visited":["Exordium","TheCity"],"potions_floor_usage":[9,16,16],"damage_taken":[{"damage":52,"enemies":"3 Sentries","floor":2,"turns":9},{"damage":24,"enemies":"Small Slimes","floor":3,"turns":4},{"damage":0,"enemies":"2 Louse","floor":4,"turns":2},{"damage":24,"enemies":"Jaw Worm","floor":5,"turns":5},{"damage":30,"enemies":"Exordium Wildlife","floor":6,"turns":4},{"damage":38,"enemies":"Gremlin Gang","floor":9,"turns":4},{"damage":56,"enemies":"Gremlin Nob","floor":10,"turns":4},{"damage":31,"enemies":"The Mushroom Lair","floor":13,"turns":3},{"damage":21,"enemies":"3 Louse","floor":14,"turns":3},{"damage":18,"enemies":"Red Slaver","floor":15,"turns":3},{"damage":61,"enemies":"downfall:Watcher","floor":16,"turns":7},{"damage":77,"enemies":"conspire:FuzzyDice","floor":19,"turns":2}],"seed_played":"1604118734522771525","potions_obtained":[{"floor":2,"key":"LifebloodPotion"},{"floor":6,"key":"Dexterity Potion"},{"floor":13,"key":"conspire:TimeTravelPotion"},{"floor":14,"key":"Reflective Coating"}],"is_trial":false,"path_per_floor":["R","E","M","M","M","M","T","R","M","E","?","?","?","M","M","B",null,"R","M"],"character_chosen":"SLIMEBOUND","items_purchased":[],"campfire_rested":0,"item_purchase_floors":[],"current_hp_per_floor":[60,51,50,50,53,50,50,50,53,28,43,43,40,35,37,50,60,70,0,0],"gold":507,"neow_bonus":"ONE_RANDOM_RARE_CARD","is_daily":false,"chose_seed":false,"campfire_upgraded":3,"win_rate":0.0,"timestamp":1608176542,"path_taken":["R","E","M","M","M","M","T","R","M","E","?","?","?","M","M","BOSS","R","M"],"items_purchased_type":[],"build_version":"2020-12-13","purchased_purges":0,"victory":false,"max_hp_per_floor":[60,60,60,60,60,60,60,60,60,60,60,60,60,60,60,60,60,70,70,70],"card_choices":[{"not_picked":["Slimebound:ForwardTackle","Slimebound:GrowthPunch"],"picked":"Slimebound:Chomp","floor":2},{"not_picked":["Slimebound:GoopTackle","Slimebound:HauntingLick"],"picked":"Slimebound:FinishingTackle","floor":3},{"not_picked":["Slimebound:ServeAndProtect","Slimebound:ViciousTackle","Slimebound:FinishingTackle"],"picked":"SKIP","floor":4},{"not_picked":["Slimebound:SplitLeeching","Slimebound:LeechingTouch"],"picked":"Slimebound:RollThrough","floor":5},{"not_picked":["Slimebound:Dissolve","Slimebound:Equalize"],"picked":"Slimebound:SplitMire","floor":6},{"not_picked":["Slimebound:SplitLeeching","Slimebound:ServeAndProtect"],"picked":"Slimebound:LeechEnergy","floor":9},{"not_picked":["Slimebound:Overexert","Slimebound:GrowthPunch"],"picked":"Slimebound:SplitMire","floor":10},{"not_picked":["Slimebound:FinishingTackle","Slimebound:ServeAndProtect"],"picked":"Slimebound:LeechEnergy","floor":13},{"not_picked":["Slimebound:SplitAcid","Slimebound:GoopSpray"],"picked":"Slimebound:RainOfGoop","floor":14},{"not_picked":["Slimebound:SlimeSlap","Slimebound:LeechingTouch"],"picked":"Slimebound:SplitMire","floor":15},{"not_picked":["Slimebound:WasteNot","Slimebound:SlimeSlap"],"picked":"Slimebound:OneTwoCombo","floor":16}],"player_experience":621401,"relics_obtained":[{"floor":2,"key":"MawBank"},{"floor":10,"key":"Tiny Chest"},{"floor":13,"key":"Odd Mushroom"}],"event_choices":[{"damage_healed":0,"gold_gain":0,"player_choice":"Fought Mushrooms","damage_taken":0,"max_hp_gain":0,"max_hp_loss":0,"event_name":"Mushrooms","floor":13,"gold_loss":0}],"is_beta":false,"boss_relics":[{"not_picked":["halation:Prosthetics","halation:MonkeysPaw","Replay:Fungal Core"]}],"items_purged_floors":[],"is_endless":false,"potions_floor_spawned":[2,5,6,13,14,15],"killed_by":"conspire:FuzzyDice","ascension_level":0}}