{"host":"quagnxip3u93mzqy","time":1608169440,"event":{"mods":["AchievementEnabler","BaseMod","Colored Powertips","Minty Spire (QoL Compilation)","Quick Restart","SuperFastMode"],"gold_per_floor":[113,130,150,100,115,147,164,196,196,222,237,272,297,313,313,415,415,427,427,440,54,72,101,101,126,126,126,136,166,166,166,166,265,265,284,90,106,126,126,161,177,177,177,209,431,431,460,1,1,1,1,1,1,31,31],"floor_reached":56,"playtime":3472,"items_purged":["Pain","Strike_G","Strike_G"],"score":1696,"play_id":"3faee9c7-a972-440f-b474-31709db9f4e7","local_time":"20201217014400","is_ascension_mode":true,"campfire_choices":[{"floor":15,"key":"REST"},{"floor":24,"key":"REST"},{"floor":27,"key":"REST"},{"data":"Bouncing Flask","floor":30,"key":"SMITH"},{"data":"Catalyst","floor":32,"key":"SMITH"},{"floor":42,"key":"RECALL"},{"floor":46,"key":"REST"},{"floor":49,"key":"REST"},{"floor":52,"key":"REST"}],"circlet_count":0,"master_deck":["Strike_G","Defend_G","Defend_G","Defend_G","Defend_G","Defend_G","Survivor","Neutralize","Blur","Noxious Fumes","Dagger Throw","Cloak And Dagger","Bane","PiercingWail","Unload","Well Laid Plans","Bouncing Flask+1","Dash","Die Die Die","Poisoned Stab+1","Catalyst+1","Catalyst","Backflip","Crippling Poison","Corpse Explosion","Ghostly","Ghostly","Ghostly","Ghostly","Ghostly","Wraith Form v2","Prepared","Footwork+1","Bouncing Flask+1","Wraith Form v2","Leg Sweep+1","Footwork"],"relics":["Ring of the Snake","Snake Skull","Toy Ornithopter","Torii","Matryoshka","Ancient Tea Set","FossilizedHelix","Bag of Marbles","Philosopher\u0027s Stone","WarpedTongs","ClockworkSouvenir","Juzu Bracelet","Smiling Mask","Red Mask","Blue Candle","Letter Opener","Vajra","Fusion Hammer","Toolbox","MealTicket","Ice Cream","Omamori","Turnip","Toxic Egg 2","Akabeko"],"acts_visited":["Exordium","TheCity","TheBeyond","TheEnding"],"potions_floor_usage":[8,10,12,18,23,23,25,33],"damage_taken":[{"damage":4,"enemies":"Jaw Worm","floor":1,"turns":5},{"damage":4,"enemies":"2 Louse","floor":2,"turns":4},{"damage":0,"enemies":"Cultist","floor":3,"turns":4},{"damage":5,"enemies":"3 Louse","floor":5,"turns":4},{"damage":13,"enemies":"Lagavulin","floor":6,"turns":9},{"damage":3,"enemies":"Blue Slaver","floor":7,"turns":5},{"damage":17,"enemies":"3 Sentries","floor":8,"turns":8},{"damage":10,"enemies":"Lagavulin","floor":10,"turns":8},{"damage":0,"enemies":"Exordium Wildlife","floor":11,"turns":3},{"damage":33,"enemies":"Gremlin Nob","floor":12,"turns":5},{"damage":0,"enemies":"2 Fungi Beasts","floor":14,"turns":4},{"damage":3,"enemies":"Hexaghost","floor":16,"turns":7},{"damage":4,"enemies":"3 Byrds","floor":18,"turns":4},{"damage":16,"enemies":"Shell Parasite","floor":20,"turns":5},{"damage":0,"enemies":"Snecko","floor":22,"turns":3},{"damage":48,"enemies":"Book of Stabbing","floor":23,"turns":6},{"damage":0,"enemies":"Masked Bandits","floor":25,"turns":2},{"damage":0,"enemies":"Centurion and Healer","floor":28,"turns":3},{"damage":25,"enemies":"Gremlin Leader","floor":29,"turns":6},{"damage":17,"enemies":"Champ","floor":33,"turns":7},{"damage":0,"enemies":"Orb Walker","floor":35,"turns":3},{"damage":5,"enemies":"3 Darklings","floor":37,"turns":3},{"damage":0,"enemies":"Spire Growth","floor":38,"turns":5},{"damage":2,"enemies":"Nemesis","floor":40,"turns":5},{"damage":0,"enemies":"Writhing Mass","floor":41,"turns":5},{"damage":2,"enemies":"Reptomancer","floor":44,"turns":5},{"damage":0,"enemies":"Giant Head","floor":47,"turns":6},{"damage":0,"enemies":"Time Eater","floor":50,"turns":6},{"damage":2,"enemies":"Shield and Spear","floor":54,"turns":6},{"damage":12,"enemies":"The Heart","floor":55,"turns":9}],"seed_played":"4973134712961909473","potions_obtained":[{"floor":1,"key":"Weak Potion"},{"floor":5,"key":"Ancient Potion"},{"floor":7,"key":"Regen Potion"},{"floor":10,"key":"Explosive Potion"},{"floor":11,"key":"SkillPotion"},{"floor":16,"key":"AttackPotion"},{"floor":18,"key":"EssenceOfSteel"},{"floor":25,"key":"EssenceOfSteel"},{"floor":28,"key":"Dexterity Potion"},{"floor":33,"key":"AttackPotion"},{"floor":35,"key":"SteroidPotion"},{"floor":38,"key":"SpeedPotion"},{"floor":40,"key":"ColorlessPotion"},{"floor":54,"key":"DistilledChaos"}],"is_trial":false,"path_per_floor":["M","M","M","?","M","E","M","E","T","E","M","E","T","M","R","B",null,"M","?","M","$","M","E","R","?","T","R","M","E","R","?","R","B",null,"M","$","M","M","?","E","M","R","T","E","?","R","E","$","R","B",null,"R","$","E","B",null],"character_chosen":"THE_SILENT","items_purchased":["ClockworkSouvenir","Juzu Bracelet","Toolbox","Wraith Form v2","Toxic Egg 2","Leg Sweep+1"],"campfire_rested":6,"item_purchase_floors":[21,21,36,48,48,48],"current_hp_per_floor":[66,62,62,62,57,44,41,44,44,39,39,11,11,11,32,29,70,66,66,50,50,50,12,33,38,38,59,59,34,34,34,34,18,35,35,35,30,30,30,28,28,28,28,26,26,35,35,35,35,35,35,35,35,33,21],"gold":31,"neow_bonus":"RANDOM_COMMON_RELIC","is_daily":false,"chose_seed":false,"campfire_upgraded":2,"win_rate":0.0,"timestamp":1608169440,"path_taken":["M","M","M","?","M","E","M","E","T","E","M","E","?","M","R","BOSS","M","?","M","$","M","E","R","?","T","R","M","E","R","?","R","BOSS","M","$","M","M","?","E","M","R","T","E","?","R","E","$","R","BOSS","R","$","E","BOSS"],"items_purchased_type":["Relic","Relic","Relic","Card","Relic","Card"],"build_version":"2020-12-13","purchased_purges":3,"victory":true,"max_hp_per_floor":[70,70,70,70,70,70,70,70,70,70,70,70,70,70,70,70,70,70,70,70,70,70,70,70,70,70,70,70,70,70,35,35,35,35,35,35,35,35,35,35,35,35,35,35,35,35,35,35,35,35,35,35,35,35,35],"card_choices":[{"not_picked":["Terror","Acrobatics"],"picked":"Blur","floor":1},{"not_picked":["Sucker Punch","PiercingWail"],"picked":"Noxious Fumes","floor":2},{"not_picked":["Flying Knee","Dodge and Roll"],"picked":"Dagger Throw","floor":3},{"not_picked":["PiercingWail","Quick Slash"],"picked":"Cloak And Dagger","floor":5},{"not_picked":["Outmaneuver","Backflip"],"picked":"Bane","floor":6},{"not_picked":["Underhanded Strike","A Thousand Cuts","Blade Dance"],"picked":"SKIP","floor":7},{"not_picked":["Eviscerate","Well Laid Plans"],"picked":"PiercingWail","floor":8},{"not_picked":["Phantasmal Killer","Prepared"],"picked":"Unload","floor":10},{"not_picked":["Dagger Throw","Deflect"],"picked":"Well Laid Plans","floor":11},{"not_picked":["Dagger Throw","Doppelganger"],"picked":"Bouncing Flask","floor":12},{"not_picked":["Heel Hook","Skewer"],"picked":"Dash","floor":14},{"not_picked":["Phantasmal Killer","Wraith Form v2"],"picked":"Die Die Die","floor":16},{"not_picked":["Sucker Punch","Acrobatics"],"picked":"Poisoned Stab+1","floor":18},{"not_picked":["Dagger Throw+1","Tactician"],"picked":"Catalyst","floor":20},{"not_picked":["Prepared","Quick Slash"],"picked":"Catalyst","floor":22},{"not_picked":["Flying Knee+1","Backstab"],"picked":"Backflip","floor":23},{"not_picked":["Blade Dance+1","Deflect"],"picked":"Crippling Poison","floor":25},{"not_picked":["Quick Slash+1","Bane"],"picked":"Corpse Explosion","floor":28},{"not_picked":["Blade Dance+1","All Out Attack","Tactician"],"picked":"SKIP","floor":29},{"not_picked":["Malaise","Envenom"],"picked":"Wraith Form v2","floor":33},{"not_picked":["Cloak And Dagger+1","Dagger Throw+1","Distraction+1"],"picked":"SKIP","floor":35},{"not_picked":["Dagger Throw","Quick Slash"],"picked":"Prepared","floor":37},{"not_picked":["Sucker Punch","Deadly Poison+1"],"picked":"Footwork+1","floor":38},{"not_picked":["Heel Hook","Prepared"],"picked":"Bouncing Flask+1","floor":40},{"not_picked":["Blade Dance+1","Slice+1","Dagger Spray+1"],"picked":"SKIP","floor":41},{"not_picked":["Cloak And Dagger+1","Expertise","Flechettes+1"],"picked":"SKIP","floor":44},{"not_picked":["Outmaneuver+1","Flying Knee","Poisoned Stab"],"picked":"SKIP","floor":47},{"not_picked":["Masterful Stab+1","Grand Finale"],"picked":"Footwork","floor":54}],"player_experience":392233,"relics_obtained":[{"floor":6,"key":"Toy Ornithopter"},{"floor":8,"key":"Torii"},{"floor":9,"key":"Matryoshka"},{"floor":10,"key":"Ancient Tea Set"},{"floor":12,"key":"FossilizedHelix"},{"floor":13,"key":"Bag of Marbles"},{"floor":23,"key":"Smiling Mask"},{"floor":25,"key":"Red Mask"},{"floor":26,"key":"Blue Candle"},{"floor":26,"key":"Letter Opener"},{"floor":29,"key":"Vajra"},{"floor":40,"key":"MealTicket"},{"floor":43,"key":"Ice Cream"},{"floor":44,"key":"Omamori"},{"floor":47,"key":"Turnip"},{"floor":54,"key":"Akabeko"}],"event_choices":[{"cards_removed":["Strike_G"],"damage_healed":0,"gold_gain":0,"player_choice":"Card Removal","damage_taken":0,"max_hp_gain":0,"max_hp_loss":0,"event_name":"The Cleric","floor":4,"gold_loss":50},{"damage_healed":0,"gold_gain":0,"player_choice":"Rummage","damage_taken":0,"relics_obtained":["WarpedTongs"],"max_hp_gain":0,"max_hp_loss":0,"event_name":"Accursed Blacksmith","floor":19,"gold_loss":0,"cards_obtained":["Pain"]},{"damage_healed":0,"gold_gain":0,"player_choice":"Fought Bandits","damage_taken":0,"max_hp_gain":0,"max_hp_loss":0,"event_name":"Masked Bandits","floor":25,"gold_loss":0},{"damage_healed":0,"gold_gain":0,"player_choice":"Became a Ghost","damage_taken":0,"max_hp_gain":0,"max_hp_loss":35,"event_name":"Ghosts","floor":31,"gold_loss":0,"cards_obtained":["Ghostly","Ghostly","Ghostly","Ghostly","Ghostly"]},{"cards_removed":["Strike_G"],"damage_healed":0,"gold_gain":0,"player_choice":"Removed Attack","damage_taken":0,"max_hp_gain":0,"max_hp_loss":0,"event_name":"Falling","floor":39,"gold_loss":0},{"damage_healed":0,"gold_gain":222,"player_choice":"Wore Mask","damage_taken":0,"max_hp_gain":0,"max_hp_loss":0,"event_name":"Tomb of Lord Red Mask","floor":45,"gold_loss":0}],"is_beta":false,"boss_relics":[{"not_picked":["Sozu","Black Star"],"picked":"Philosopher\u0027s Stone"},{"not_picked":["Runic Dome","Coffee Dripper"],"picked":"Fusion Hammer"}],"items_purged_floors":[21,36,48],"is_endless":false,"potions_floor_spawned":[1,5,7,10,11,16,18,25,28,33,35,38,40,44,54],"ascension_level":4}}