{"host":"nzbmlpcdnvxt2rpm","time":1608228194,"event":{"mods":["2.2 Compatiblity","AchievementEnabler","BaseMod","Better Altar","Better Match","Better Note","Better Sensory Stone","Better Skull","Better Third Choice","BetterRewards","Block Reminder","Colored Map","Colored Powertips","Highlight Path","Minty Spire (QoL Compilation)","Quick Restart","Relic Stats","Shop Mod","Spicy Shops","StSLib","The Animator","The Construct","The Necromancer","The Runesmith"],"gold_per_floor":[114,114,18,38,48,48,63,37,37,66,77,77,97,0,0,95,95,113,113,113,38,38,38,38,38],"floor_reached":24,"playtime":1661,"items_purged":[],"score":194,"play_id":"61046801-20f8-4f9b-909d-634ed819cba3","local_time":"20201217120314","is_ascension_mode":false,"campfire_choices":[{"floor":6,"key":"REST"},{"floor":12,"key":"RECALL"},{"floor":15,"key":"REST"},{"floor":23,"key":"REST"}],"circlet_count":0,"master_deck":["Runesmith:Strike_RS","Runesmith:Strike_RS","Runesmith:Strike_RS","Runesmith:Strike_RS","Runesmith:Defend_RS","Runesmith:Defend_RS","Runesmith:Defend_RS","Runesmith:Defend_RS","Runesmith:CraftFirestone","Runesmith:Fortify","Runesmith:OneForEveryone+1","Runesmith:PerfectChisel","Runesmith:EarthShield","Runesmith:HeatExchange","Runesmith:GoWithTheFlow","Runesmith:ChiselStab","Runesmith:CraftMagma","Runesmith:MetallurgicalResearch","Runesmith:Firestorm","Runesmith:HeatedChisel","Enlightenment","Runesmith:CraftIndustria","Runesmith:HammerAndChisel","Perfected Strike+1","Runesmith:CraftObretio+1"],"relics":["Runesmith:CoreCrystal","Question Card","Potion Belt"],"acts_visited":["Exordium","TheCity"],"potions_floor_usage":[13,13,13,16,16,16,18],"damage_taken":[{"damage":18,"enemies":"Jaw Worm","floor":1,"turns":4},{"damage":0,"enemies":"Cultist","floor":4,"turns":4},{"damage":0,"enemies":"2 Louse","floor":5,"turns":3},{"damage":2,"enemies":"Looter","floor":7,"turns":3},{"damage":14,"enemies":"Gremlin Nob","floor":10,"turns":4},{"damage":0,"enemies":"Large Slime","floor":11,"turns":4},{"damage":21,"enemies":"Exordium Wildlife","floor":13,"turns":4},{"damage":36,"enemies":"Hexaghost","floor":16,"turns":7},{"damage":27,"enemies":"Spheric Guardian","floor":18,"turns":6},{"damage":40,"enemies":"2 Thieves","floor":21,"turns":5},{"damage":41,"enemies":"Shelled Parasite and Fungi","floor":24,"turns":4}],"seed_played":"-2302625590536272615","potions_obtained":[{"floor":4,"key":"FearPotion"},{"floor":5,"key":"EntropicBrew"},{"floor":13,"key":"Dexterity Potion"},{"floor":16,"key":"SpeedPotion"},{"floor":18,"key":"construct:ShiftPotion"}],"is_trial":false,"path_per_floor":["M","?","$","M","M","R","M","$","T","E","M","R","M","?","R","B",null,"M","?","?","M","$","R","M"],"character_chosen":"RUNESMITH_CLASS","items_purchased":["Runesmith:PerfectChisel","Runesmith:EarthShield","Runesmith:CraftMagma"],"campfire_rested":3,"item_purchase_floors":[3,3,8],"current_hp_per_floor":[59,59,59,59,59,77,75,75,75,61,61,61,40,46,70,34,83,56,56,56,16,16,40,0,0],"gold":38,"neow_bonus":"TEN_PERCENT_HP_BONUS","is_daily":false,"chose_seed":false,"campfire_upgraded":0,"win_rate":0.0,"timestamp":1608228194,"path_taken":["M","?","?","M","M","R","M","$","T","E","?","R","M","?","R","BOSS","M","?","?","M","$","R","M"],"items_purchased_type":["Card","Card","Card"],"build_version":"2020-12-13","purchased_purges":0,"victory":false,"max_hp_per_floor":[77,77,77,77,77,77,77,77,77,77,77,77,77,83,83,83,83,83,83,83,83,83,83,83,83],"relic_stats":{"counters":[11,48],"Question Card":5,"obtain_stats":[{"Potion Belt":19,"Runesmith:BrokenRuby":0,"Question Card":10,"Runesmith:CoreCrystal":17},{"Potion Belt":9,"Runesmith:BrokenRuby":0,"Question Card":5,"Runesmith:CoreCrystal":8},{"Potion Belt":39,"Runesmith:BrokenRuby":0,"Question Card":18,"Runesmith:CoreCrystal":33}]},"card_choices":[{"not_picked":["Runesmith:Overpower","Runesmith:LithiumIon"],"picked":"Runesmith:OneForEveryone","floor":1},{"not_picked":["Runesmith:CraftReservo","Runesmith:HammerTime"],"picked":"Runesmith:HeatExchange","floor":4},{"not_picked":["Runesmith:ChiselStab","Runesmith:FieryHammer"],"picked":"Runesmith:GoWithTheFlow","floor":5},{"not_picked":["Runesmith:HeatExchange","Runesmith:EarthShield"],"picked":"Runesmith:ChiselStab","floor":7},{"not_picked":["Runesmith:LastStand","Runesmith:Retool"],"picked":"Runesmith:MetallurgicalResearch","floor":10},{"not_picked":["Runesmith:HammerTime","Runesmith:HammerThrow","Runesmith:MakeshiftArmor"],"picked":"Runesmith:Firestorm","floor":11},{"not_picked":["Runesmith:BackupBattery","Runesmith:ShiftingStrike","Runesmith:EnergizedChisel"],"picked":"Runesmith:HeatedChisel","floor":13},{"not_picked":["Runesmith:CreatorForm","Runesmith:FissionHammer","Runesmith:ArcReactor"],"picked":"Runesmith:CraftIndustria","floor":16},{"not_picked":["Runesmith:CraftReservo","Runesmith:Repurpose+1","Runesmith:UnstableHammer+1"],"picked":"Runesmith:HammerAndChisel","floor":18},{"not_picked":["Runesmith:Attraction+1","Runesmith:ShiftingStrike","Runesmith:HammerAndChisel"],"picked":"Runesmith:CraftObretio+1","floor":21}],"player_experience":130492,"relics_obtained":[{"floor":10,"key":"Question Card"}],"event_choices":[{"damage_healed":0,"gold_gain":0,"player_choice":"Upgraded","damage_taken":0,"max_hp_gain":0,"max_hp_loss":0,"event_name":"Upgrade Shrine","floor":2,"gold_loss":0,"cards_upgraded":["Runesmith:OneForEveryone"]},{"damage_healed":0,"gold_gain":0,"player_choice":"RENOUNCE","damage_taken":97,"max_hp_gain":0,"max_hp_loss":0,"event_name":"betterThird:BetterSerpent","floor":14,"gold_loss":97,"cards_obtained":["Enlightenment"]},{"damage_healed":0,"gold_gain":0,"player_choice":"Gave Potion","damage_taken":0,"relics_obtained":["Potion Belt"],"max_hp_gain":0,"max_hp_loss":0,"event_name":"WeMeetAgain","floor":19,"gold_loss":0},{"cards_removed":["Enlightenment"],"damage_healed":0,"gold_gain":0,"player_choice":"Take \u0026 Give","damage_taken":0,"max_hp_gain":0,"max_hp_loss":0,"event_name":"betterNote:BetterNote","floor":20,"gold_loss":0,"cards_obtained":["Perfected Strike"]}],"is_beta":false,"boss_relics":[{"not_picked":["Ectoplasm","Coffee Dripper"],"picked":"Runesmith:CoreCrystal"}],"items_purged_floors":[],"is_endless":false,"potions_floor_spawned":[4,5,13,16,18],"killed_by":"Shelled Parasite and Fungi","ascension_level":0}}