{"host":"n529wyrjhujcvty3","time":1608193361,"event":{"mods":["2.2 Compatiblity","Act Like it!","BaseMod","Better Third Choice","Lobotomy","Marisa¡]Ãú«B¡@Å]²z¨F¡^","Minty Spire (QoL Compilation)","Shop Mod","StSLib","Td1madao Mod","The Runesmith"],"gold_per_floor":[115,129,191,202,220,220,239,239,239,239,255,255,430,461,461,580,580,601,622,638,203,203,203,203,203],"floor_reached":24,"playtime":5038,"items_purged":["Doubt"],"score":218,"play_id":"37bcecd4-2546-4a2a-b2da-224c91760e20","local_time":"20201217162241","is_ascension_mode":true,"campfire_choices":[{"data":"DarkMatter","floor":6.0,"key":"SMITH"},{"data":"UpSweep","floor":8.0,"key":"SMITH"},{"data":"IllusionStar","floor":10.0,"key":"SMITH"},{"data":"MasterSpark","floor":15,"key":"SMITH"},{"data":"SuperNova","floor":23,"key":"SMITH"}],"circlet_count":0,"master_deck":["Strike_MRS","Defend_MRS","Defend_MRS","Defend_MRS","Defend_MRS","MasterSpark+1","UpSweep+1","WitchLeyline","IllusionStar+1","DarkMatter+1","Orbital","ShootingEcho","SuperNova+1","UltimateShortwave+1","LuminesStrike+1","SatelliteIllusion+1","IllusionStar","AbsoluteMagnitude","Flash of Steel","DoubleSpark","Writhe"],"relics":["MiniHakkero","Dream Catcher","Kunai","Golden Idol","Blue Candle","Astrolabe","InkBottle","Eternal Feather"],"acts_visited":["Exordium","TheCity"],"potions_floor_usage":[16],"damage_taken":[{"damage":2.0,"enemies":"Jaw Worm","floor":1.0,"turns":4.0},{"damage":5.0,"enemies":"Small Slimes","floor":2.0,"turns":3.0},{"damage":2.0,"enemies":"2 Louse","floor":4.0,"turns":2.0},{"damage":6.0,"enemies":"Looter","floor":5.0,"turns":2.0},{"damage":15.0,"enemies":"Exordium Thugs","floor":7.0,"turns":5.0},{"damage":3.0,"enemies":"Blue Slaver","floor":11.0,"turns":2.0},{"damage":15.0,"enemies":"3 Sentries","floor":14.0,"turns":6.0},{"damage":4,"enemies":"Slime Boss","floor":16,"turns":7},{"damage":25,"enemies":"Spheric Guardian","floor":18,"turns":4},{"damage":20,"enemies":"Shell Parasite","floor":19,"turns":3},{"damage":12,"enemies":"3 Cultists","floor":20,"turns":5},{"damage":23,"enemies":"Masked Bandits","floor":24,"turns":3}],"seed_played":"5495630725020601111","potions_obtained":[{"floor":2.0,"key":"FearPotion"},{"floor":7.0,"key":"PowerPotion"},{"floor":16,"key":"EssenceOfSteel"},{"floor":19,"key":"Block Potion"}],"is_trial":false,"path_per_floor":["M","M","?","M","M","R","M","R","T","R","M","?","?","E","R","B",null,"M","M","M","$","?","R","?"],"character_chosen":"MARISA","items_purchased":["Flash of Steel","DoubleSpark","InkBottle"],"campfire_rested":0,"item_purchase_floors":[21,21,21],"current_hp_per_floor":[73,68,68,66,60,60,45,45,45,45,42,24,24,9,9,5,75,50,30,18,18,18,30,7,7],"gold":203,"neow_bonus":"RANDOM_COMMON_RELIC","is_daily":false,"chose_seed":false,"campfire_upgraded":5,"win_rate":0.0,"timestamp":1608193361,"path_taken":["M","M","?","M","M","R","M","R","T","R","M","?","?","E","R","BOSS","M","M","M","$","?","R","?"],"items_purchased_type":["Card","Card","Relic"],"build_version":"2020-12-13","purchased_purges":1,"victory":false,"max_hp_per_floor":[75,75,75,75,75,75,75,75,75,75,75,75,75,75,75,75,75,75,75,75,75,75,75,75,75],"card_choices":[{"not_picked":["DC","GalacticHalo","GrandCross"],"picked":"SKIP","floor":1.0},{"not_picked":["GrandCross","IllusionStar"],"picked":"WitchLeyline","floor":2.0},{"not_picked":["MagicAbsorber","GalacticHalo"],"picked":"IllusionStar","floor":4.0},{"not_picked":["OrrerysSun","DC"],"picked":"DarkMatter","floor":5.0},{"not_picked":["CollectingQuirk","Acceleration","ShootTheMoon"],"picked":"SKIP","floor":7.0},{"not_picked":["Robbery","PowerUp"],"picked":"Orbital","floor":11.0},{"not_picked":["GasGiant","ChargeUpSpray"],"picked":"ShootingEcho","floor":14.0},{"not_picked":["SatelliteIllusion","TreasureHunter"],"picked":"SuperNova","floor":16},{"not_picked":["WitchOfGreed+1","Acceleration"],"picked":"IllusionStar","floor":18},{"not_picked":["ShootingEcho","GalacticHalo"],"picked":"AbsoluteMagnitude","floor":19},{"not_picked":["DeepEcoloBomb","EnergyFlow","WitchOfGreed"],"picked":"SKIP","floor":20}],"player_experience":356324,"relics_obtained":[{"floor":9.0,"key":"Kunai"},{"floor":14.0,"key":"Blue Candle"}],"event_choices":[{"damage_healed":0.0,"max_hp_gain":0.0,"max_hp_loss":0.0,"gold_gain":62.0,"event_name":"Golden Wing","player_choice":"Gained Gold","floor":3.0,"gold_loss":0.0,"damage_taken":0.0},{"damage_healed":0.0,"max_hp_gain":0.0,"max_hp_loss":0.0,"gold_gain":0.0,"event_name":"Golden Idol","player_choice":"Take Damage","floor":12.0,"gold_loss":0.0,"damage_taken":18.0,"relics_obtained":["Golden Idol"]},{"damage_healed":0.0,"max_hp_gain":0.0,"max_hp_loss":0.0,"gold_gain":175.0,"event_name":"betterThird:BetterSerpent","player_choice":"AGREE","floor":13.0,"gold_loss":0.0,"damage_taken":255.0},{"damage_healed":0,"gold_gain":0,"player_choice":"Opened","damage_taken":0,"relics_obtained":["Eternal Feather"],"max_hp_gain":0,"max_hp_loss":0,"event_name":"The Mausoleum","floor":22,"gold_loss":0,"cards_obtained":["Writhe"]},{"damage_healed":0,"gold_gain":0,"player_choice":"Fought Bandits","damage_taken":0,"max_hp_gain":0,"max_hp_loss":0,"event_name":"Masked Bandits","floor":24,"gold_loss":0}],"is_beta":false,"boss_relics":[{"not_picked":["Busted Crown","Philosopher\u0027s Stone"],"picked":"Astrolabe"}],"items_purged_floors":[21],"is_endless":false,"potions_floor_spawned":[2,7,16,19],"killed_by":"Masked Bandits","ascension_level":2}}