{"host":"0jile2yd1dg679g0","time":1608174116,"event":{"mods":["AchievementEnabler","BaseMod","Better Third Choice","Colored Map","Colored Powertips","Minty Spire (QoL Compilation)","Prisma Mod","Random Character Button","Spicy Shops","StSLib","Transform Curses","Waifu the Spire","WarShipGirlsR/????R mod"],"gold_per_floor":[115,135,135,135,149,149,182,31,31,57,57,57,8,42,42,146,146,164,164,89,89,89,89,120,120,144,219,219,219,239,149,149,247,247,262,262,276,276,276,276,290,310,310,327,340,340,352,9,9,9],"floor_reached":51,"playtime":3361,"items_purged":["Strike_G"],"score":758,"play_id":"095db3a0-8e49-49e8-8483-caabdc4f59c8","local_time":"20201216220156","is_ascension_mode":true,"campfire_choices":[{"data":"Blade Dance","floor":6.0,"key":"SMITH"},{"floor":11.0,"key":"REST"},{"floor":15.0,"key":"REST"},{"data":"Envenom","floor":23.0,"key":"SMITH"},{"data":"Choke","floor":25,"key":"SMITH"},{"data":"Footwork","floor":29,"key":"SMITH"},{"data":"Blade Dance","floor":32,"key":"SMITH"},{"floor":40,"key":"REST"},{"floor":49,"key":"REST"}],"circlet_count":0,"master_deck":["Defend_G+1","Defend_G+1","Defend_G+1","Survivor","Neutralize","Blade Dance+1","Blade Dance+1","Slice","Dash","Footwork+1","Blade Dance","PiercingWail","Burst","Envenom+1","Footwork","Bouncing Flask+1","Choke+1","Prepared","A Thousand Cuts","PiercingWail+1","Transmutation","Backstab+1","Burst","Caltrops"],"relics":["Philosopher\u0027s Stone","Mercury Hourglass","Bottled Tornado","Juzu Bracelet","Bag of Marbles","WristBlade","Strawberry","Blood Vial","Fusion Hammer","Omamori","Bag of Preparation","Akabeko"],"acts_visited":["Exordium","TheCity","TheBeyond"],"potions_floor_usage":[42,47,50,50],"damage_taken":[{"damage":7.0,"enemies":"Jaw Worm","floor":1.0,"turns":5.0},{"damage":0.0,"enemies":"2 Louse","floor":2.0,"turns":3.0},{"damage":0.0,"enemies":"Cultist","floor":5.0,"turns":3.0},{"damage":27.0,"enemies":"Gremlin Nob","floor":7.0,"turns":4.0},{"damage":10.0,"enemies":"3 Sentries","floor":14.0,"turns":4.0},{"damage":36.0,"enemies":"The Guardian","floor":16.0,"turns":13.0},{"damage":5.0,"enemies":"Shell Parasite","floor":18.0,"turns":2.0},{"damage":2.0,"enemies":"Slavers","floor":24.0,"turns":4.0},{"damage":0,"enemies":"3 Byrds","floor":30,"turns":2},{"damage":34,"enemies":"Champ","floor":33,"turns":6},{"damage":11,"enemies":"3 Shapes","floor":35,"turns":4},{"damage":6,"enemies":"Orb Walker","floor":37,"turns":3},{"damage":16,"enemies":"Jaw Worm Horde","floor":41,"turns":3},{"damage":8,"enemies":"Spire Growth","floor":42,"turns":4},{"damage":9,"enemies":"4 Shapes","floor":44,"turns":4},{"damage":10,"enemies":"3 Darklings","floor":45,"turns":5},{"damage":25,"enemies":"Writhing Mass","floor":47,"turns":5},{"damage":16,"enemies":"Donu and Deca","floor":50,"turns":5}],"seed_played":"620106923293681941","potions_obtained":[{"floor":14.0,"key":"BlessingOfTheForge"},{"floor":16.0,"key":"Dexterity Potion"},{"floor":30,"key":"LiquidBronze"},{"floor":35,"key":"DistilledChaos"},{"floor":42,"key":"Poison Potion"},{"floor":47,"key":"SteroidPotion"}],"is_trial":false,"path_per_floor":["M","M","?","?","M","R","E","$","T","T","R","?","$","E","R","B",null,"M","?","?","?","?","R","E","R","T","?","?","R","M","?","R","B",null,"M","?","M","?","?","R","M","M","T","M","M","?","M","$","R","B",null],"character_chosen":"THE_SILENT","items_purchased":["Footwork","PiercingWail","Bag of Preparation","Akabeko","LiquidMemories","PowerPotion"],"campfire_rested":4,"item_purchase_floors":[8,13,48,48,48,48],"current_hp_per_floor":[63,63,49,49,49,49,22,22,22,22,43,43,43,33,54,18,70,65,65,65,65,65,65,70,70,70,63,63,63,65,65,65,33,77,66,66,62,62,62,77,61,55,55,48,40,40,17,17,40,26],"gold":9,"neow_bonus":"BOSS_RELIC","is_daily":false,"chose_seed":false,"campfire_upgraded":5,"win_rate":0.0,"timestamp":1608174116,"path_taken":["M","M","?","?","M","R","E","?","T","?","R","?","$","E","R","BOSS","M","?","?","?","?","R","E","R","T","?","?","R","M","?","R","BOSS","M","?","M","?","?","R","M","M","T","M","M","?","M","$","R","BOSS"],"items_purchased_type":["Card","Card","Relic","Relic","Potion","Potion"],"build_version":"2020-12-13","purchased_purges":1,"victory":true,"max_hp_per_floor":[70,70,70,70,70,70,70,70,70,70,70,70,70,70,70,70,70,70,70,70,70,70,70,77,77,77,77,77,77,77,77,77,77,77,77,77,77,77,77,77,77,77,77,77,77,77,77,77,77,77],"card_choices":[{"not_picked":["Sucker Punch","Cloak And Dagger"],"picked":"Blade Dance","floor":1.0},{"not_picked":["Deflect","Dash"],"picked":"Blade Dance","floor":2.0},{"not_picked":["Dagger Spray","Sucker Punch"],"picked":"Slice","floor":5.0},{"not_picked":["Prepared","Eviscerate"],"picked":"Dash","floor":7.0},{"not_picked":["Backflip","Terror"],"picked":"Burst","floor":14.0},{"not_picked":["Die Die Die","Bullet Time"],"picked":"Envenom","floor":16.0},{"not_picked":["Underhanded Strike+1","Dagger Spray"],"picked":"Footwork","floor":18.0},{"not_picked":["Noxious Fumes+1","Deadly Poison"],"picked":"Choke","floor":24.0},{"not_picked":["Dodge and Roll","Flying Knee"],"picked":"PiercingWail+1","floor":30},{"not_picked":["Glass Knife","Unload"],"picked":"Night Terror","floor":33},{"not_picked":["Dagger Spray+1","Sucker Punch","Acrobatics+1"],"picked":"SKIP","floor":35},{"not_picked":["Magnetism","The Bomb"],"picked":"Transmutation","floor":36},{"not_picked":["Bane","Cloak And Dagger"],"picked":"Backstab+1","floor":37},{"not_picked":[],"picked":"Burst","floor":38},{"not_picked":["Outmaneuver","Backflip+1","All Out Attack+1"],"picked":"SKIP","floor":41},{"not_picked":["Dodge and Roll","Flying Knee+1","Poisoned Stab+1"],"picked":"SKIP","floor":42},{"not_picked":["Predator","Dagger Spray"],"picked":"Outmaneuver+1","floor":44},{"not_picked":["Backflip","Flechettes+1","Sucker Punch"],"picked":"SKIP","floor":45},{"not_picked":["Dagger Spray","Outmaneuver+1"],"picked":"Caltrops","floor":47}],"player_experience":194359,"relics_obtained":[{"floor":7.0,"key":"Mercury Hourglass"},{"floor":9.0,"key":"Bottled Tornado"},{"floor":10.0,"key":"Juzu Bracelet"},{"floor":14.0,"key":"Bag of Marbles"},{"floor":24.0,"key":"Strawberry"},{"floor":26,"key":"Blood Vial"},{"floor":43,"key":"Omamori"}],"event_choices":[{"damage_healed":63.0,"max_hp_gain":0.0,"max_hp_loss":70.0,"gold_gain":0.0,"event_name":"betterThird:BetterShining","player_choice":"Upgrade","floor":3.0,"gold_loss":0.0,"damage_taken":14.0,"cards_upgraded":["Strike_G","Strike_G"]},{"damage_healed":0.0,"max_hp_gain":0.0,"max_hp_loss":0.0,"gold_gain":0.0,"event_name":"Golden Idol","player_choice":"Ignored","floor":4.0,"gold_loss":0.0,"damage_taken":0.0},{"damage_healed":0.0,"max_hp_gain":0.0,"max_hp_loss":0.0,"gold_gain":0.0,"cards_transformed":["Defend_G"],"event_name":"Transmorgrifier","player_choice":"Transformed","floor":12.0,"gold_loss":0.0,"damage_taken":0.0,"cards_obtained":["Blade Dance"]},{"damage_healed":0.0,"max_hp_gain":0.0,"max_hp_loss":6.0,"gold_gain":0.0,"event_name":"betterThird:BetterWriting","player_choice":"Simplicity","floor":19.0,"gold_loss":0.0,"damage_taken":0.0},{"cards_removed":["Strike_G"],"damage_healed":0.0,"max_hp_gain":0.0,"max_hp_loss":0.0,"gold_gain":0.0,"event_name":"Beggar","player_choice":"Gave Gold","floor":20.0,"gold_loss":75.0,"damage_taken":0.0},{"damage_healed":0.0,"max_hp_gain":0.0,"max_hp_loss":0.0,"gold_gain":0.0,"event_name":"Vampires","player_choice":"Ignored","floor":21.0,"gold_loss":0.0,"damage_taken":0.0},{"damage_healed":0.0,"max_hp_gain":0.0,"max_hp_loss":0.0,"gold_gain":0.0,"cards_transformed":["Defend_G"],"event_name":"Transmorgrifier","player_choice":"Transformed","floor":22.0,"gold_loss":0.0,"damage_taken":0.0,"cards_obtained":["Bouncing Flask"]},{"damage_healed":0,"gold_gain":75,"player_choice":"Touch","damage_taken":7,"max_hp_gain":0,"max_hp_loss":0,"event_name":"FaceTrader","floor":27,"gold_loss":0},{"damage_healed":0,"gold_gain":0,"cards_transformed":["Strike_G","Strike_G"],"player_choice":"Became Test Subject","damage_taken":0,"max_hp_gain":0,"max_hp_loss":0,"event_name":"Drug Dealer","floor":28,"gold_loss":0,"cards_obtained":["Prepared","A Thousand Cuts"]},{"cards_removed":["Strike_G"],"damage_healed":0,"gold_gain":0,"player_choice":"Upgrade and Remove","damage_taken":0,"max_hp_gain":0,"max_hp_loss":0,"event_name":"Designer","floor":31,"gold_loss":90,"cards_upgraded":["Bouncing Flask"]},{"damage_healed":0,"gold_gain":0,"player_choice":"Memory 1","damage_taken":0,"max_hp_gain":0,"max_hp_loss":0,"event_name":"SensoryStone","floor":36,"gold_loss":0},{"cards_removed":["Night Terror"],"damage_healed":0,"gold_gain":0,"player_choice":"Removed Skill","damage_taken":0,"max_hp_gain":0,"max_hp_loss":0,"event_name":"Falling","floor":39,"gold_loss":0},{"cards_removed":["Outmaneuver"],"damage_healed":0,"gold_gain":0,"player_choice":"Purged","damage_taken":0,"max_hp_gain":0,"max_hp_loss":0,"event_name":"Purifier","floor":46,"gold_loss":0}],"is_beta":false,"boss_relics":[{"not_picked":["Sozu","Velvet Choker"],"picked":"WristBlade"},{"not_picked":["HoveringKite","Calling Bell"],"picked":"Fusion Hammer"}],"items_purged_floors":[8],"is_endless":false,"potions_floor_spawned":[14,16,30,35,42,47],"ascension_level":2}}