{"host":"99ad87xtd5ypi7ii","time":1608166151,"event":{"mods":["BaseMod","Hermit","Highlight Path","Marisa????????","Minty Spire (QoL Compilation)","Robot Space Explorer","StSLib","The Bladedancer","The Construct","The Cursed","The Disciple","The Elementalist","The Gatherer","The Hierophant","The Runesmith","The Servant 0.9.4","TheVacant"],"gold_per_floor":[110,120,143,169,202,202,225,243,243,343,387,427,427,442,442,546,546,580,567,452,471,534,534,534,558,582,582,582,565,480,480,480,420,420],"floor_reached":33,"playtime":2537,"items_purged":["hierophant:Strike_Hierophant"],"score":255,"play_id":"aa10b258-92b5-4030-b7b1-4b5de0626b8b","local_time":"20201217014911","is_ascension_mode":false,"campfire_choices":[{"data":"hierophant:Doubloon","floor":6,"key":"SMITH"},{"floor":13,"key":"REST"},{"floor":15,"key":"REST"},{"floor":23,"key":"REST"},{"data":"hierophant:Charity","floor":28,"key":"SMITH"},{"data":"hierophant:FaithHealing","floor":32,"key":"SMITH"}],"circlet_count":0,"master_deck":["hierophant:Strike_Hierophant","hierophant:Strike_Hierophant","hierophant:Strike_Hierophant","hierophant:Punish","hierophant:Defend_Hierophant","hierophant:Defend_Hierophant","hierophant:Defend_Hierophant","hierophant:Defend_Hierophant","hierophant:ChurchCoffers","hierophant:Doubloon","hierophant:Charity+1","hierophant:ThreeLashes","hierophant:Flagellation","hierophant:Doubloon","hierophant:Refuge","hierophant:Doubloon+1","hierophant:Refuge","hierophant:Smite","hierophant:FaithHealing+1","hierophant:LocustPlague","hierophant:ThreeLashes","hierophant:Flagellation","hierophant:Determination","hierophant:Doubloon","hierophant:ConvertCurrency","hierophant:CursedGold","hierophant:Doubloon+1","hierophant:RustyCrate","hierophant:Doubloon+1","hierophant:Doubloon","hierophant:Doubloon","hierophant:RecallFunds","Writhe","hierophant:EyeForCoin","hierophant:Doubloon+1","hierophant:MintersHammer","Decay","hierophant:Doubloon+1"],"relics":["hierophant:PropheticMaskRelic","Boot","Incense Burner","Velvet Choker","Pantograph","Vajra","Nilry\u0027s Codex","Toxic Egg 2"],"acts_visited":["Exordium","TheCity"],"potions_floor_usage":[7,8,14,14,21,25,29],"damage_taken":[{"damage":1,"enemies":"Cultist","floor":1,"turns":3},{"damage":0,"enemies":"2 Louse","floor":2,"turns":3},{"damage":11,"enemies":"Small Slimes","floor":3,"turns":3},{"damage":6,"enemies":"2 Fungi Beasts","floor":4,"turns":3},{"damage":0,"enemies":"3 Louse","floor":5,"turns":1},{"damage":23,"enemies":"Large Slime","floor":7,"turns":10},{"damage":26,"enemies":"Gremlin Nob","floor":8,"turns":4},{"damage":4,"enemies":"2 Fungi Beasts","floor":11,"turns":3},{"damage":7,"enemies":"Blue Slaver","floor":12,"turns":2},{"damage":0,"enemies":"Large Slime","floor":14,"turns":4},{"damage":20,"enemies":"Slime Boss","floor":16,"turns":12},{"damage":10,"enemies":"Shell Parasite","floor":18,"turns":4},{"damage":20,"enemies":"2 Thieves","floor":19,"turns":2},{"damage":53,"enemies":"Snake Plant","floor":21,"turns":5},{"damage":15,"enemies":"Snecko","floor":22,"turns":5},{"damage":8,"enemies":"Centurion and Healer","floor":25,"turns":6},{"damage":24,"enemies":"Chosen and Byrds","floor":29,"turns":7},{"damage":101,"enemies":"Automaton","floor":33,"turns":12}],"seed_played":"-4794886170504456995","potions_obtained":[{"floor":1,"key":"SteroidPotion"},{"floor":2,"key":"PowerPotion"},{"floor":8,"key":"DistilledChaos"},{"floor":12,"key":"PowerPotion"},{"floor":14,"key":"SpeedPotion"},{"floor":19,"key":"ColorlessPotion"},{"floor":21,"key":"Explosive Potion"},{"floor":25,"key":"FearPotion"}],"is_trial":false,"path_per_floor":["M","M","M","M","M","R","M","E","T","?","M","M","R","M","R","B",null,"M","M","$","M","M","R","?","M","T","?","R","M","?","?","R","B"],"character_chosen":"HIEROPHANT","items_purchased":["hierophant:CursedGold"],"campfire_rested":3,"item_purchase_floors":[20],"current_hp_per_floor":[81,81,70,64,64,64,41,15,15,15,11,4,28,28,52,32,82,82,62,62,17,8,32,32,59,59,43,43,35,35,35,35,0,0],"gold":420,"neow_bonus":"TEN_PERCENT_HP_BONUS","is_daily":false,"chose_seed":false,"campfire_upgraded":3,"win_rate":0.0,"timestamp":1608166151,"path_taken":["M","M","M","M","?","R","M","E","T","?","?","M","R","M","R","BOSS","M","M","$","M","M","R","?","M","T","?","R","M","?","?","R","BOSS"],"items_purchased_type":["Card"],"build_version":"2020-12-13","purchased_purges":1,"victory":false,"max_hp_per_floor":[82,82,82,82,82,82,82,82,82,82,82,82,82,82,82,82,82,82,82,82,82,82,82,82,82,82,82,82,82,82,82,82,82,82],"card_choices":[{"not_picked":["hierophant:DisplayOfPower","hierophant:ArchangelShield"],"picked":"hierophant:Charity","floor":1},{"not_picked":["hierophant:Prophecy","hierophant:PassingBell"],"picked":"hierophant:ThreeLashes","floor":2},{"not_picked":["hierophant:AuricBeam","hierophant:Alms"],"picked":"hierophant:Flagellation","floor":3},{"not_picked":["hierophant:ThreeLashes","hierophant:RepressedViolence"],"picked":"hierophant:Refuge","floor":4},{"not_picked":["hierophant:FieryStrike","hierophant:MorningPrayer"],"picked":"hierophant:Refuge","floor":5},{"not_picked":["hierophant:Racketeering","hierophant:MorningPrayer"],"picked":"hierophant:Smite","floor":7},{"not_picked":["hierophant:Sermon","hierophant:MirrorShield"],"picked":"hierophant:FaithHealing","floor":8},{"not_picked":["hierophant:HammerAndAnvil","hierophant:Smite"],"picked":"hierophant:LocustPlague","floor":11},{"not_picked":["hierophant:MorningPrayer","hierophant:FaithHealing"],"picked":"hierophant:ThreeLashes","floor":12},{"not_picked":["hierophant:RepressedViolence","hierophant:Smite"],"picked":"hierophant:Flagellation","floor":14},{"not_picked":["hierophant:AuricForm","hierophant:Invocation"],"picked":"hierophant:Determination","floor":16},{"not_picked":["hierophant:Doubloon","hierophant:HolyVerse"],"picked":"hierophant:ConvertCurrency","floor":18},{"not_picked":["hierophant:Sermon","hierophant:HolyVerse","hierophant:ConvertCurrency"],"picked":"SKIP","floor":19},{"not_picked":["hierophant:Batter","hierophant:OrnateBuckler+1"],"picked":"hierophant:RustyCrate","floor":21},{"not_picked":["hierophant:Chorus","hierophant:Zeal"],"picked":"hierophant:RecallFunds","floor":22},{"not_picked":["hierophant:SealAway","hierophant:Sermon"],"picked":"hierophant:EyeForCoin","floor":25},{"not_picked":["hierophant:RepressedViolence","hierophant:OrnateBuckler"],"picked":"hierophant:MintersHammer","floor":29}],"player_experience":764798,"relics_obtained":[{"floor":8,"key":"Boot"},{"floor":9,"key":"Incense Burner"},{"floor":26,"key":"Vajra"},{"floor":27,"key":"Nilry\u0027s Codex"}],"event_choices":[{"damage_healed":0,"gold_gain":100,"player_choice":"Gold","damage_taken":0,"max_hp_gain":0,"max_hp_loss":0,"event_name":"Wheel of Change","floor":10,"gold_loss":0},{"damage_healed":0,"gold_gain":0,"player_choice":"Opened","damage_taken":0,"relics_obtained":["Pantograph"],"max_hp_gain":0,"max_hp_loss":0,"event_name":"The Mausoleum","floor":24,"gold_loss":0,"cards_obtained":["Writhe"]},{"damage_healed":0,"gold_gain":0,"player_choice":"Obtained Book","damage_taken":16,"max_hp_gain":0,"max_hp_loss":0,"event_name":"Cursed Tome","floor":27,"gold_loss":0},{"damage_healed":0,"gold_gain":0,"player_choice":"Obtained Relic","damage_taken":0,"relics_obtained":["Toxic Egg 2"],"max_hp_gain":0,"max_hp_loss":0,"event_name":"Addict","floor":30,"gold_loss":85},{"damage_healed":0,"gold_gain":0,"player_choice":"Smashed Altar","damage_taken":0,"max_hp_gain":0,"max_hp_loss":0,"event_name":"Forgotten Altar","floor":31,"gold_loss":0,"cards_obtained":["Decay"]}],"is_beta":false,"boss_relics":[{"not_picked":["Empty Cage","Runesmith:UraniumAnvil"],"picked":"Velvet Choker"}],"items_purged_floors":[20],"is_endless":false,"potions_floor_spawned":[1,2,8,12,14,19,21,25],"killed_by":"Automaton","ascension_level":0}}