{"host":"5o2n8gt0sn3szjgb","time":1608221367,"event":{"mods":["BaseMod","Gremlin Mod","Minty Spire (QoL Compilation)","Robot Space Explorer","StSLib"],"gold_per_floor":[111,61,61,73,85,120,120,135,205,219,219,237,237,247,247,344,344,363,31,50,60,73,73,92,92,92,107,107,118,118,136,136,136,136],"floor_reached":33,"playtime":1818,"items_purged":["RobotSpaceExplorer:Strike"],"score":255,"play_id":"1421b7cb-9e44-49d6-9111-c88f40f68641","local_time":"20201218000927","is_ascension_mode":false,"campfire_choices":[{"data":"RobotSpaceExplorer:StarLightning","floor":7.0,"key":"SMITH"},{"data":"RobotSpaceExplorer:LaserBurst","floor":13,"key":"SMITH"},{"data":"RobotSpaceExplorer:SelfCleaning","floor":15,"key":"SMITH"},{"data":"RobotSpaceExplorer:HighVoltage","floor":23,"key":"SMITH"},{"data":"RobotSpaceExplorer:ScrapToss","floor":25,"key":"SMITH"},{"data":"RobotSpaceExplorer:PlasmaMissile","floor":28,"key":"SMITH"},{"data":"RobotSpaceExplorer:SlimeMissile","floor":30,"key":"SMITH"},{"data":"RobotSpaceExplorer:GlueSpray","floor":32,"key":"SMITH"}],"circlet_count":0,"master_deck":["RobotSpaceExplorer:Strike","RobotSpaceExplorer:Strike","RobotSpaceExplorer:Strike","RobotSpaceExplorer:Defend","RobotSpaceExplorer:Defend","RobotSpaceExplorer:Scan","RobotSpaceExplorer:MiniLasers+1","RobotSpaceExplorer:Smokescreen","RobotSpaceExplorer:StarLightning+1","RobotSpaceExplorer:SelfCleaning+1","RobotSpaceExplorer:Pulsar","RobotSpaceExplorer:MetalStrike","RobotSpaceExplorer:LaserBurst+1","RobotSpaceExplorer:ShockKick","RobotSpaceExplorer:HighVoltage+1","RobotSpaceExplorer:MiniBoosters+1","RobotSpaceExplorer:ScrapToss+1","RobotSpaceExplorer:MiniDrones+1","RobotSpaceExplorer:PlasmaMissile+1","RobotSpaceExplorer:SlimeMissile+1","RobotSpaceExplorer:GlueSpray+1"],"relics":["RobotSpaceExplorer:RoboCore","NeowsBlessing","Thread and Needle","White Beast Statue","Black Star","Frozen Egg 2"],"acts_visited":["Exordium","TheCity"],"potions_floor_usage":[16,22,33,33,33],"damage_taken":[{"damage":0.0,"enemies":"Jaw Worm","floor":1.0,"turns":1.0},{"damage":0.0,"enemies":"2 Louse","floor":4.0,"turns":1.0},{"damage":0.0,"enemies":"Cultist","floor":5.0,"turns":1.0},{"damage":18.0,"enemies":"Gremlin Nob","floor":6.0,"turns":5.0},{"damage":0.0,"enemies":"3 Louse","floor":8.0,"turns":3.0},{"damage":0.0,"enemies":"Exordium Thugs","floor":10.0,"turns":4.0},{"damage":0,"enemies":"Red Slaver","floor":12,"turns":2},{"damage":0,"enemies":"Blue Slaver","floor":14,"turns":3},{"damage":3,"enemies":"Slime Boss","floor":16,"turns":9},{"damage":0,"enemies":"2 Thieves","floor":18,"turns":4},{"damage":0,"enemies":"Shell Parasite","floor":20,"turns":5},{"damage":7,"enemies":"Cultist and Chosen","floor":21,"turns":7},{"damage":1,"enemies":"Centurion and Healer","floor":22,"turns":4},{"damage":20,"enemies":"Snake Plant","floor":24,"turns":6},{"damage":11,"enemies":"Cultist and Chosen","floor":27,"turns":5},{"damage":0,"enemies":"Shelled Parasite and Fungi","floor":29,"turns":5},{"damage":1,"enemies":"3 Cultists","floor":31,"turns":5},{"damage":36,"enemies":"Collector","floor":33,"turns":5}],"seed_played":"7798971033995947844","potions_obtained":[{"floor":5.0,"key":"Strength Potion"},{"floor":8.0,"key":"EssenceOfSteel"},{"floor":10.0,"key":"RobotSpaceExplorer:PlasmaFlask"},{"floor":12,"key":"Regen Potion"},{"floor":16,"key":"SneckoOil"},{"floor":18,"key":"PowerPotion"},{"floor":21,"key":"RobotSpaceExplorer:RecyclePotion"},{"floor":22,"key":"DuplicationPotion"}],"is_trial":false,"path_per_floor":["M","?","?","M","M","E","R","M","T","M","?","M","R","M","R","B",null,"M","$","M","M","M","R","M","R","T","M","R","M","R","M","R","B"],"character_chosen":"RobotSpaceExplorer","items_purchased":["Frozen Egg 2"],"campfire_rested":0,"item_purchase_floors":[19],"current_hp_per_floor":[75,75,75,75,75,57,57,57,57,57,57,57,57,57,57,54,75,75,75,75,68,67,67,47,47,47,36,36,36,36,35,35,0,0],"gold":136,"neow_bonus":"THREE_ENEMY_KILL","is_daily":false,"chose_seed":false,"campfire_upgraded":8,"win_rate":0.0,"timestamp":1608221367,"path_taken":["M","?","?","M","?","E","R","M","T","M","?","?","R","M","R","BOSS","M","?","M","M","M","R","M","R","T","M","R","M","R","M","R","BOSS"],"items_purchased_type":["Relic"],"build_version":"2020-12-13","purchased_purges":1,"victory":false,"max_hp_per_floor":[75,75,75,75,75,75,75,75,75,75,75,75,75,75,75,75,75,75,75,75,75,75,75,75,75,75,75,75,75,75,75,75,75,75],"card_choices":[{"not_picked":["RobotSpaceExplorer:MiniDrones","RobotSpaceExplorer:SurgingShield","RobotSpaceExplorer:MakeshiftVolley"],"picked":"SKIP","floor":1.0},{"not_picked":["RobotSpaceExplorer:Probe","RobotSpaceExplorer:SlimeMissile"],"picked":"RobotSpaceExplorer:Smokescreen","floor":4.0},{"not_picked":["RobotSpaceExplorer:PlasmaMissile","RobotSpaceExplorer:SurgingShield"],"picked":"RobotSpaceExplorer:StarLightning","floor":5.0},{"not_picked":["RobotSpaceExplorer:MiniDrones","RobotSpaceExplorer:ImprovisedAttack"],"picked":"RobotSpaceExplorer:SelfCleaning","floor":6.0},{"not_picked":["RobotSpaceExplorer:SwiftStep","RobotSpaceExplorer:MakeshiftVolley"],"picked":"RobotSpaceExplorer:Pulsar","floor":8.0},{"not_picked":["RobotSpaceExplorer:Counterblock","RobotSpaceExplorer:IronShell"],"picked":"RobotSpaceExplorer:MetalStrike","floor":10.0},{"not_picked":["RobotSpaceExplorer:DoubleBlock","RobotSpaceExplorer:MiniDrones"],"picked":"RobotSpaceExplorer:LaserBurst","floor":12},{"not_picked":["RobotSpaceExplorer:Reload","RobotSpaceExplorer:TurboDodge"],"picked":"RobotSpaceExplorer:ShockKick","floor":14},{"not_picked":["RobotSpaceExplorer:Asteroid","RobotSpaceExplorer:Explosion"],"picked":"RobotSpaceExplorer:HighVoltage","floor":16},{"not_picked":["RobotSpaceExplorer:Counterblock","RobotSpaceExplorer:DoubleBlock+1","RobotSpaceExplorer:LaserBurst"],"picked":"SKIP","floor":18},{"not_picked":["RobotSpaceExplorer:Counterblock","RobotSpaceExplorer:GlueShot"],"picked":"RobotSpaceExplorer:MiniBoosters+1","floor":20},{"not_picked":["RobotSpaceExplorer:MetalStrike+1","RobotSpaceExplorer:Pulsar"],"picked":"RobotSpaceExplorer:ScrapToss","floor":21},{"not_picked":["RobotSpaceExplorer:ScrapShield","RobotSpaceExplorer:ImprovisedAttack+1","RobotSpaceExplorer:FranticSearch"],"picked":"SKIP","floor":22},{"not_picked":["RobotSpaceExplorer:MetalStrike","RobotSpaceExplorer:Arsenal"],"picked":"RobotSpaceExplorer:MiniDrones+1","floor":24},{"not_picked":["RobotSpaceExplorer:MetalStrike","RobotSpaceExplorer:ScrapShield"],"picked":"RobotSpaceExplorer:PlasmaMissile","floor":27},{"not_picked":["RobotSpaceExplorer:SelfCleaning","RobotSpaceExplorer:SurgingShield"],"picked":"RobotSpaceExplorer:SlimeMissile","floor":29},{"not_picked":["RobotSpaceExplorer:Electroshield","RobotSpaceExplorer:Probe"],"picked":"RobotSpaceExplorer:GlueSpray","floor":31}],"player_experience":213044,"relics_obtained":[{"floor":6.0,"key":"Thread and Needle"},{"floor":9.0,"key":"White Beast Statue"}],"event_choices":[{"cards_removed":["RobotSpaceExplorer:Defend"],"damage_healed":0.0,"max_hp_gain":0.0,"max_hp_loss":0.0,"gold_gain":0.0,"event_name":"The Cleric","player_choice":"Card Removal","floor":2.0,"gold_loss":50.0,"damage_taken":0.0},{"damage_healed":0.0,"max_hp_gain":0.0,"max_hp_loss":0.0,"gold_gain":0.0,"event_name":"Upgrade Shrine","player_choice":"Upgraded","floor":3.0,"gold_loss":0.0,"damage_taken":0.0,"cards_upgraded":["RobotSpaceExplorer:MiniLasers"]},{"cards_removed":["RobotSpaceExplorer:Defend"],"damage_healed":0,"gold_gain":0,"player_choice":"Purged","damage_taken":0,"max_hp_gain":0,"max_hp_loss":0,"event_name":"Purifier","floor":11,"gold_loss":0}],"is_beta":false,"boss_relics":[{"not_picked":["Cursed Key","Ectoplasm"],"picked":"Black Star"}],"items_purged_floors":[19],"is_endless":false,"potions_floor_spawned":[5,8,10,12,14,16,18,20,21,22,24,27,29,31],"killed_by":"Collector","ascension_level":0}}