{"host":"aj7el8l5kufbk20z","time":1608188903,"event":{"mods":["AchievementEnabler","BaseMod","Colored Map","Colored Powertips","Curses Come First","Highlight Path","Minty Spire (QoL Compilation)","Quick Restart","Rare Cards Sparkle","Relic Stats","StSLib","SuperFastMode"],"gold_per_floor":[11800,10724,10735,10003,10013,10013,10040,10040,10040,10073,10073,10108,10108,10135,10135,10231,10231,10247,10247,10247,10231,9414,9449,8751,8751,8751,8751,8770,8805,8905,8905,8905,9009,9009,9019,8081,8097,8117,8133,8133,8133,8133,8133,8133,8167,8167,8195,8211,8211,8211],"floor_reached":51,"playtime":3508,"items_purged":["Strike_G","Strike_G","Defend_G","Strike_G","Defend_G"],"score":1354,"play_id":"f63d3364-6f2b-495f-859e-8856c7d9c8b5","local_time":"20201217150823","is_ascension_mode":true,"campfire_choices":[{"floor":6,"key":"DIG"},{"floor":8,"key":"DIG"},{"floor":11,"key":"DIG"},{"floor":13,"key":"DIG"},{"floor":15,"key":"DIG"},{"floor":25,"key":"DIG"},{"floor":27,"key":"DIG"},{"floor":32,"key":"DIG"},{"floor":40,"key":"DIG"},{"floor":46,"key":"DIG"},{"floor":49,"key":"DIG"}],"circlet_count":0,"master_deck":["Strike_G","Strike_G","Defend_G","Defend_G","Defend_G","Survivor","Neutralize","Backflip","Footwork","Panache","Blade Dance","Deadly Poison","Well Laid Plans","Dash","Bouncing Flask","Accuracy","A Thousand Cuts","Dodge and Roll+1","Prepared","Reflex","Apotheosis","Footwork","Malaise","Dodge and Roll+1","A Thousand Cuts","Storm of Steel","Blade Dance+1","Panache","Caltrops","Blade Dance","Blur+1","Backflip","Blade Dance","Dagger Spray+1","Footwork+1","A Thousand Cuts+1","Cloak And Dagger+1","PiercingWail+1"],"relics":["Ring of the Snake","Strange Spoon","Kunai","Calipers","Art of War","Shovel","Lee\u0027s Waffle","Bottled Lightning","Torii","Prayer Wheel","Regal Pillow","Gambling Chip","Happy Flower","Paper Crane","Blood Vial","Turnip","CaptainsWheel","SlaversCollar","Nloth\u0027s Gift","Boot","TungstenRod","Tiny Chest","TwistedFunnel","Centennial Puzzle","Sundial","Shuriken","Girya","Tough Bandages","Matryoshka","Lizard Tail","Ornamental Fan","Anchor","Mummified Hand","Pear","Black Star","Juzu Bracelet","Mercury Hourglass","Frozen Egg 2","Toxic Egg 2","Akabeko","The Courier","PreservedInsect","Ice Cream","Tingsha","Letter Opener","Nunchaku","Eternal Feather"],"acts_visited":["Exordium","TheCity","TheBeyond"],"potions_floor_usage":[12,12,30,30,33,50],"damage_taken":[{"damage":0,"enemies":"Small Slimes","floor":1,"turns":1},{"damage":0,"enemies":"Jaw Worm","floor":3,"turns":1},{"damage":0,"enemies":"Cultist","floor":5,"turns":1},{"damage":29,"enemies":"3 Sentries","floor":7,"turns":9},{"damage":13,"enemies":"Lagavulin","floor":10,"turns":7},{"damage":10,"enemies":"Gremlin Nob","floor":12,"turns":3},{"damage":1,"enemies":"Lagavulin","floor":14,"turns":6},{"damage":1,"enemies":"Hexaghost","floor":16,"turns":8},{"damage":5,"enemies":"3 Byrds","floor":18,"turns":6},{"damage":12,"enemies":"2 Thieves","floor":21,"turns":4},{"damage":16,"enemies":"Gremlin Leader","floor":23,"turns":7},{"damage":0,"enemies":"Snecko","floor":28,"turns":4},{"damage":0,"enemies":"Book of Stabbing","floor":29,"turns":4},{"damage":13,"enemies":"Colosseum Slavers","floor":30,"turns":7},{"damage":5,"enemies":"Colosseum Nobs","floor":30,"turns":5},{"damage":0,"enemies":"Champ","floor":33,"turns":7},{"damage":13,"enemies":"3 Darklings","floor":35,"turns":4},{"damage":0,"enemies":"3 Shapes","floor":37,"turns":2},{"damage":0,"enemies":"Writhing Mass","floor":38,"turns":6},{"damage":29,"enemies":"Jaw Worm Horde","floor":39,"turns":3},{"damage":0,"enemies":"Nemesis","floor":45,"turns":9},{"damage":0,"enemies":"Giant Head","floor":47,"turns":3},{"damage":0,"enemies":"Transient","floor":48,"turns":5},{"damage":41,"enemies":"Time Eater","floor":50,"turns":9}],"seed_played":"3053768321237318099","potions_obtained":[{"floor":1,"key":"FearPotion"},{"floor":3,"key":"Energy Potion"},{"floor":10,"key":"Fire Potion"},{"floor":14,"key":"SpeedPotion"},{"floor":16,"key":"Explosive Potion"},{"floor":21,"key":"AttackPotion"},{"floor":23,"key":"SkillPotion"},{"floor":30,"key":"Regen Potion"},{"floor":38,"key":"SteroidPotion"},{"floor":39,"key":"DuplicationPotion"}],"is_trial":false,"path_per_floor":["M","$","M","$","M","R","E","R","T","E","R","E","R","E","R","B",null,"M","?","?","M","$","E","$","R","T","R","M","E","?","T","R","B",null,"M","$","M","M","M","R","?","T","T","?","E","R","E","M","R","B",null],"character_chosen":"THE_SILENT","items_purchased":["Strange Spoon","Kunai","Calipers","Footwork","Panache","Blade Dance","Art of War","Shovel","Lee\u0027s Waffle","Well Laid Plans","Apotheosis","Boot","TungstenRod","Footwork","TwistedFunnel","Centennial Puzzle","Sundial","Juzu Bracelet","Mercury Hourglass","Panache","Caltrops","GhostInAJar"],"campfire_rested":0,"item_purchase_floors":[2,2,2,2,2,2,4,4,4,4,22,22,22,22,24,24,24,36,36,36,36,36],"current_hp_per_floor":[63,63,63,77,77,77,48,48,48,77,77,67,67,68,68,69,75,72,72,72,62,62,48,48,48,48,48,50,52,38,38,87,104,166,155,155,157,159,132,132,132,132,132,132,134,134,136,138,138,99],"gold":8211,"neow_bonus":"THREE_ENEMY_KILL","is_daily":false,"chose_seed":false,"campfire_upgraded":0,"win_rate":0.0,"timestamp":1608188903,"path_taken":["M","$","M","$","M","R","E","R","T","E","R","E","R","E","R","BOSS","M","?","?","?","?","E","$","R","T","R","M","E","?","?","R","BOSS","M","$","M","M","M","R","?","?","T","?","E","R","E","M","R","BOSS"],"items_purchased_type":["Relic","Relic","Relic","Card","Card","Card","Relic","Relic","Relic","Card","Card","Relic","Relic","Card","Relic","Relic","Relic","Relic","Relic","Card","Card","Potion"],"build_version":"2020-12-13","purchased_purges":5,"victory":true,"max_hp_per_floor":[70,70,70,77,77,77,77,77,77,77,77,77,77,77,77,77,77,77,77,77,77,77,77,77,77,77,77,77,77,77,77,187,187,187,187,187,187,187,187,187,184,184,184,184,184,184,184,184,184,184],"relic_stats":{"Regal Pillow":0,"Torii":29,"Juzu Bracelet":0,"Boot":[91],"Blood Vial":36,"Centennial Puzzle":[15],"Tough Bandages":[213],"Lizard Tail":0,"Nunchaku":[3],"Shovel":11,"Sundial":[6],"Mummified Hand":[63],"Gambling Chip":[71],"Prayer Wheel":8,"Tiny Chest":1,"Kunai":[56],"Ring of the Snake":[48],"Lee\u0027s Waffle":14,"Happy Flower":[34],"counters":[24,121],"Tingsha":[48],"Eternal Feather":0,"PreservedInsect":130,"Letter Opener":[35],"Mercury Hourglass":[103],"Strange Spoon":[99],"Shuriken":[34],"Ornamental Fan":[112],"Turnip":[4],"Art of War":[25],"Nloth\u0027s Gift":4,"Black Star":2,"obtain_stats":[{"TwistedFunnel":24,"Ice Cream":45,"Regal Pillow":9,"Calipers":2,"Torii":7,"Juzu Bracelet":36,"Boot":22,"Blood Vial":13,"Centennial Puzzle":24,"Tough Bandages":27,"Lizard Tail":30,"Nunchaku":47,"Shovel":4,"Matryoshka":29,"Sundial":24,"Mummified Hand":31,"Gambling Chip":10,"Prayer Wheel":8,"Tiny Chest":23,"Kunai":2,"Toxic Egg 2":42,"Ring of the Snake":0,"Girya":26,"Lee\u0027s Waffle":4,"Pear":32,"NeowsBlessing":0,"Happy Flower":11,"Tingsha":46,"Eternal Feather":49,"The Courier":43,"PreservedInsect":45,"Letter Opener":47,"Paper Crane":12,"Frozen Egg 2":40,"Akabeko":42,"Mercury Hourglass":36,"Strange Spoon":2,"SlaversCollar":17,"CaptainsWheel":15,"Anchor":31,"Shuriken":25,"Ornamental Fan":30,"Turnip":14,"Art of War":4,"Nloth\u0027s Gift":20,"Black Star":34,"Bottled Lightning":6,"TungstenRod":22},{"TwistedFunnel":11,"Ice Cream":21,"Regal Pillow":4,"Calipers":1,"Torii":4,"Juzu Bracelet":17,"Boot":10,"Blood Vial":6,"Centennial Puzzle":11,"Tough Bandages":11,"Lizard Tail":15,"Nunchaku":22,"Shovel":2,"Matryoshka":13,"Sundial":11,"Mummified Hand":15,"Gambling Chip":5,"Prayer Wheel":4,"Tiny Chest":11,"Kunai":1,"Toxic Egg 2":20,"Ring of the Snake":0,"Girya":11,"Lee\u0027s Waffle":2,"Pear":15,"NeowsBlessing":0,"Happy Flower":5,"Tingsha":21,"Eternal Feather":23,"The Courier":20,"PreservedInsect":21,"Letter Opener":22,"Paper Crane":6,"Frozen Egg 2":20,"Akabeko":20,"Mercury Hourglass":17,"Strange Spoon":1,"SlaversCollar":8,"CaptainsWheel":7,"Anchor":15,"Shuriken":11,"Ornamental Fan":15,"Turnip":7,"Art of War":2,"Nloth\u0027s Gift":9,"Black Star":16,"Bottled Lightning":3,"TungstenRod":10},{"TwistedFunnel":53,"Ice Cream":104,"Regal Pillow":12,"Calipers":1,"Torii":12,"Juzu Bracelet":84,"Boot":46,"Blood Vial":22,"Centennial Puzzle":53,"Tough Bandages":53,"Lizard Tail":73,"Nunchaku":107,"Shovel":2,"Matryoshka":61,"Sundial":53,"Mummified Hand":73,"Gambling Chip":19,"Prayer Wheel":12,"Tiny Chest":53,"Kunai":1,"Toxic Egg 2":95,"Ring of the Snake":0,"Girya":53,"Lee\u0027s Waffle":2,"Pear":73,"NeowsBlessing":0,"Happy Flower":19,"Tingsha":104,"Eternal Feather":112,"The Courier":95,"PreservedInsect":104,"Letter Opener":107,"Paper Crane":22,"Frozen Egg 2":95,"Akabeko":95,"Mercury Hourglass":84,"Strange Spoon":1,"SlaversCollar":36,"CaptainsWheel":28,"Anchor":73,"Shuriken":53,"Ornamental Fan":73,"Turnip":28,"Art of War":2,"Nloth\u0027s Gift":42,"Black Star":80,"Bottled Lightning":3,"TungstenRod":46}],"TungstenRod":16},"card_choices":[{"not_picked":["Backstab","Predator"],"picked":"Backflip","floor":1},{"not_picked":["Slice","Cloak And Dagger"],"picked":"Deadly Poison","floor":3},{"not_picked":["Slice","Eviscerate","Poisoned Stab"],"picked":"SKIP","floor":5},{"not_picked":["Masterful Stab","Bullet Time"],"picked":"Dash","floor":7},{"not_picked":["Dodge and Roll","Acrobatics"],"picked":"Bouncing Flask","floor":10},{"not_picked":["Sucker Punch","PiercingWail"],"picked":"Accuracy","floor":12},{"not_picked":["Flying Knee","Heel Hook","Leg Sweep"],"picked":"SKIP","floor":14},{"not_picked":["Phantasmal Killer","Wraith Form v2"],"picked":"A Thousand Cuts","floor":16},{"not_picked":["Bane","Bouncing Flask"],"picked":"Dodge and Roll+1","floor":18},{"not_picked":["Riddle With Holes","Heel Hook"],"picked":"Prepared","floor":18},{"not_picked":["Choke","Riddle With Holes"],"picked":"Reflex","floor":21},{"not_picked":["All Out Attack","Prepared+1","Poisoned Stab"],"picked":"SKIP","floor":21},{"not_picked":["Underhanded Strike","Flying Knee","Dodge and Roll"],"picked":"SKIP","floor":23},{"not_picked":["Deadly Poison+1","Outmaneuver+1"],"picked":"Malaise","floor":28},{"not_picked":["Sucker Punch","Setup","Quick Slash"],"picked":"SKIP","floor":28},{"not_picked":["Prepared","Flechettes"],"picked":"Dodge and Roll+1","floor":29},{"not_picked":["Predator","Eviscerate+1"],"picked":"A Thousand Cuts","floor":30},{"not_picked":["Doppelganger","Bullet Time"],"picked":"Storm of Steel","floor":33},{"not_picked":["Finisher+1","Sucker Punch+1"],"picked":"Blade Dance+1","floor":35},{"not_picked":["Flying Knee","Dagger Throw","Quick Slash"],"picked":"SKIP","floor":35},{"not_picked":["Deadly Poison+1","Outmaneuver"],"picked":"Blade Dance","floor":37},{"not_picked":["Underhanded Strike","Dagger Throw+1","Eviscerate+1"],"picked":"SKIP","floor":37},{"not_picked":["Blade Dance","Bouncing Flask+1"],"picked":"Blur+1","floor":38},{"not_picked":["Slice+1","Poisoned Stab+1"],"picked":"Backflip","floor":38},{"not_picked":["Choke","Endless Agony+1"],"picked":"Blade Dance","floor":39},{"not_picked":["Skewer+1","Dash+1"],"picked":"Dagger Spray+1","floor":39},{"not_picked":["Wraith Form v2+1","Slice"],"picked":"A Thousand Cuts+1","floor":45},{"not_picked":["Expertise+1","Outmaneuver+1"],"picked":"Cloak And Dagger+1","floor":47},{"not_picked":["Dagger Throw+1","Poisoned Stab+1"],"picked":"PiercingWail+1","floor":48},{"not_picked":["Sucker Punch","Die Die Die","Skewer+1"],"picked":"SKIP","floor":48}],"player_experience":245938,"relics_obtained":[{"floor":6,"key":"Bottled Lightning"},{"floor":7,"key":"Torii"},{"floor":8,"key":"Prayer Wheel"},{"floor":9,"key":"Regal Pillow"},{"floor":10,"key":"Gambling Chip"},{"floor":11,"key":"Happy Flower"},{"floor":12,"key":"Paper Crane"},{"floor":13,"key":"Blood Vial"},{"floor":14,"key":"Turnip"},{"floor":15,"key":"CaptainsWheel"},{"floor":23,"key":"Tiny Chest"},{"floor":25,"key":"Shuriken"},{"floor":26,"key":"Girya"},{"floor":27,"key":"Tough Bandages"},{"floor":29,"key":"Matryoshka"},{"floor":30,"key":"Lizard Tail"},{"floor":30,"key":"Ornamental Fan"},{"floor":31,"key":"Anchor"},{"floor":31,"key":"Mummified Hand"},{"floor":32,"key":"Pear"},{"floor":40,"key":"Frozen Egg 2"},{"floor":42,"key":"Toxic Egg 2"},{"floor":42,"key":"Akabeko"},{"floor":43,"key":"The Courier"},{"floor":45,"key":"PreservedInsect"},{"floor":45,"key":"Ice Cream"},{"floor":46,"key":"Tingsha"},{"floor":47,"key":"Letter Opener"},{"floor":47,"key":"Nunchaku"},{"floor":49,"key":"Eternal Feather"}],"event_choices":[{"damage_healed":0,"gold_gain":0,"player_choice":"Ignored","damage_taken":0,"max_hp_gain":0,"max_hp_loss":0,"event_name":"Vampires","floor":19,"gold_loss":0},{"damage_healed":0,"gold_gain":0,"player_choice":"Traded Relic","damage_taken":0,"relics_obtained":["Nloth\u0027s Gift"],"max_hp_gain":0,"max_hp_loss":0,"event_name":"N\u0027loth","floor":20,"relics_lost":["NeowsBlessing"],"gold_loss":0},{"damage_healed":0,"gold_gain":0,"player_choice":"Fight","damage_taken":0,"max_hp_gain":0,"max_hp_loss":0,"event_name":"Colosseum","floor":30,"gold_loss":0},{"damage_healed":0,"gold_gain":0,"player_choice":"Fought Nobs","damage_taken":0,"max_hp_gain":0,"max_hp_loss":0,"event_name":"Colosseum","floor":30,"gold_loss":0},{"cards_removed":["Parasite"],"damage_healed":0,"gold_gain":0,"player_choice":"Purged","damage_taken":0,"max_hp_gain":0,"max_hp_loss":0,"event_name":"Purifier","floor":41,"gold_loss":0},{"damage_healed":0,"gold_gain":0,"player_choice":"Copied","damage_taken":0,"max_hp_gain":0,"max_hp_loss":0,"event_name":"Duplicator","floor":44,"gold_loss":0,"cards_obtained":["Footwork"]}],"is_beta":false,"boss_relics":[{"not_picked":["Snecko Eye","Pandora\u0027s Box"],"picked":"SlaversCollar"},{"not_picked":["Cursed Key","Astrolabe"],"picked":"Black Star"}],"items_purged_floors":[2,4,22,24,36],"is_endless":false,"potions_floor_spawned":[1,3,10,14,16,21,23,30,38,39],"ascension_level":8}}