{"host":"yuqw1qbhv58x22od","time":1608246263,"event":{"mods":["BaseMod","Infinite Spire","Minty Spire (QoL Compilation)","Replay The Spire","StSLib","The Servant 0.9.4"],"gold_per_floor":[116,131,148,160,173,173,183,183,230,249,265,282,312,20,20,118,118,128,145,145,66,66,66,99,118,141,157,170,170,31,31,31],"floor_reached":31,"playtime":2221,"items_purged":["Strike_S","Forethought"],"score":278,"play_id":"2131ff95-2fb1-49a2-8ec6-687f0095701a","local_time":"20201217210423","is_ascension_mode":false,"campfire_choices":[{"data":"Exchange","floor":6,"key":"SMITH"},{"floor":8,"key":"REST"},{"floor":15,"key":"REST"},{"floor":23,"key":"REST"}],"circlet_count":0,"master_deck":["Strike_S","Strike_S","Strike_S","Defend_S","Defend_S","Defend_S","Defend_S","KidneyShot","Exchange+1","Duplication","ShatteredReality","Foresight","Ricochet","MurderousAura","ShatteredReality","RealityMarble","InstantArmor","Moondial","ShatteredReality","ReturningBlade","Spin","PendulumOfEternity+1","DualDimension","Replace","Alleviate","Alleviate","infinitespire:DeathsTouch","ShatteredReality+1","Advance+1","Foresight+1","Rearm","Comet"],"relics":["Uniform","Ancient Tea Set","Velvet Choker","Bag of Preparation","Dream Catcher","Bronze Scales"],"acts_visited":["Exordium","TheCity"],"potions_floor_usage":[12,16,16,16,24,25],"damage_taken":[{"damage":10,"enemies":"Cultist","floor":1,"turns":5},{"damage":7,"enemies":"Jaw Worm","floor":2,"turns":5},{"damage":6,"enemies":"2 Louse","floor":3,"turns":2},{"damage":8,"enemies":"Exordium Thugs","floor":4,"turns":5},{"damage":8,"enemies":"Exordium Wildlife","floor":5,"turns":3},{"damage":7,"enemies":"Large Slime","floor":7,"turns":6},{"damage":18,"enemies":"Lots of Slimes","floor":10,"turns":3},{"damage":0,"enemies":"Gremlin Gang","floor":11,"turns":3},{"damage":8,"enemies":"Red Slaver","floor":12,"turns":3},{"damage":24,"enemies":"Hexaghost","floor":16,"turns":10},{"damage":26,"enemies":"Shell Parasite","floor":18,"turns":5},{"damage":31,"enemies":"2 Thieves","floor":19,"turns":4},{"damage":9,"enemies":"Book of Stabbing","floor":24,"turns":3},{"damage":13,"enemies":"Shelled Parasite and Fungi","floor":25,"turns":5},{"damage":6,"enemies":"3 Cultists","floor":27,"turns":3},{"damage":9,"enemies":"Snake Plant","floor":28,"turns":4},{"damage":7,"enemies":"Snecko","floor":31,"turns":3}],"seed_played":"4651569931889105310","potions_obtained":[{"floor":1,"key":"EntropicBrew"},{"floor":2,"key":"FairyPotion"},{"floor":7,"key":"DuplicationPotion"},{"floor":11,"key":"Fire Potion"},{"floor":18,"key":"FearPotion"},{"floor":24,"key":"Fire Potion"},{"floor":28,"key":"Block Potion"}],"is_trial":false,"path_per_floor":["M","M","M","M","M","R","M","R","T","M","M","M","?","$","R","B",null,"M","M","?","$","AVR","R","E","M","T","M","M","T","$","M"],"character_chosen":"THE_SERVANT","items_purchased":["Forethought","ReturningBlade","Spin","Replace","Alleviate","Comet"],"campfire_rested":3,"item_purchase_floors":[14,14,14,21,21,30],"current_hp_per_floor":[55,48,42,34,26,26,19,38,38,20,20,12,12,12,31,7,65,39,8,8,8,8,27,18,5,5,19,10,10,10,3,3],"gold":31,"neow_bonus":"ONE_RANDOM_RARE_CARD","is_daily":false,"chose_seed":false,"campfire_upgraded":1,"win_rate":0.0,"timestamp":1608246263,"path_taken":["M","M","M","M","M","R","?","R","T","M","M","M","?","$","R","BOSS","M","M","?","?","AVR","R","E","M","T","M","M","?","$","M"],"items_purchased_type":["Card","Card","Card","Card","Card","Card"],"build_version":"2020-12-13","purchased_purges":2,"victory":false,"max_hp_per_floor":[65,65,65,65,65,65,65,65,65,65,65,65,65,65,65,65,65,65,65,65,65,65,65,65,65,65,65,65,65,65,65,65],"card_choices":[{"not_picked":["TimeWarp","ShiftingGears"],"picked":"ShatteredReality","floor":1},{"not_picked":["FastForward","ShatteredReality"],"picked":"Foresight","floor":2},{"not_picked":["Rearm","Revamp"],"picked":"Ricochet","floor":3},{"not_picked":["Replace","DoubleEdge"],"picked":"MurderousAura","floor":4},{"not_picked":["Spin","Ricochet"],"picked":"ShatteredReality","floor":5},{"not_picked":["Foresight","GearUp"],"picked":"RealityMarble","floor":7},{"not_picked":["Revamp","DoubleEdge"],"picked":"InstantArmor","floor":10},{"not_picked":["Unruled","FastForward"],"picked":"Moondial","floor":11},{"not_picked":["Unruled","Starlight"],"picked":"ShatteredReality","floor":12},{"not_picked":["FloweringNight","Solidify"],"picked":"PendulumOfEternity","floor":16},{"not_picked":["SurpressingFire","DoubleEdge","Desolation"],"picked":"SKIP","floor":18},{"not_picked":["Revamp","Starlight+1"],"picked":"DualDimension","floor":19},{"not_picked":["InstantArmor","Sunlight"],"picked":"ShatteredReality+1","floor":24},{"not_picked":["FastForward+1","Misdirection"],"picked":"Advance+1","floor":25},{"not_picked":["InstantArmor","Rearm"],"picked":"Foresight+1","floor":27},{"not_picked":["Sabotage","Starlight+1"],"picked":"Rearm","floor":28}],"player_experience":151451,"relics_obtained":[{"floor":9,"key":"Ancient Tea Set"},{"floor":24,"key":"Bag of Preparation"},{"floor":26,"key":"Dream Catcher"},{"floor":29,"key":"Bronze Scales"}],"event_choices":[{"damage_healed":0,"gold_gain":30,"player_choice":"Searched \u00271\u0027 times","damage_taken":0,"max_hp_gain":0,"max_hp_loss":0,"event_name":"Dead Adventurer","floor":13,"gold_loss":0},{"damage_healed":0,"gold_gain":0,"player_choice":"Forge","damage_taken":0,"max_hp_gain":0,"max_hp_loss":0,"event_name":"Accursed Blacksmith","floor":20,"gold_loss":0,"cards_upgraded":["PendulumOfEternity"]}],"is_beta":false,"boss_relics":[{"not_picked":["Fusion Hammer","Cursed Key"],"picked":"Velvet Choker"}],"items_purged_floors":[14,30],"is_endless":false,"potions_floor_spawned":[1,2,7,11,18,24,28],"killed_by":"Snecko","ascension_level":0}}