{"host":"hjw1ay65n7jm40lc","time":1608211897,"event":{"mods":["AchievementEnabler","BaseMod","Colored Map","Colored Powertips","Googly Eyes","Highlight Path","Minty Spire (QoL Compilation)","Quick Restart","Relic Stats"],"gold_per_floor":[112,112,127,202,213,213,239,239,266,295,295,323,323,356,356,427,427,447,22,22,36,48,74,84,84,84,84,103,103,130,130,130,208,208,219,219,219,236,254,282,282,310,336,28,47,58,14,44,44,44,44,44,44,76,76],"floor_reached":56,"playtime":4673,"items_purged":["Strike_R","Defend_R"],"score":2912,"play_id":"8023487b-5faa-498d-a8b2-0a09efe06985","local_time":"20201217083137","is_ascension_mode":true,"campfire_choices":[{"data":"Body Slam","floor":6.0,"key":"SMITH"},{"floor":8.0,"key":"REST"},{"data":"Metallicize","floor":11.0,"key":"SMITH"},{"data":"Entrench","floor":13.0,"key":"SMITH"},{"floor":15.0,"key":"DIG"},{"floor":25.0,"key":"DIG"},{"floor":27.0,"key":"DIG"},{"floor":32.0,"key":"DIG"},{"floor":41.0,"key":"DIG"},{"floor":49.0,"key":"RECALL"},{"floor":52,"key":"DIG"}],"circlet_count":0,"master_deck":["AscendersBane","Defend_R","Defend_R","Bash","Cleave+1","Barricade+1","Second Wind+1","Body Slam+1","Battle Trance","Flame Barrier","Metallicize+1","Entrench+1","Offering","Exhume","Impervious","Burning Pact+1","Warcry+1","Reaper","Impatience+1","Thinking Ahead+1","Secret Weapon+1","Armaments+1","Power Through+1","Reaper","Feel No Pain","Entrench+1"],"relics":["Astrolabe","Smiling Mask","Centennial Puzzle","Girya","Regal Pillow","Shovel","Oddly Smooth Stone","Coffee Dripper","Gambling Chip","Bronze Scales","Boot","Toxic Egg 2","Darkstone Periapt","Red Skull","Anchor","Empty Cage","Bag of Marbles","Unceasing Top","Bird Faced Urn","Strange Spoon","Blue Candle","Pantograph","Pen Nib"],"acts_visited":["Exordium","TheCity","TheBeyond","TheEnding"],"potions_floor_usage":[55],"damage_taken":[{"damage":11.0,"enemies":"Small Slimes","floor":1.0,"turns":3.0},{"damage":5.0,"enemies":"Jaw Worm","floor":3.0,"turns":2.0},{"damage":9.0,"enemies":"2 Louse","floor":5.0,"turns":2.0},{"damage":15.0,"enemies":"3 Sentries","floor":7.0,"turns":7.0},{"damage":0.0,"enemies":"Lagavulin","floor":10.0,"turns":6.0},{"damage":4.0,"enemies":"3 Sentries","floor":12.0,"turns":7.0},{"damage":0.0,"enemies":"Lagavulin","floor":14.0,"turns":6.0},{"damage":6.0,"enemies":"The Guardian","floor":16.0,"turns":6.0},{"damage":6.0,"enemies":"3 Byrds","floor":18.0,"turns":3.0},{"damage":6.0,"enemies":"Spheric Guardian","floor":21.0,"turns":3.0},{"damage":6.0,"enemies":"Centurion and Healer","floor":22.0,"turns":4.0},{"damage":6.0,"enemies":"Gremlin Leader","floor":23.0,"turns":4.0},{"damage":6.0,"enemies":"Snecko","floor":24.0,"turns":3.0},{"damage":8.0,"enemies":"Snake Plant","floor":28.0,"turns":4.0},{"damage":6.0,"enemies":"Book of Stabbing","floor":30.0,"turns":3.0},{"damage":6.0,"enemies":"Automaton","floor":33.0,"turns":5.0},{"damage":0.0,"enemies":"3 Darklings","floor":35.0,"turns":8.0},{"damage":6.0,"enemies":"Orb Walker","floor":38.0,"turns":3.0},{"damage":6.0,"enemies":"Jaw Worm Horde","floor":39.0,"turns":6.0},{"damage":12.0,"enemies":"Reptomancer","floor":40.0,"turns":2.0},{"damage":6.0,"enemies":"Nemesis","floor":42.0,"turns":3.0},{"damage":6.0,"enemies":"Writhing Mass","floor":45.0,"turns":1.0},{"damage":18.0,"enemies":"Sphere and 2 Shapes","floor":46.0,"turns":6.0},{"damage":12.0,"enemies":"Reptomancer","floor":48.0,"turns":2.0},{"damage":18.0,"enemies":"Awakened One","floor":50.0,"turns":6.0},{"damage":12,"enemies":"Shield and Spear","floor":54,"turns":6},{"damage":48,"enemies":"The Heart","floor":55,"turns":14}],"seed_played":"-5561143176930201085","potions_obtained":[{"floor":3.0,"key":"PowerPotion"},{"floor":5.0,"key":"FairyPotion"},{"floor":10.0,"key":"GamblersBrew"},{"floor":20.0,"key":"ColorlessPotion"},{"floor":24.0,"key":"SteroidPotion"},{"floor":28.0,"key":"SpeedPotion"},{"floor":30.0,"key":"Regen Potion"},{"floor":33.0,"key":"Fire Potion"},{"floor":42.0,"key":"Regen Potion"},{"floor":45.0,"key":"LiquidMemories"},{"floor":54,"key":"SpeedPotion"}],"is_trial":false,"path_per_floor":["M","?","M","?","M","R","E","R","T","E","R","E","R","E","R","B",null,"M","$","?","M","M","E","M","R","T","R","M","?","E","?","R","B",null,"M","?","?","M","M","E","R","E","T","$","M","M","$","E","R","B",null,"R","$","E","B",null],"character_chosen":"IRONCLAD","items_purchased":["Gambling Chip","BloodPotion","Power Through+1","Strange Spoon","Feel No Pain"],"campfire_rested":1,"item_purchase_floors":[19,19,44,44,47],"current_hp_per_floor":[57,34,29,18,9,9,22,44,44,44,44,40,40,40,40,34,65,59,59,74,68,62,56,50,50,50,50,42,42,36,36,36,44,67,72,62,62,61,60,48,48,42,42,42,38,29,29,72,72,75,75,75,75,71,36],"gold":76,"neow_bonus":"BOSS_RELIC","is_daily":false,"chose_seed":false,"campfire_upgraded":3,"win_rate":0.0,"timestamp":1608211897,"path_taken":["M","?","M","?","M","R","E","R","T","E","R","E","R","E","R","BOSS","M","$","?","M","?","E","M","R","T","R","M","?","E","?","R","BOSS","M","?","?","M","M","E","R","E","T","$","M","?","?","E","R","BOSS","R","$","E","BOSS"],"items_purchased_type":["Relic","Potion","Card","Relic","Card"],"build_version":"2020-12-13","purchased_purges":2,"victory":true,"max_hp_per_floor":[75,75,75,75,75,75,75,75,75,75,75,75,75,75,75,75,75,75,75,75,75,75,75,75,75,75,75,75,75,75,75,75,75,75,75,75,75,75,75,75,75,75,75,75,75,75,75,75,75,75,75,75,75,75,75],"relic_stats":{"Darkstone Periapt":0,"Regal Pillow":0,"counters":[27,125],"Astrolabe":["Cleave","Barricade","Second Wind"],"Blue Candle":[0],"Pen Nib":[0],"Smiling Mask":75,"Boot":[13],"Strange Spoon":[21],"Centennial Puzzle":[57],"Shovel":6,"Gambling Chip":[55],"Bronze Scales":[377],"Bird Faced Urn":[26],"Pantograph":4,"obtain_stats":[{"Darkstone Periapt":27,"Girya":10,"Regal Pillow":12,"Astrolabe":0,"Blue Candle":48,"Oddly Smooth Stone":15,"Pen Nib":54,"Smiling Mask":7,"Boot":25,"Empty Cage":34,"Burning Blood":0,"Strange Spoon":44,"Centennial Puzzle":9,"Anchor":32,"Shovel":14,"Gambling Chip":19,"Bronze Scales":23,"Bird Faced Urn":42,"Pantograph":52,"Coffee Dripper":17,"Bag of Marbles":40,"Toxic Egg 2":26,"Red Skull":30,"Unceasing Top":41},{"Darkstone Periapt":13,"Girya":5,"Regal Pillow":6,"Astrolabe":0,"Blue Candle":24,"Oddly Smooth Stone":7,"Pen Nib":26,"Smiling Mask":4,"Boot":13,"Empty Cage":16,"Burning Blood":0,"Strange Spoon":21,"Centennial Puzzle":4,"Anchor":15,"Shovel":7,"Gambling Chip":9,"Bronze Scales":12,"Bird Faced Urn":21,"Pantograph":25,"Coffee Dripper":8,"Bag of Marbles":20,"Toxic Egg 2":13,"Red Skull":15,"Unceasing Top":20},{"Darkstone Periapt":56,"Girya":20,"Regal Pillow":27,"Astrolabe":0,"Blue Candle":99,"Oddly Smooth Stone":33,"Pen Nib":111,"Smiling Mask":14,"Boot":56,"Empty Cage":68,"Burning Blood":0,"Strange Spoon":90,"Centennial Puzzle":14,"Anchor":63,"Shovel":33,"Gambling Chip":42,"Bronze Scales":53,"Bird Faced Urn":90,"Pantograph":105,"Coffee Dripper":39,"Bag of Marbles":87,"Toxic Egg 2":56,"Red Skull":63,"Unceasing Top":87}],"Unceasing Top":[4]},"card_choices":[{"not_picked":["Rupture","Carnage"],"picked":"Body Slam","floor":1.0},{"not_picked":["Entrench","Warcry"],"picked":"Battle Trance","floor":3.0},{"not_picked":["Thunderclap","Bloodletting"],"picked":"Flame Barrier","floor":5.0},{"not_picked":["Heavy Blade","Burning Pact","Clothesline"],"picked":"SKIP","floor":7.0},{"not_picked":["Sever Soul","Shrug It Off"],"picked":"Metallicize","floor":10.0},{"not_picked":["Wild Strike","Anger"],"picked":"Entrench","floor":12.0},{"not_picked":["Cleave","Havoc"],"picked":"Offering","floor":14.0},{"not_picked":["Demon Form","Barricade"],"picked":"Exhume","floor":16.0},{"not_picked":["Evolve","Intimidate","Searing Blow"],"picked":"SKIP","floor":18.0},{"not_picked":["Clothesline","Headbutt","Wild Strike"],"picked":"SKIP","floor":21.0},{"not_picked":["Pommel Strike+1","Wild Strike"],"picked":"Impervious","floor":22.0},{"not_picked":["Uppercut","Havoc","Cleave"],"picked":"SKIP","floor":23.0},{"not_picked":["Clash","Combust","Flex"],"picked":"SKIP","floor":24.0},{"not_picked":["Thunderclap","Warcry+1"],"picked":"Burning Pact+1","floor":28.0},{"not_picked":["Limit Break+1","Sword Boomerang"],"picked":"Warcry+1","floor":30.0},{"not_picked":["Double Tap+1","Fiend Fire"],"picked":"Reaper","floor":33.0},{"not_picked":["Rage+1","Bloodletting+1","Havoc+1"],"picked":"SKIP","floor":35.0},{"not_picked":["Master of Strategy+1","Finesse+1"],"picked":"Impatience+1","floor":36.0},{"not_picked":["Deep Breath+1","Flash of Steel"],"picked":"Thinking Ahead+1","floor":36.0},{"not_picked":["Trip+1","Magnetism"],"picked":"Secret Weapon+1","floor":36.0},{"not_picked":["Wild Strike","Iron Wave+1","Seeing Red+1"],"picked":"SKIP","floor":38.0},{"not_picked":["Headbutt","Dark Embrace+1","Sword Boomerang"],"picked":"SKIP","floor":39.0},{"not_picked":["Bloodletting+1","Immolate"],"picked":"Armaments+1","floor":40.0},{"not_picked":["Twin Strike+1","Metallicize+1","Battle Trance+1"],"picked":"SKIP","floor":42.0},{"not_picked":["Perfected Strike","Sword Boomerang+1","Battle Trance+1"],"picked":"SKIP","floor":45.0},{"not_picked":["Perfected Strike+1","Twin Strike"],"picked":"Reaper","floor":46.0},{"not_picked":["Heavy Blade","Pommel Strike"],"picked":"Entrench+1","floor":48.0},{"not_picked":["Warcry+1","Cleave+1","Evolve+1"],"picked":"SKIP","floor":54}],"player_experience":294207,"relics_obtained":[{"floor":7.0,"key":"Smiling Mask"},{"floor":9.0,"key":"Centennial Puzzle"},{"floor":10.0,"key":"Girya"},{"floor":12.0,"key":"Regal Pillow"},{"floor":14.0,"key":"Shovel"},{"floor":15.0,"key":"Oddly Smooth Stone"},{"floor":23.0,"key":"Bronze Scales"},{"floor":25.0,"key":"Boot"},{"floor":26.0,"key":"Toxic Egg 2"},{"floor":27.0,"key":"Darkstone Periapt"},{"floor":30.0,"key":"Red Skull"},{"floor":32.0,"key":"Anchor"},{"floor":40.0,"key":"Bag of Marbles"},{"floor":41.0,"key":"Unceasing Top"},{"floor":42.0,"key":"Bird Faced Urn"},{"floor":48.0,"key":"Blue Candle"},{"floor":52,"key":"Pantograph"},{"floor":54,"key":"Pen Nib"}],"event_choices":[{"damage_healed":0.0,"max_hp_gain":0.0,"max_hp_loss":0.0,"gold_gain":0.0,"event_name":"Shining Light","player_choice":"Entered Light","floor":2.0,"gold_loss":0.0,"damage_taken":23.0,"cards_upgraded":["Strike_R","Strike_R"]},{"damage_healed":0.0,"max_hp_gain":0.0,"max_hp_loss":0.0,"gold_gain":75.0,"event_name":"World of Goop","player_choice":"Gather Gold","floor":4.0,"gold_loss":0.0,"damage_taken":11.0},{"damage_healed":0.0,"max_hp_gain":0.0,"max_hp_loss":0.0,"gold_gain":0.0,"event_name":"Lab","player_choice":"Got Potions","floor":20.0,"gold_loss":0.0,"damage_taken":0.0},{"damage_healed":0.0,"max_hp_gain":0.0,"max_hp_loss":0.0,"gold_gain":0.0,"event_name":"Vampires","player_choice":"Ignored","floor":29.0,"gold_loss":0.0,"damage_taken":0.0},{"damage_healed":0.0,"max_hp_gain":0.0,"max_hp_loss":0.0,"gold_gain":0.0,"event_name":"Ghosts","player_choice":"Ignored","floor":31.0,"gold_loss":0.0,"damage_taken":0.0},{"damage_healed":0.0,"max_hp_gain":0.0,"max_hp_loss":0.0,"gold_gain":0.0,"event_name":"SensoryStone","player_choice":"Memory 3","floor":36.0,"gold_loss":0.0,"damage_taken":10.0},{"damage_healed":0.0,"max_hp_gain":0.0,"max_hp_loss":0.0,"gold_gain":0.0,"event_name":"Transmorgrifier","player_choice":"Ignored","floor":37.0,"gold_loss":0.0,"damage_taken":0.0}],"is_beta":false,"boss_relics":[{"not_picked":["Philosopher\u0027s Stone","Busted Crown"],"picked":"Coffee Dripper"},{"not_picked":["Tiny House","SacredBark"],"picked":"Empty Cage"}],"items_purged_floors":[19,44],"is_endless":false,"potions_floor_spawned":[3,5,10,24,28,30,33,42,45,46,54],"ascension_level":18}}