{"host":"ci7ivtocgfxh0ueo","time":1608178810,"event":{"mods":["BaseMod","GifTheSpireLib","Minty Spire (QoL Compilation)","StSLib"],"gold_per_floor":[129,204,31,31,31,181,229,199,199,232,267,267,267,287,287,287,287],"floor_reached":16,"playtime":362,"items_purged":[],"score":228,"play_id":"b9f4ab28-cb5d-4579-b131-cfca74496d66","local_time":"20201217122010","is_ascension_mode":true,"campfire_choices":[{"floor":13,"key":"REST"},{"floor":15,"key":"REST"}],"circlet_count":0,"master_deck":["AscendersBane","Strike_G","Strike_G","Strike_G","Strike_G","Strike_G","Defend_G","Defend_G","Defend_G","Defend_G","Defend_G","Survivor","Neutralize","HandOfGreed","Terror","Venomology","Doubt","PiercingWail","Eviscerate","Bouncing Flask"],"relics":["Ring of the Snake","Letter Opener","MealTicket"],"acts_visited":["Exordium"],"potions_floor_usage":[7,7,7,14,14,16,16,16],"damage_taken":[{"damage":2,"enemies":"Small Slimes","floor":1,"turns":4},{"damage":0,"enemies":"Gremlin Nob","floor":7,"turns":3},{"damage":12,"enemies":"Jaw Worm","floor":10,"turns":4},{"damage":6,"enemies":"2 Louse","floor":11,"turns":4},{"damage":27,"enemies":"Exordium Thugs","floor":14,"turns":6},{"damage":46,"enemies":"Slime Boss","floor":16,"turns":9}],"seed_played":"9020196762787617209","potions_obtained":[{"floor":1,"key":"SteroidPotion"},{"floor":8,"key":"Ancient Potion"},{"floor":8,"key":"EntropicBrew"},{"floor":10,"key":"Strength Potion"}],"is_trial":false,"path_per_floor":["M","?","$","?","$","?","E","?","T","M","M","?","R","M","R","B"],"character_chosen":"THE_SILENT","items_purchased":["Venomology","DistilledChaos"],"campfire_rested":2,"item_purchase_floors":[3,3],"current_hp_per_floor":[42,31,31,53,53,53,53,53,53,41,35,35,54,27,46,0,0],"gold":287,"neow_bonus":"RANDOM_COLORLESS_2","is_daily":false,"chose_seed":false,"campfire_upgraded":0,"win_rate":0.0,"timestamp":1608178810,"path_taken":["M","?","$","?","$","?","E","?","T","M","?","?","R","M","R","BOSS"],"items_purchased_type":["Card","Potion"],"build_version":"2020-12-13","purchased_purges":0,"victory":false,"max_hp_per_floor":[66,66,66,66,66,66,66,66,66,66,66,66,66,66,66,66,66],"card_choices":[{"not_picked":["Panache","Violence"],"picked":"HandOfGreed","floor":0},{"not_picked":["Concentrate","Setup"],"picked":"Terror","floor":1},{"not_picked":["Endless Agony","Deflect"],"picked":"PiercingWail","floor":7},{"not_picked":["Deadly Poison","Prepared"],"picked":"Eviscerate","floor":10},{"not_picked":["Endless Agony","Reflex"],"picked":"Bouncing Flask","floor":11},{"not_picked":["Infinite Blades","Cloak And Dagger","Slice"],"picked":"SKIP","floor":14}],"player_experience":1261711,"relics_obtained":[{"floor":7,"key":"Letter Opener"},{"floor":9,"key":"MealTicket"}],"event_choices":[{"damage_healed":0,"gold_gain":75,"player_choice":"Gather Gold","damage_taken":11,"max_hp_gain":0,"max_hp_loss":0,"event_name":"World of Goop","floor":2,"gold_loss":0},{"damage_healed":22,"gold_gain":0,"player_choice":"Banana","damage_taken":0,"max_hp_gain":0,"max_hp_loss":0,"event_name":"Big Fish","floor":4,"gold_loss":0},{"damage_healed":0,"gold_gain":150,"player_choice":"AGREE","damage_taken":0,"max_hp_gain":0,"max_hp_loss":0,"event_name":"Liars Game","floor":6,"gold_loss":0,"cards_obtained":["Doubt"]},{"damage_healed":0,"gold_gain":0,"player_choice":"Bought 2 Potions","damage_taken":0,"max_hp_gain":0,"max_hp_loss":0,"event_name":"The Woman in Blue","floor":8,"gold_loss":0},{"damage_healed":0,"gold_gain":0,"player_choice":"Got Potions","damage_taken":0,"max_hp_gain":0,"max_hp_loss":0,"event_name":"Lab","floor":12,"gold_loss":0}],"is_beta":false,"boss_relics":[],"items_purged_floors":[],"is_endless":false,"potions_floor_spawned":[1,10],"killed_by":"Slime Boss","ascension_level":17}}