{"host":"cglr1m0d8tytrlaz","time":1608231942,"event":{"mods":["2.2 Compatiblity","Alarm Clock","BaseMod","Bestiary","Block Reminder","Colored Powertips","Curses Come First","Downfall","Hermit","Highlight Path","Jorbs\u0027s Wanderer Trilogy","Minty Spire (QoL Compilation)","Quick Restart","Relic Sorter","Relic Stats","StSLib","The Hierophant","The Runesmith"],"gold_per_floor":[99,119,146,160,160,177,177,204,204,238,248,248,260,270,289,384,384,384,188,338,351,370,56,82,82,92,117,117,137,163,13,32,135,135,135,155,166,166,182,182,182],"floor_reached":40,"playtime":3459,"items_purged":["Slimebound:Strike_Slimebound","Slimebound:Strike_Slimebound"],"score":455,"play_id":"777a1115-7530-4497-abfc-8536183af8c0","local_time":"20201217130542","is_ascension_mode":false,"campfire_choices":[{"data":"Slimebound:Split","floor":1.0,"key":"SMITH"},{"data":"Slimebound:RejuvenatingLick","floor":5.0,"key":"SMITH"},{"data":"Slimebound:LevelUp","floor":9.0,"key":"SMITH"},{"data":"Slimebound:MassFeed","floor":18,"key":"SMITH"},{"data":"Slimebound:LeadByExample","floor":25,"key":"SMITH"},{"floor":35,"key":"RECALL"},{"data":"Slimebound:SelfFormingGoo","floor":38,"key":"SMITH"}],"circlet_count":0,"master_deck":["Slimebound:Tackle","Slimebound:Defend_Slimebound","Slimebound:Defend_Slimebound","Slimebound:Defend_Slimebound","Slimebound:Defend_Slimebound","Slimebound:Split+1","Slimebound:CorrosiveSpit","Slimebound:SplitBruiser","Slimebound:RejuvenatingLick+1","Slimebound:SplitAcid","Slimebound:GrowthPunch","Slimebound:LevelUp+1","Slimebound:PressTheAttack","Slimebound:GrowthPunch","Slimebound:SlimeSpikes","Slimebound:SamplingLick","Slimebound:LevelUp","Slimebound:MassFeed+1","Slimebound:SlimeSpikes","Slimebound:LeadByExample+1","Slimebound:SlimeBarrage","Slimebound:RollThrough+1","Slimebound:SlimeBarrage","Slimebound:ViciousTackle","Slimebound:GoopSpray","Slimebound:FormOfPuddle","Slimebound:LeechEnergy","Slimebound:SelfFormingGoo+1","Slimebound:SplitMire+1","Slimebound:Chomp+1","Slimebound:AcidTongue"],"relics":["Slimebound:AbsorbEndCombat","Omamori","Blue Candle","Matryoshka","Bottled Lightning","Snecko Eye","ClockworkSouvenir","Bronze Scales","Art of War","MealTicket","Oddly Smooth Stone","Pen Nib","SlaversCollar"],"acts_visited":["Exordium","TheCity","TheBeyond"],"potions_floor_usage":[27,27,33,40,40],"damage_taken":[{"damage":8.0,"enemies":"2 Louse","floor":2.0,"turns":2.0},{"damage":33.0,"enemies":"Lagavulin","floor":3.0,"turns":6.0},{"damage":19.0,"enemies":"Jaw Worm","floor":4.0,"turns":2.0},{"damage":17.0,"enemies":"Cultist","floor":6.0,"turns":3.0},{"damage":38.0,"enemies":"3 Sentries","floor":8.0,"turns":6.0},{"damage":24.0,"enemies":"Lagavulin","floor":10.0,"turns":5.0},{"damage":22.0,"enemies":"Red Slaver","floor":11.0,"turns":2.0},{"damage":9.0,"enemies":"Blue Slaver","floor":13.0,"turns":2.0},{"damage":16.0,"enemies":"3 Louse","floor":14.0,"turns":2.0},{"damage":8.0,"enemies":"Lots of Slimes","floor":15.0,"turns":3.0},{"damage":41.0,"enemies":"downfall:Defect","floor":16.0,"turns":5.0},{"damage":22,"enemies":"downfall:FleeingMerchant","floor":19,"turns":4},{"damage":20,"enemies":"Shell Parasite","floor":21,"turns":3},{"damage":27,"enemies":"3 Byrds","floor":22,"turns":3},{"damage":12,"enemies":"downfall:FleeingMerchant","floor":23,"turns":4},{"damage":28,"enemies":"Sentry and Sphere","floor":26,"turns":4},{"damage":48,"enemies":"Slavers","floor":27,"turns":4},{"damage":14,"enemies":"Cultist and Chosen","floor":29,"turns":3},{"damage":28,"enemies":"Centurion and Healer","floor":32,"turns":4},{"damage":21,"enemies":"downfall:Ironclad","floor":33,"turns":5},{"damage":13,"enemies":"Orb Walker","floor":36,"turns":3},{"damage":46,"enemies":"3 Darklings","floor":37,"turns":5},{"damage":55,"enemies":"Spire Growth","floor":39,"turns":7},{"damage":55,"enemies":"Giant Head","floor":40,"turns":6}],"seed_played":"-633101397998300981","potions_obtained":[{"floor":4.0,"key":"AttackPotion"},{"floor":10.0,"key":"champ:CounterPotion"},{"floor":13.0,"key":"Block Potion"},{"floor":14.0,"key":"AttackPotion"},{"floor":15.0,"key":"Slimebound:SlimyTonguePotion"},{"floor":16.0,"key":"DistilledChaos"},{"floor":22,"key":"SpeedPotion"},{"floor":29,"key":"SpeedPotion"},{"floor":32,"key":"DuplicationPotion"},{"floor":39,"key":"PowerPotion"}],"is_trial":false,"path_per_floor":["R","M","E","M","R","M","T","E","R","E","M","?","M","M","M","B",null,"R","$","?","M","M","$","T","R","M","E","?","M","T","?","M","B",null,"R","M","M","R","M","E"],"character_chosen":"SLIMEBOUND","items_purchased":["Slimebound:LeadByExample","Slimebound:SlimeBarrage","ClockworkSouvenir","Slimebound:ViciousTackle"],"campfire_rested":0,"item_purchase_floors":[19,19,23,23],"current_hp_per_floor":[60,60,45,40,40,43,43,27,27,23,23,23,30,32,42,27,60,60,56,56,60,49,57,57,57,45,17,17,11,11,82,74,83,86,86,85,58,58,17,0,0],"gold":182,"neow_bonus":"RANDOM_COMMON_RELIC","is_daily":false,"chose_seed":false,"campfire_upgraded":6,"win_rate":0.0,"timestamp":1608231942,"path_taken":["R","M","E","M","R","M","T","E","R","E","M","?","M","M","M","BOSS","R","$","?","?","M","?","T","R","M","E","?","M","?","?","M","BOSS","R","M","?","R","M","E"],"items_purchased_type":["Card","Card","Relic","Card"],"build_version":"2020-12-13","purchased_purges":2,"victory":false,"max_hp_per_floor":[60,60,60,60,60,60,60,60,60,60,60,60,60,60,60,60,60,60,60,60,64,64,64,64,64,68,72,72,72,72,82,86,86,86,86,86,86,86,86,86,86],"relic_stats":{"counters":[24,91],"Blue Candle":[0],"Bronze Scales":[106],"Snecko Eye":[91,89,96,111],"MealTicket":0,"Pen Nib":[2],"Art of War":[14],"obtain_stats":[{"Runesmith:Nanobots":10,"Blue Candle":3,"Oddly Smooth Stone":30,"Pen Nib":30,"Omamori":0,"ClockworkSouvenir":23,"SlaversCollar":34,"Matryoshka":7,"downfall:BrokenWingStatue":12,"Bronze Scales":24,"Snecko Eye":17,"MealTicket":27,"Slimebound:AbsorbEndCombat":0,"Art of War":24,"Bottled Lightning":8},{"Runesmith:Nanobots":6,"Blue Candle":2,"Oddly Smooth Stone":18,"Pen Nib":18,"Omamori":0,"ClockworkSouvenir":15,"SlaversCollar":20,"Matryoshka":4,"downfall:BrokenWingStatue":7,"Bronze Scales":15,"Snecko Eye":11,"MealTicket":17,"Slimebound:AbsorbEndCombat":0,"Art of War":15,"Bottled Lightning":5},{"Runesmith:Nanobots":23,"Blue Candle":8,"Oddly Smooth Stone":62,"Pen Nib":62,"Omamori":0,"ClockworkSouvenir":51,"SlaversCollar":71,"Matryoshka":13,"downfall:BrokenWingStatue":25,"Bronze Scales":51,"Snecko Eye":37,"MealTicket":59,"Slimebound:AbsorbEndCombat":0,"Art of War":51,"Bottled Lightning":19}]},"card_choices":[{"not_picked":["Slimebound:RollThrough","Slimebound:SlimeTap"],"picked":"Slimebound:SplitBruiser","floor":2.0},{"not_picked":["Slimebound:MinionMaster","Slimebound:LeechingTouch"],"picked":"Slimebound:RejuvenatingLick","floor":3.0},{"not_picked":["Slimebound:ComboTackle","Slimebound:SlimeTap"],"picked":"Slimebound:SplitAcid","floor":4.0},{"not_picked":["Slimebound:SlimeSpikes","Slimebound:FirmFortitude"],"picked":"Slimebound:GrowthPunch","floor":6.0},{"not_picked":["Slimebound:SplitMire","Slimebound:FinishingTackle"],"picked":"Slimebound:LevelUp","floor":8.0},{"not_picked":["Slimebound:Schlurp","Slimebound:TongueLash"],"picked":"Slimebound:PressTheAttack","floor":10.0},{"not_picked":["Slimebound:MassRepurpose","Slimebound:LeechingTouch"],"picked":"Slimebound:GrowthPunch","floor":11.0},{"not_picked":["Slimebound:Replication","Slimebound:FinishingTackle"],"picked":"Slimebound:SlimeSpikes","floor":13.0},{"not_picked":["Slimebound:GrowthPunch","Slimebound:LeechLife"],"picked":"Slimebound:SamplingLick","floor":14.0},{"not_picked":["Slimebound:ComboTackle","Slimebound:LeechingTouch"],"picked":"Slimebound:LevelUp","floor":15.0},{"not_picked":["Slimebound:MinionMaster","Slimebound:SelfFormingGoo"],"picked":"Slimebound:MassFeed","floor":16.0},{"not_picked":["Slimebound:ProtectTheBoss","Slimebound:ComboTackle"],"picked":"Slimebound:SlimeSpikes","floor":19},{"not_picked":["Slimebound:SlimeSpikes","Slimebound:RainOfGoop"],"picked":"Slimebound:RollThrough+1","floor":21},{"not_picked":["Slimebound:SplitLeeching","Slimebound:LeechingTouch"],"picked":"Slimebound:SlimeBarrage","floor":22},{"not_picked":["Slimebound:TongueLash","Slimebound:WasteNot","Slimebound:HauntingLick"],"picked":"SKIP","floor":23},{"not_picked":["Slimebound:GoopTackle","Slimebound:LeechingTouch","Slimebound:Schlurp"],"picked":"SKIP","floor":26},{"not_picked":["Slimebound:SlimeSpikes","Slimebound:SplitLeeching+1"],"picked":"Slimebound:GoopSpray","floor":27},{"not_picked":["Slimebound:Replication","Slimebound:SamplingLick"],"picked":"Slimebound:FormOfPuddle","floor":29},{"not_picked":["Slimebound:LeechingTouch","Slimebound:GoopSpray+1"],"picked":"Slimebound:LeechEnergy","floor":32},{"not_picked":["Slimebound:MassFeed","Slimebound:RallyTheTroops"],"picked":"Slimebound:SelfFormingGoo","floor":33},{"not_picked":["Slimebound:ComboTackle","Slimebound:LeechEnergy"],"picked":"Slimebound:SplitMire+1","floor":36},{"not_picked":["Slimebound:Schlurp+1","Slimebound:SplitLeeching"],"picked":"Slimebound:Chomp+1","floor":37},{"not_picked":["Slimebound:SplitMire+1","Slimebound:ViciousTackle"],"picked":"Slimebound:AcidTongue","floor":39}],"player_experience":1226242,"relics_obtained":[{"floor":3.0,"key":"Blue Candle"},{"floor":7.0,"key":"Matryoshka"},{"floor":8.0,"key":"Bottled Lightning"},{"floor":10.0,"key":"Runesmith:Nanobots"},{"floor":24,"key":"Bronze Scales"},{"floor":24,"key":"Art of War"},{"floor":27,"key":"MealTicket"},{"floor":30,"key":"Oddly Smooth Stone"},{"floor":30,"key":"Pen Nib"}],"event_choices":[{"cards_removed":["Slimebound:Strike_Slimebound"],"damage_healed":0,"gold_gain":0,"player_choice":"Elegance","damage_taken":0,"max_hp_gain":0,"max_hp_loss":0,"event_name":"Back to Basics","floor":28,"gold_loss":0}],"is_beta":false,"boss_relics":[{"not_picked":["Velvet Choker","SacredBark"],"picked":"Snecko Eye"},{"not_picked":["Black Star","Runesmith:UraniumAnvil"],"picked":"SlaversCollar"}],"items_purged_floors":[19,23],"is_endless":false,"potions_floor_spawned":[4,10,13,14,15,16,22,26,29,32,39],"killed_by":"Giant Head","ascension_level":0}}