{"host":"Sumable","time":1608172686,"event":{"mods":["AchievementEnabler","BaseMod","Better Note","BetterRewards","Googly Eyes","Hermit","Minty Spire (QoL Compilation)","Quick Restart","Shop Mod","StSLib","The Cursed","everything is the same but u backflip on backflip","slay the spire mod where everything is the same but ironclad has a cowboy hat"],"gold_per_floor":[119,133,308,308,324,324,359,383,383,383,383,403,23,88,88,214,214,232,272,272,272,296,296,331,395,395,395,395],"floor_reached":27,"playtime":1157,"items_purged":[],"score":268,"play_id":"dbe0ae59-94a0-466a-bf79-0cd72d770752","local_time":"20201216193805","is_ascension_mode":true,"campfire_choices":[{"data":"hermit:Determination","floor":6.0,"key":"SMITH"},{"floor":10.0,"key":"REST"},{"floor":15.0,"key":"REST"},{"floor":23,"key":"REST"}],"circlet_count":0,"master_deck":["hermit:Strike_Hermit","hermit:Strike_Hermit","hermit:Strike_Hermit","hermit:Strike_Hermit","hermit:Defend_Hermit","hermit:Defend_Hermit","hermit:Defend_Hermit","hermit:Defend_Hermit","hermit:Snapshot","hermit:Covet","Clumsy","hermit:Roughhouse","hermit:Determination+1","hermit:GhostlyPresence","Doubt","Injury","hermit:Headshot","hermit:ShadowCloak","hermit:Headshot","hermit:Snipe+1","hermit:Coalescence+1","HandOfGreed","hermit:Coalescence+1","hermit:Desperado","Shame","hermit:Coalescence+1","hermit:Headshot+1","hermit:BlackWind+1"],"relics":["hermit:Momento","Golden Idol","Vajra","Toxic Egg 2","Question Card","Membership Card","PreservedInsect","Black Star","Molten Egg 2","InkBottle","Bottled Lightning"],"acts_visited":["Exordium","TheCity"],"potions_floor_usage":[22,25],"damage_taken":[{"damage":8.0,"enemies":"Jaw Worm","floor":1.0,"turns":4.0},{"damage":0.0,"enemies":"2 Louse","floor":2.0,"turns":2.0},{"damage":2.0,"enemies":"Cultist","floor":5.0,"turns":3.0},{"damage":51.0,"enemies":"Lagavulin","floor":7.0,"turns":8.0},{"damage":5.0,"enemies":"Large Slime","floor":8.0,"turns":4.0},{"damage":2.0,"enemies":"2 Fungi Beasts","floor":12.0,"turns":4.0},{"damage":57.0,"enemies":"The Guardian","floor":16.0,"turns":9.0},{"damage":14,"enemies":"Spheric Guardian","floor":18,"turns":4},{"damage":36,"enemies":"Shell Parasite","floor":19,"turns":5},{"damage":54,"enemies":"Snake Plant","floor":22,"turns":5},{"damage":25,"enemies":"Gremlin Leader","floor":24,"turns":7},{"damage":19,"enemies":"Centurion and Healer","floor":25,"turns":6},{"damage":19,"enemies":"Book of Stabbing","floor":27,"turns":1}],"seed_played":"-729550880625993099","potions_obtained":[{"floor":1.0,"key":"EssenceOfSteel"},{"floor":12.0,"key":"Explosive Potion"},{"floor":19,"key":"FearPotion"},{"floor":24,"key":"EssenceOfSteel"}],"is_trial":false,"path_per_floor":["M","M","?","?","M","R","E","M","T","R","?","M","$","?","R","B",null,"M","M","?","?","M","R","E","M","T","E"],"character_chosen":"HERMIT","items_purchased":["Membership Card","PreservedInsect","hermit:Coalescence+1","FairyPotion","HandOfGreed"],"campfire_rested":3,"item_purchase_floors":[13,13,13,13,13],"current_hp_per_floor":[67,67,67,67,65,65,14,9,9,31,31,29,29,29,51,16,75,61,25,25,85,31,56,31,12,12,0,0],"gold":395,"neow_bonus":"THREE_RARE_CARDS","is_daily":false,"chose_seed":false,"campfire_upgraded":1,"win_rate":0.0,"timestamp":1608172685,"path_taken":["M","M","?","?","M","R","E","M","T","R","?","?","?","?","R","BOSS","M","M","?","?","M","R","E","M","T","E"],"items_purchased_type":["Relic","Relic","Card","Potion","Card"],"build_version":"2020-12-07","purchased_purges":0,"victory":false,"max_hp_per_floor":[75,75,75,75,75,75,75,75,75,75,75,75,75,75,75,75,75,75,75,75,85,85,85,85,85,85,85,85],"card_choices":[{"not_picked":["hermit:FatalDesire","hermit:FinalCanter"],"picked":"hermit:Roughhouse","floor":0.0},{"not_picked":["hermit:Headshot","hermit:Scavenge"],"picked":"hermit:Determination","floor":1.0},{"not_picked":["hermit:SprayPray","hermit:BodyArmor"],"picked":"hermit:GhostlyPresence","floor":2.0},{"not_picked":["hermit:Vantage","hermit:Snipe"],"picked":"hermit:Headshot","floor":5.0},{"not_picked":["hermit:Shortfuse","hermit:Brawl"],"picked":"hermit:ShadowCloak","floor":7.0},{"not_picked":["hermit:Feint","hermit:Midnight"],"picked":"hermit:Headshot","floor":8.0},{"not_picked":["hermit:SprayPray","hermit:TrackingShot","hermit:EternalForm"],"picked":"hermit:Snipe+1","floor":12.0},{"not_picked":["hermit:HighNoon","hermit:Magnum","hermit:FinalCanter"],"picked":"hermit:BlackWind","floor":16.0},{"not_picked":["hermit:Dive+1","hermit:Glare+1","hermit:ItchyTrigger"],"picked":"hermit:Coalescence+1","floor":18},{"not_picked":["hermit:BodyArmor+1","hermit:Misfire","hermit:ItchyTrigger"],"picked":"hermit:Desperado","floor":19},{"not_picked":["hermit:Feint+1","hermit:Misfire+1","hermit:SprayPray+1"],"picked":"hermit:Coalescence+1","floor":22},{"not_picked":["hermit:HighCaliber+1","hermit:TrackingShot+1","hermit:Glare+1"],"picked":"hermit:Headshot+1","floor":24},{"not_picked":["hermit:Grudge+1","hermit:FullyLoaded+1","hermit:Vantage+1"],"picked":"hermit:BlackWind+1","floor":25}],"player_experience":1005289,"relics_obtained":[{"floor":7.0,"key":"Vajra"},{"floor":9.0,"key":"Toxic Egg 2"},{"floor":24,"key":"InkBottle"},{"floor":24,"key":"Bottled Lightning"}],"event_choices":[{"damage_healed":0.0,"max_hp_gain":0.0,"max_hp_loss":0.0,"gold_gain":175.0,"event_name":"Liars Game","player_choice":"AGREE","floor":3.0,"gold_loss":0.0,"damage_taken":0.0,"cards_obtained":["Doubt"]},{"damage_healed":0.0,"max_hp_gain":0.0,"max_hp_loss":0.0,"gold_gain":0.0,"event_name":"Golden Idol","player_choice":"Take Wound","floor":4.0,"gold_loss":0.0,"damage_taken":0.0,"relics_obtained":["Golden Idol"],"cards_obtained":["Injury"]},{"damage_healed":0.0,"max_hp_gain":0.0,"max_hp_loss":0.0,"gold_gain":0.0,"event_name":"Dead Adventurer","player_choice":"Searched \u00271\u0027 times","floor":11.0,"gold_loss":0.0,"damage_taken":0.0,"relics_obtained":["Question Card"]},{"damage_healed":0.0,"max_hp_gain":0.0,"max_hp_loss":0.0,"gold_gain":65.0,"event_name":"Golden Wing","player_choice":"Gained Gold","floor":14.0,"gold_loss":0.0,"damage_taken":0.0},{"damage_healed":0,"gold_gain":0,"player_choice":"Stole Relic","damage_taken":0,"relics_obtained":["Molten Egg 2"],"max_hp_gain":0,"max_hp_loss":0,"event_name":"Addict","floor":20,"gold_loss":0,"cards_obtained":["Shame"]},{"cards_removed":["hermit:BlackWind"],"damage_healed":50,"gold_gain":0,"player_choice":"Offered Rare","damage_taken":0,"max_hp_gain":10,"max_hp_loss":0,"event_name":"Bonfire Elementals","floor":21,"gold_loss":0}],"is_beta":true,"boss_relics":[{"not_picked":["Tiny House","Empty Cage"],"picked":"Black Star"}],"items_purged_floors":[],"is_endless":false,"potions_floor_spawned":[1,12,19,24],"killed_by":"Book of Stabbing","ascension_level":3}}