{"host":"wg33yb1rgt3nbe17","time":1608201776,"event":{"mods":["AchievementEnabler","BaseMod","Block Reminder","Colored Map","Highlight Path","Minty Spire (QoL Compilation)","Permanent Neow","StSLib"],"gold_per_floor":[116,96,21,38,38,38,38,49,49,49,49,81,4,14,14,90,90,107,57,73,84,84,84,114,26,26,43,43,43],"floor_reached":28,"playtime":602,"items_purged":["Defend_R"],"score":425,"play_id":"95fb9215-b5bf-464b-bbbf-ab36a9748337","local_time":"20201217054256","is_ascension_mode":true,"campfire_choices":[{"data":"Uppercut","floor":6.0,"key":"SMITH"},{"data":"Whirlwind","floor":11.0,"key":"SMITH"},{"data":"Sword Boomerang","floor":15.0,"key":"SMITH"},{"floor":23.0,"key":"REST"}],"circlet_count":0,"master_deck":["AscendersBane","Strike_R","Strike_R","Strike_R","Strike_R","Strike_R","Defend_R+1","Defend_R+1","Uppercut+1","Whirlwind+1","Demon Form+1","Inflame","Sword Boomerang+1","Brutality","Sword Boomerang","Inflame+1","Headbutt","Burning Pact","Twin Strike","Rupture+1","Pommel Strike+1"],"relics":["Black Blood","Mummified Hand","War Paint","Tiny Chest","Frozen Egg 2","Molten Egg 2"],"acts_visited":["Exordium","TheCity"],"potions_floor_usage":[],"damage_taken":[{"damage":13.0,"enemies":"Jaw Worm","floor":1.0,"turns":4.0},{"damage":6.0,"enemies":"Cultist","floor":4.0,"turns":3.0},{"damage":8.0,"enemies":"2 Louse","floor":8.0,"turns":3.0},{"damage":20.0,"enemies":"3 Sentries","floor":12.0,"turns":3.0},{"damage":14.0,"enemies":"Red Slaver","floor":14.0,"turns":2.0},{"damage":16.0,"enemies":"Slime Boss","floor":16.0,"turns":6.0},{"damage":20.0,"enemies":"3 Byrds","floor":18.0,"turns":5.0},{"damage":33.0,"enemies":"2 Thieves","floor":20.0,"turns":3.0},{"damage":20.0,"enemies":"Snecko","floor":21.0,"turns":4.0},{"damage":24.0,"enemies":"Gremlin Leader","floor":24.0,"turns":5.0},{"damage":13.0,"enemies":"Chosen and Byrds","floor":27.0,"turns":4.0},{"damage":63,"enemies":"Shelled Parasite and Fungi","floor":28,"turns":3}],"seed_played":"-5265559085346902258","potions_obtained":[{"floor":1.0,"key":"SkillPotion"},{"floor":2.0,"key":"BlessingOfTheForge"},{"floor":14.0,"key":"Ancient Potion"},{"floor":18.0,"key":"DistilledChaos"}],"is_trial":false,"path_per_floor":["M","?","$","M","?","R","?","M","T","?","R","E","$","M","R","B",null,"M","?","M","M","?","R","E","$","T","M","M"],"character_chosen":"IRONCLAD","items_purchased":["Inflame","Rupture+1"],"campfire_rested":1,"item_purchase_floors":[13,25],"current_hp_per_floor":[57,57,57,57,50,50,50,48,48,48,48,34,34,26,26,16,71,63,63,42,34,34,60,48,48,48,47,0,0],"gold":43,"neow_bonus":"TWENTY_PERCENT_HP_BONUS","is_daily":false,"chose_seed":false,"campfire_upgraded":3,"win_rate":0.0,"timestamp":1608201776,"path_taken":["M","?","?","M","?","R","?","?","T","?","R","E","$","M","R","BOSS","M","?","?","M","?","R","E","$","T","M","M"],"items_purchased_type":["Card","Card"],"build_version":"2020-12-13","purchased_purges":1,"victory":false,"max_hp_per_floor":[89,89,89,89,89,89,89,89,89,89,89,89,89,89,89,89,89,89,89,89,89,89,89,89,89,89,89,89,89],"card_choices":[{"not_picked":["Headbutt","Warcry"],"picked":"Uppercut","floor":1.0},{"not_picked":["Iron Wave","Warcry"],"picked":"Perfected Strike","floor":4.0},{"not_picked":["Dark Embrace","Dropkick"],"picked":"Whirlwind","floor":8.0},{"not_picked":["Heavy Blade","Second Wind"],"picked":"Demon Form","floor":12.0},{"not_picked":["Body Slam","Iron Wave"],"picked":"Sword Boomerang","floor":14.0},{"not_picked":["Juggernaut","Berserk"],"picked":"Brutality","floor":16.0},{"not_picked":["Dropkick","Pommel Strike"],"picked":"Sword Boomerang","floor":18.0},{"not_picked":["Flex","Body Slam"],"picked":"Inflame+1","floor":20.0},{"not_picked":["Havoc","Combust"],"picked":"Headbutt","floor":21.0},{"not_picked":["Clothesline","Flex"],"picked":"Twin Strike","floor":24.0},{"not_picked":["Iron Wave+1","Flame Barrier"],"picked":"Pommel Strike+1","floor":27.0}],"player_experience":512178,"relics_obtained":[{"floor":9.0,"key":"Mummified Hand"},{"floor":12.0,"key":"Tiny Chest"},{"floor":24.0,"key":"Frozen Egg 2"},{"floor":26.0,"key":"Molten Egg 2"}],"event_choices":[{"damage_healed":0.0,"max_hp_gain":0.0,"max_hp_loss":0.0,"gold_gain":0.0,"event_name":"The Woman in Blue","player_choice":"Bought 1 Potion","floor":2.0,"gold_loss":0.0,"damage_taken":0.0},{"cards_removed":["Defend_R"],"damage_healed":0.0,"max_hp_gain":0.0,"max_hp_loss":0.0,"gold_gain":0.0,"event_name":"Golden Wing","player_choice":"Card Removal","floor":5.0,"gold_loss":0.0,"damage_taken":7.0},{"cards_removed":["Bash"],"damage_healed":0.0,"max_hp_gain":0.0,"max_hp_loss":0.0,"gold_gain":0.0,"event_name":"Bonfire Elementals","player_choice":"Offered Basic","floor":7.0,"gold_loss":0.0,"damage_taken":0.0},{"damage_healed":0.0,"max_hp_gain":0.0,"max_hp_loss":0.0,"gold_gain":0.0,"event_name":"Dead Adventurer","player_choice":"Searched \u00271\u0027 times","floor":10.0,"gold_loss":0.0,"damage_taken":0.0,"relics_obtained":["War Paint"]},{"damage_healed":0.0,"max_hp_gain":0.0,"max_hp_loss":0.0,"gold_gain":0.0,"event_name":"Designer","player_choice":"Upgrade","floor":19.0,"gold_loss":50.0,"damage_taken":0.0,"cards_upgraded":["Demon Form"]},{"damage_healed":0.0,"max_hp_gain":0.0,"max_hp_loss":0.0,"gold_gain":0.0,"cards_transformed":["Perfected Strike"],"event_name":"Transmorgrifier","player_choice":"Transformed","floor":22.0,"gold_loss":0.0,"damage_taken":0.0,"cards_obtained":["Burning Pact"]}],"is_beta":false,"boss_relics":[{"not_picked":["Calling Bell","Runic Dome"],"picked":"Black Blood"}],"items_purged_floors":[3],"is_endless":false,"potions_floor_spawned":[1,14,18],"killed_by":"Shelled Parasite and Fungi","ascension_level":16}}