{"host":"ssbj2e5691x5ub3h","time":1608170670,"event":{"mods":["BaseMod","Duelist Mod","Minty Spire (QoL Compilation)","StSLib"],"gold_per_floor":[116,191,209,228,248,248,274,33,59,73,73,73,89,113,113,218,218,235,251,262,262,278,278,293,293,293,311,311,311,341,341,341],"floor_reached":31,"playtime":1426,"items_purged":[],"score":287,"play_id":"af4301c3-20a5-430b-8ea6-6ef11796ee5a","local_time":"20201217000430","is_ascension_mode":true,"campfire_choices":[{"data":"Neutralize","floor":6,"key":"SMITH"},{"floor":11,"key":"REST"},{"floor":15,"key":"REST"},{"floor":23,"key":"REST"},{"floor":25,"key":"REST"},{"floor":29,"key":"REST"}],"circlet_count":0,"master_deck":["Strike_G","Strike_G","Strike_G","Strike_G","Strike_G","Defend_G","Defend_G","Defend_G","Defend_G","Defend_G+1","Survivor","Neutralize+1","Phantasmal Killer+1","Deflect","Deadly Poison","Slice","Backflip+1","Dagger Throw","Footwork","After Image","Poisoned Stab","Footwork","Flying Knee","Poisoned Stab","Malaise"],"relics":["Ring of the Snake","War Paint","Shuriken","Bronze Scales","Odd Mushroom","SacredBark","Gremlin Horn","MealTicket"],"acts_visited":["Exordium","TheCity"],"potions_floor_usage":[7,16,20,21,27,30],"damage_taken":[{"damage":5,"enemies":"2 Louse","floor":1,"turns":3},{"damage":1,"enemies":"Cultist","floor":3,"turns":4},{"damage":1,"enemies":"Jaw Worm","floor":4,"turns":4},{"damage":19,"enemies":"3 Louse","floor":5,"turns":4},{"damage":25,"enemies":"Gremlin Nob","floor":7,"turns":4},{"damage":0,"enemies":"2 Fungi Beasts","floor":10,"turns":4},{"damage":9,"enemies":"Large Slime","floor":13,"turns":7},{"damage":7,"enemies":"The Mushroom Lair","floor":14,"turns":4},{"damage":2,"enemies":"Hexaghost","floor":16,"turns":10},{"damage":6,"enemies":"3 Byrds","floor":18,"turns":4},{"damage":18,"enemies":"Spheric Guardian","floor":19,"turns":6},{"damage":14,"enemies":"Centurion and Healer","floor":20,"turns":7},{"damage":0,"enemies":"Snecko","floor":21,"turns":4},{"damage":10,"enemies":"Snake Plant","floor":22,"turns":6},{"damage":30,"enemies":"3 Cultists","floor":24,"turns":7},{"damage":8,"enemies":"Chosen and Byrds","floor":27,"turns":4},{"damage":26,"enemies":"Gremlin Leader","floor":30,"turns":6},{"damage":9,"enemies":"Colosseum Slavers","floor":31,"turns":2}],"seed_played":"-1540660425898684778","potions_obtained":[{"floor":1,"key":"SmokeBomb"},{"floor":3,"key":"Poison Potion"},{"floor":13,"key":"Regen Potion"},{"floor":16,"key":"DuplicationPotion"},{"floor":19,"key":"Swift Potion"},{"floor":24,"key":"Swift Potion"},{"floor":27,"key":"CultistPotion"}],"is_trial":false,"path_per_floor":["M","?","M","M","M","R","E","$","T","M","R","?","M","?","R","B",null,"M","M","M","M","M","R","M","R","T","M","?","R","E","?"],"character_chosen":"THE_SILENT","items_purchased":["Shuriken"],"campfire_rested":5,"item_purchase_floors":[8],"current_hp_per_floor":[65,54,53,52,33,33,8,8,8,8,29,29,20,13,34,47,70,64,46,32,32,22,43,13,34,34,26,13,35,9,0,0],"gold":341,"neow_bonus":"ONE_RANDOM_RARE_CARD","is_daily":false,"chose_seed":false,"campfire_upgraded":1,"win_rate":0.0,"timestamp":1608170670,"path_taken":["M","?","M","M","M","R","E","$","T","M","R","?","?","?","R","BOSS","M","M","M","M","M","R","M","R","T","M","?","R","E","?"],"items_purchased_type":["Relic"],"build_version":"2020-12-13","purchased_purges":0,"victory":false,"max_hp_per_floor":[70,70,70,70,70,70,70,70,70,70,70,70,70,70,70,70,70,70,70,70,70,70,70,70,70,70,70,75,75,75,75,75],"card_choices":[{"not_picked":["Riddle With Holes","Sucker Punch"],"picked":"Deflect","floor":1},{"not_picked":["Escape Plan","Calculated Gamble"],"picked":"Deadly Poison","floor":3},{"not_picked":["Crippling Poison","Masterful Stab"],"picked":"Slice","floor":4},{"not_picked":["Choke","Dagger Throw"],"picked":"Backflip","floor":5},{"not_picked":["Accuracy","Eviscerate","Calculated Gamble"],"picked":"SKIP","floor":7},{"not_picked":["Bane","Predator"],"picked":"Dagger Throw","floor":10},{"not_picked":["Night Terror","Flechettes","Skewer"],"picked":"SKIP","floor":13},{"not_picked":["Dagger Spray","Flying Knee"],"picked":"Footwork","floor":14},{"not_picked":["Doppelganger","Corpse Explosion"],"picked":"After Image","floor":16},{"not_picked":["Quick Slash+1","All Out Attack"],"picked":"Poisoned Stab","floor":18},{"not_picked":["Flechettes","Setup","Catalyst"],"picked":"SKIP","floor":19},{"not_picked":["Prepared+1","Quick Slash"],"picked":"Footwork","floor":20},{"not_picked":["Quick Slash","Terror"],"picked":"Flying Knee","floor":22},{"not_picked":["Setup","Slice"],"picked":"Poisoned Stab","floor":24},{"not_picked":["Poisoned Stab","Prepared","Sucker Punch+1"],"picked":"SKIP","floor":27},{"not_picked":["Choke","Accuracy"],"picked":"Malaise","floor":30}],"player_experience":95480,"relics_obtained":[{"floor":7,"key":"War Paint"},{"floor":9,"key":"Bronze Scales"},{"floor":14,"key":"Odd Mushroom"},{"floor":26,"key":"Gremlin Horn"},{"floor":30,"key":"MealTicket"}],"event_choices":[{"damage_healed":0,"gold_gain":75,"player_choice":"Gather Gold","damage_taken":11,"max_hp_gain":0,"max_hp_loss":0,"event_name":"World of Goop","floor":2,"gold_loss":0},{"damage_healed":0,"gold_gain":0,"player_choice":"Upgraded","damage_taken":0,"max_hp_gain":0,"max_hp_loss":0,"event_name":"Upgrade Shrine","floor":12,"gold_loss":0,"cards_upgraded":["Backflip"]},{"damage_healed":0,"gold_gain":0,"player_choice":"Fought Mushrooms","damage_taken":0,"max_hp_gain":0,"max_hp_loss":0,"event_name":"Mushrooms","floor":14,"gold_loss":0},{"damage_healed":0,"gold_gain":0,"player_choice":"Shed Blood","damage_taken":18,"max_hp_gain":5,"max_hp_loss":0,"event_name":"Forgotten Altar","floor":28,"gold_loss":0},{"damage_healed":0,"gold_gain":0,"player_choice":"Fight","damage_taken":0,"max_hp_gain":0,"max_hp_loss":0,"event_name":"Colosseum","floor":31,"gold_loss":0}],"is_beta":false,"boss_relics":[{"not_picked":["Empty Cage","Coffee Dripper"],"picked":"SacredBark"}],"items_purged_floors":[],"is_endless":false,"potions_floor_spawned":[1,3,13,16,19,21,24,27],"killed_by":"Colosseum Slavers","ascension_level":2}}