{"host":"bxn2em57qlx5u4i0","time":1608181906,"event":{"mods":["BaseMod","Colored Map","Colored Powertips","Highlight Path","Minty Spire (QoL Compilation)","Random Character Button","Relic Sorter","Relic Stats","StSLib","SuperFastMode"],"gold_per_floor":[112,262,50,60,60,89,89,109,109,109,123,133,167,32,32,109,109,129,44,55,55,55,88,105,105,158,158,158],"floor_reached":27,"playtime":702,"items_purged":["Doubt"],"score":532,"play_id":"0eeb7dd5-9ab1-44b6-9c75-e26edf198c43","local_time":"20201217001146","is_ascension_mode":true,"campfire_choices":[{"data":"Bouncing Flask","floor":7,"key":"SMITH"},{"data":"Predator","floor":10,"key":"SMITH"},{"data":"Noxious Fumes","floor":15,"key":"SMITH"},{"data":"Deadly Poison","floor":25,"key":"SMITH"}],"circlet_count":0,"master_deck":["AscendersBane","Strike_G","Strike_G+1","Strike_G+1","Strike_G","Strike_G","Defend_G","Defend_G+1","Defend_G","Defend_G","Defend_G","Survivor","Neutralize","Noxious Fumes+1","Deadly Poison+1","Backstab","Bouncing Flask+1","Predator+1","Noxious Fumes+1","Blur","Escape Plan+1","PiercingWail","Bullet Time","Bouncing Flask+1","Prepared+1","Deflect+1"],"relics":["Ring of the Snake","NeowsBlessing","Turnip","The Courier","Whetstone","War Paint","Runic Pyramid","Kunai","FaceOfCleric","Mango"],"acts_visited":["Exordium","TheCity"],"potions_floor_usage":[13,13,23,23],"damage_taken":[{"damage":0,"enemies":"Jaw Worm","floor":1,"turns":1},{"damage":0,"enemies":"2 Louse","floor":4,"turns":1},{"damage":0,"enemies":"3 Sentries","floor":6,"turns":2},{"damage":0,"enemies":"Cultist","floor":8,"turns":2},{"damage":6,"enemies":"3 Louse","floor":11,"turns":3},{"damage":4,"enemies":"Blue Slaver","floor":12,"turns":4},{"damage":4,"enemies":"Gremlin Nob","floor":13,"turns":3},{"damage":22,"enemies":"Slime Boss","floor":16,"turns":8},{"damage":17,"enemies":"2 Thieves","floor":18,"turns":4},{"damage":0,"enemies":"Spheric Guardian","floor":20,"turns":3},{"damage":7,"enemies":"Gremlin Leader","floor":23,"turns":6},{"damage":27,"enemies":"Snecko","floor":24,"turns":6},{"damage":42,"enemies":"Slavers","floor":27,"turns":4}],"seed_played":"-9134362199923207429","potions_obtained":[{"floor":6,"key":"SteroidPotion"},{"floor":8,"key":"Fire Potion"},{"floor":12,"key":"Dexterity Potion"},{"floor":16,"key":"SneckoOil"},{"floor":18,"key":"Regen Potion"},{"floor":20,"key":"GamblersBrew"}],"is_trial":false,"path_per_floor":["M","?","$","M","?","E","R","M","T","R","M","M","E","$","R","B",null,"M","?","M","?","$","E","M","R","T","E"],"character_chosen":"THE_SILENT","items_purchased":["Deadly Poison","Backstab","War Paint"],"campfire_rested":0,"item_purchase_floors":[3,3,14],"current_hp_per_floor":[59,59,59,59,59,59,59,59,59,59,53,49,45,45,45,23,55,38,38,38,38,38,61,35,35,35,0,0],"gold":158,"neow_bonus":"THREE_ENEMY_KILL","is_daily":false,"chose_seed":false,"campfire_upgraded":4,"win_rate":0.0,"timestamp":1608181906,"path_taken":["M","?","$","M","?","E","R","M","T","R","?","M","E","$","R","BOSS","M","?","M","?","$","E","M","R","T","E"],"items_purchased_type":["Card","Card","Relic"],"build_version":"2020-12-13","purchased_purges":1,"victory":false,"max_hp_per_floor":[66,66,66,66,66,66,66,66,66,66,66,66,66,66,66,66,66,66,66,66,66,66,81,82,82,82,82,82],"relic_stats":{"FaceOfCleric":2,"counters":[13,47],"Turnip":[7],"Whetstone":["Strike_G","Strike_G"],"Kunai":[4],"War Paint":["Defend_G","Escape Plan"],"obtain_stats":[{"NeowsBlessing":0,"FaceOfCleric":21,"Mango":23,"Turnip":6,"The Courier":9,"Whetstone":13,"Kunai":19,"War Paint":14,"Ring of the Snake":0,"Runic Pyramid":17},{"NeowsBlessing":0,"FaceOfCleric":10,"Mango":11,"Turnip":3,"The Courier":4,"Whetstone":7,"Kunai":9,"War Paint":7,"Ring of the Snake":0,"Runic Pyramid":8},{"NeowsBlessing":0,"FaceOfCleric":31,"Mango":37,"Turnip":4,"The Courier":6,"Whetstone":16,"Kunai":28,"War Paint":16,"Ring of the Snake":0,"Runic Pyramid":24}],"Ring of the Snake":[26]},"card_choices":[{"not_picked":["Blade Dance","Flying Knee"],"picked":"Noxious Fumes","floor":1},{"not_picked":["Eviscerate","Heel Hook"],"picked":"Bouncing Flask","floor":4},{"not_picked":["Cloak And Dagger","Riddle With Holes"],"picked":"Predator","floor":6},{"not_picked":["Acrobatics","Blur"],"picked":"Noxious Fumes","floor":8},{"not_picked":["Accuracy","Deadly Poison"],"picked":"Blur","floor":11},{"not_picked":["Cloak And Dagger","Backflip"],"picked":"Escape Plan","floor":12},{"not_picked":["Storm of Steel","Sucker Punch"],"picked":"PiercingWail","floor":13},{"not_picked":["Wraith Form v2","A Thousand Cuts"],"picked":"Bullet Time","floor":16},{"not_picked":["Backflip","Slice"],"picked":"Bouncing Flask+1","floor":18},{"not_picked":["Acrobatics","Backflip+1","Terror"],"picked":"SKIP","floor":20},{"not_picked":["Expertise","Poisoned Stab"],"picked":"Prepared+1","floor":23},{"not_picked":["Flying Knee","Deflect+1","PiercingWail"],"picked":"SKIP","floor":24},{"not_picked":["Flying Knee","PiercingWail"],"picked":"Deflect+1","floor":24}],"player_experience":2803269,"relics_obtained":[{"floor":6,"key":"Turnip"},{"floor":9,"key":"The Courier"},{"floor":13,"key":"Whetstone"},{"floor":23,"key":"Mango"}],"event_choices":[{"damage_healed":0,"gold_gain":150,"player_choice":"AGREE","damage_taken":0,"max_hp_gain":0,"max_hp_loss":0,"event_name":"Liars Game","floor":2,"gold_loss":0,"cards_obtained":["Doubt"]},{"damage_healed":0,"gold_gain":0,"player_choice":"Upgraded","damage_taken":0,"max_hp_gain":0,"max_hp_loss":0,"event_name":"Upgrade Shrine","floor":5,"gold_loss":0,"cards_upgraded":["Noxious Fumes"]},{"damage_healed":0,"gold_gain":0,"player_choice":"Obtained Relic","damage_taken":0,"relics_obtained":["Kunai"],"max_hp_gain":0,"max_hp_loss":0,"event_name":"Addict","floor":19,"gold_loss":85},{"damage_healed":0,"gold_gain":0,"player_choice":"Trade","damage_taken":0,"relics_obtained":["FaceOfCleric"],"max_hp_gain":0,"max_hp_loss":0,"event_name":"FaceTrader","floor":21,"gold_loss":0}],"is_beta":false,"boss_relics":[{"not_picked":["Calling Bell","Ring of the Serpent"],"picked":"Runic Pyramid"}],"items_purged_floors":[3],"is_endless":false,"potions_floor_spawned":[6,8,12,16,18,20],"killed_by":"Slavers","ascension_level":20}}