{"host":"ku7h2vk4czvj6teb","time":1608216982,"event":{"mods":["2.2 Compatiblity","AchievementEnabler","Aspiration","BaseMod","Better Altar","Better Match","Better Note","Better Sensory Stone","Better Skull","Better Third Choice","Better Vampires","BetterRewards","Block Reminder","Colored Map","Colored Powertips","Conspire","Downfall","Filter the Spire","Highlight Path","Hubris","Minty Spire (QoL Compilation)","Permanent Neow","Quick Restart","Rare Cards Sparkle","Relic Stats","Replay The Spire","Say the Spire","Shop Mod","Spicy Shops","StSLib","SuperFastMode","Swap Starting Deck Mod","Thieving Mod","Transform Curses","UnlockEverythingMod"],"gold_per_floor":[112,124,94,112,128,128,158,172,172,137,154,154,17,17,17,115,115,134,50,70,70,80,80,80,80,159,159,159,159,3,13,13,117,117,135,35,35,35,57,57],"floor_reached":39,"playtime":1486,"items_purged":[],"score":402,"play_id":"3a7fd0ea-a7f3-446a-b9e6-29e39e436b32","local_time":"20201217145622","is_ascension_mode":false,"campfire_choices":[{"floor":6,"key":"RECALL"},{"data":"Metamorphosis","floor":12,"key":"SMITH"},{"floor":15,"key":"REST"},{"floor":23,"key":"REST"},{"data":"Armaments","floor":27,"key":"SMITH"},{"floor":29,"key":"REST"}],"circlet_count":0,"master_deck":["Strike_R","Strike_R","Strike_R","Strike_R","Strike_R","Defend_R","Defend_R","Defend_R","Defend_R","Bash","Metamorphosis+1","Fire Breathing","Fire Breathing","Flex","ReplayReversal","Pommel Strike","Shrug It Off","Heavy Blade","Demon Form","Armaments+1","Normality","Eclipse","True Grit","Trip","Armaments","Decay","Flame Barrier","Armaments","expansioncontent:AwakenDeath","Sword Boomerang","Heavy Blade","hubris:StunningStrike","Hidden Blade+1","conspire:SpireCoStock","conspire:SpireCoStock","expansioncontent:DarkVoid","expansioncontent:LastStand","Writhe"],"relics":["Burning Blood","conspire:BottledYoYo","Lizard Tail","Vajra","hubris:ChampionShield","MealTicket","hubris:HollowSoul","betterThird:NestCultRelic","Self Forming Clay","Blood Vial","aspiration:RitualStick","aspiration:SilentSkillbook"],"acts_visited":["Exordium","TheCity","TheBeyond"],"potions_floor_usage":[7,7,11,16,16,31],"damage_taken":[{"damage":12,"enemies":"Small Slimes","floor":1,"turns":3},{"damage":1,"enemies":"Cultist","floor":2,"turns":4},{"damage":7,"enemies":"2 Louse","floor":4,"turns":4},{"damage":10,"enemies":"Exordium Thugs","floor":5,"turns":4},{"damage":35,"enemies":"3 Sentries","floor":7,"turns":7},{"damage":13,"enemies":"Gremlin Gang","floor":8,"turns":5},{"damage":17,"enemies":"3 Louse","floor":11,"turns":4},{"damage":12,"enemies":"Fading Forest","floor":16,"turns":11},{"damage":5,"enemies":"Shell Parasite","floor":18,"turns":3},{"damage":36,"enemies":"2 Thieves","floor":20,"turns":5},{"damage":25,"enemies":"Snecko","floor":22,"turns":6},{"damage":35,"enemies":"Snake Plant","floor":31,"turns":6},{"damage":58,"enemies":"Champ","floor":33,"turns":12},{"damage":78,"enemies":"3 Shapes","floor":35,"turns":5},{"damage":22,"enemies":"3 Darklings","floor":39,"turns":2}],"seed_played":"1995494698080460689","potions_obtained":[{"floor":1,"key":"Toxic Potion"},{"floor":7,"key":"Fire Potion"},{"floor":8,"key":"LiquidBronze"},{"floor":22,"key":"hexamod:EctoCoolerPotion"},{"floor":33,"key":"Dexterity Potion"},{"floor":35,"key":"champ:CounterPotion"}],"is_trial":false,"path_per_floor":["M","M","?","M","M","R","E","M","T","?","M","R","$","T","R","B",null,"M","$","M","?","M","R","?","?","T","R","?","R","$","M","R_BF","B",null,"M","?","?","?","M"],"character_chosen":"IRONCLAD","items_purchased":["conspire:BottledYoYo","Lizard Tail","champ:CounterPotion","Guardian:BlockOnCardUsePotion","DuplicationPotion","Metamorphosis","Fire Breathing","Armaments","MealTicket","Trip","expansioncontent:AwakenDeath","Sword Boomerang"],"campfire_rested":3,"item_purchase_floors":[0,0,0,0,0,0,0,13,13,19,30,30],"current_hp_per_floor":[74,79,79,78,74,74,45,38,38,58,47,47,47,47,71,75,80,80,80,50,50,31,55,55,55,55,55,34,58,73,46,30,22,80,8,8,8,28,0,0],"gold":57,"neow_bonus":"","is_daily":false,"chose_seed":false,"campfire_upgraded":2,"win_rate":0.0,"timestamp":1608216982,"path_taken":["M","M","?","?","M","R","E","M","T","?","M","R","$","?","R","BOSS","M","$","?","?","M","R","?","?","T","R","?","R","$","M","R_BF","BOSS","M","?","?","?","M"],"items_purchased_type":["Relic","Relic","Potion","Potion","Potion","Card","Card","Card","Relic","Card","Card","Card"],"build_version":"2020-12-13","purchased_purges":0,"victory":false,"max_hp_per_floor":[80,80,80,80,80,80,80,80,80,80,80,80,80,80,80,80,80,80,80,80,80,80,80,80,80,80,80,80,80,80,80,80,80,80,80,80,80,80,80,80],"relic_stats":{"Blood Vial":6,"Lizard Tail":40,"counters":[175,1012],"Self Forming Clay":[66],"MealTicket":15,"obtain_stats":[{"Ginger":4,"Whetstone":54,"Boot":26,"aspiration:RitualStick":32,"Blood Vial":6,"MealTicket":9,"HandDrill":0,"Kunai":0,"Replay:Wax Seal":47,"MerchantsRug":12,"conspire:TreasureMap":0,"Blue Candle":28,"Pen Nib":0,"Akabeko":7,"aspiration:FrozenJewel":10,"Ooze Armor":34,"Bird Faced Urn":0,"Pandora\u0027s Box":17,"aspiration:SilentSkillbook":34,"CultistMask":2,"Mark of Pain":34,"hubris:TenFootPole":7,"conspire:BottledYoYo":9,"aspiration:Lifesprig":24,"Torii":49,"Blue Doll":0,"King of Hearts":43,"Replay:Multitool":9,"Burning Blood":0,"conspire:InfiniteJournal":0,"Replay:Rubber Ducky":6,"Shovel":14,"hubris:ScarierMask":17,"hubris:CuriousFeather":46,"Chemical X":8,"hubris:ChampionShield":11,"aspiration:FutureDiary":17,"Lee\u0027s Waffle":8,"Golden Idol":3,"Self Forming Clay":26,"Thread and Needle":4,"The Courier":26,"betterThird:NestCultRelic":25,"Omamori":3,"Frozen Egg 2":4,"hubris:Towel":11,"Bloody Idol":21,"betterThird:SlimedRelic":10,"Bottled Lightning":12,"hubris:BottledRain":32,"hubris:CrystalStatue":19,"CeramicFish":28,"Vajra":22,"Sozu":17,"Lizard Tail":24,"HornCleat":30,"Strawberry":45,"Philosopher\u0027s Stone":17,"conspire:Dentures":3,"Happy Flower":26,"ReplayTheSpireMod:CursedCoin":10,"Oddly Smooth Stone":8,"hubris:HollowSoul":34,"Charon\u0027s Ashes":53,"War Paint":10,"Question Card":0,"WarpedTongs":3,"Replay:Baseball":26,"Bottled Flame":15,"Shuriken":23,"Bronze Scales":0,"Simple Rune":47,"ReplayTheSpireMod:TigerMarble":30,"hubris:ToyBattleship":23,"Grinning Jar":43,"Mirror":0,"SacredBark":34,"conspire:SpecialSausage":34,"Mango":47,"Juzu Bracelet":0,"ClockworkSouvenir":0,"aspiration:StickyExplosives_weak":6,"SsserpentHead":7,"TheAbacus":0,"hubris:Icosahedron":5,"Chameleon Ring":12,"Gambling Chip":28,"Red Mask":29,"Red Skull":14,"BargainBundle":0,"ReplayTheSpireMod:Ninjato":54,"aspiration:FetidBarrel":0,"Orichalcum":26,"White Beast Statue":10,"Mercury Hourglass":47,"Strange Spoon":47,"CaptainsWheel":0,"Anchor":2,"aspiration:WatcherSkillbook":17,"Membership Card":28,"ReplayTheSpireMod:ShopPack":8},{"Ginger":2,"Whetstone":126,"Boot":115,"aspiration:RitualStick":172,"Blood Vial":7,"MealTicket":4,"HandDrill":33,"Kunai":56,"Replay:Wax Seal":97,"MerchantsRug":74,"conspire:TreasureMap":56,"Blue Candle":138,"Pen Nib":101,"Akabeko":37,"aspiration:FrozenJewel":105,"Ooze Armor":139,"Bird Faced Urn":32,"Pandora\u0027s Box":19,"aspiration:SilentSkillbook":173,"CultistMask":1,"Mark of Pain":47,"hubris:TenFootPole":60,"conspire:BottledYoYo":84,"aspiration:Lifesprig":44,"Torii":55,"Blue Doll":80,"King of Hearts":95,"Replay:Multitool":156,"Burning Blood":0,"conspire:InfiniteJournal":33,"Replay:Rubber Ducky":146,"Shovel":40,"hubris:ScarierMask":109,"hubris:CuriousFeather":52,"Chemical X":17,"hubris:ChampionShield":38,"aspiration:FutureDiary":133,"Lee\u0027s Waffle":60,"Golden Idol":34,"Self Forming Clay":171,"Thread and Needle":151,"The Courier":65,"betterThird:NestCultRelic":171,"Omamori":103,"Frozen Egg 2":6,"hubris:Towel":18,"Bloody Idol":43,"betterThird:SlimedRelic":84,"Bottled Lightning":131,"hubris:BottledRain":46,"hubris:CrystalStatue":20,"CeramicFish":45,"Vajra":87,"Sozu":86,"Lizard Tail":24,"HornCleat":117,"Strawberry":52,"Philosopher\u0027s Stone":61,"conspire:Dentures":81,"Happy Flower":136,"ReplayTheSpireMod:CursedCoin":60,"Oddly Smooth Stone":17,"hubris:HollowSoul":119,"Charon\u0027s Ashes":125,"War Paint":130,"Question Card":127,"WarpedTongs":70,"Replay:Baseball":25,"Bottled Flame":40,"Shuriken":113,"Bronze Scales":127,"Simple Rune":97,"ReplayTheSpireMod:TigerMarble":68,"hubris:ToyBattleship":136,"Grinning Jar":123,"Mirror":127,"SacredBark":28,"conspire:SpecialSausage":92,"Mango":97,"Juzu Bracelet":142,"ClockworkSouvenir":33,"aspiration:StickyExplosives_weak":83,"SsserpentHead":104,"TheAbacus":101,"hubris:Icosahedron":104,"Chameleon Ring":106,"Gambling Chip":45,"Red Mask":117,"Red Skull":60,"BargainBundle":101,"ReplayTheSpireMod:Ninjato":100,"aspiration:FetidBarrel":33,"Orichalcum":44,"White Beast Statue":74,"Mercury Hourglass":124,"Strange Spoon":97,"CaptainsWheel":32,"Anchor":70,"aspiration:WatcherSkillbook":41,"Membership Card":45,"ReplayTheSpireMod:ShopPack":17},{"Ginger":9,"Whetstone":749,"Boot":687,"aspiration:RitualStick":988,"Blood Vial":36,"MealTicket":19,"HandDrill":182,"Kunai":334,"Replay:Wax Seal":568,"MerchantsRug":441,"conspire:TreasureMap":334,"Blue Candle":815,"Pen Nib":605,"Akabeko":196,"aspiration:FrozenJewel":625,"Ooze Armor":820,"Bird Faced Urn":176,"Pandora\u0027s Box":104,"aspiration:SilentSkillbook":1000,"CultistMask":4,"Mark of Pain":269,"hubris:TenFootPole":363,"conspire:BottledYoYo":486,"aspiration:Lifesprig":245,"Torii":323,"Blue Doll":474,"King of Hearts":560,"Replay:Multitool":900,"Burning Blood":0,"conspire:InfiniteJournal":182,"Replay:Rubber Ducky":845,"Shovel":216,"hubris:ScarierMask":651,"hubris:CuriousFeather":306,"Chemical X":90,"hubris:ChampionShield":206,"aspiration:FutureDiary":795,"Lee\u0027s Waffle":363,"Golden Idol":184,"Self Forming Clay":982,"Thread and Needle":870,"The Courier":403,"betterThird:NestCultRelic":982,"Omamori":613,"Frozen Egg 2":25,"hubris:Towel":96,"Bloody Idol":240,"betterThird:SlimedRelic":486,"Bottled Lightning":781,"hubris:BottledRain":258,"hubris:CrystalStatue":108,"CeramicFish":251,"Vajra":512,"Sozu":506,"Lizard Tail":128,"HornCleat":696,"Strawberry":306,"Philosopher\u0027s Stone":382,"conspire:Dentures":477,"Happy Flower":805,"ReplayTheSpireMod:CursedCoin":363,"Oddly Smooth Stone":90,"hubris:HollowSoul":709,"Charon\u0027s Ashes":742,"War Paint":775,"Question Card":762,"WarpedTongs":426,"Replay:Baseball":134,"Bottled Flame":216,"Shuriken":674,"Bronze Scales":762,"Simple Rune":568,"ReplayTheSpireMod:TigerMarble":419,"hubris:ToyBattleship":805,"Grinning Jar":728,"Mirror":762,"SacredBark":157,"conspire:SpecialSausage":546,"Mango":568,"Juzu Bracelet":827,"ClockworkSouvenir":182,"aspiration:StickyExplosives_weak":483,"SsserpentHead":617,"TheAbacus":605,"hubris:Icosahedron":617,"Chameleon Ring":634,"Gambling Chip":251,"Red Mask":696,"Red Skull":363,"BargainBundle":605,"ReplayTheSpireMod:Ninjato":601,"aspiration:FetidBarrel":182,"Orichalcum":245,"White Beast Statue":441,"Mercury Hourglass":732,"Strange Spoon":568,"CaptainsWheel":176,"Anchor":426,"aspiration:WatcherSkillbook":228,"Membership Card":251,"ReplayTheSpireMod:ShopPack":90}],"Burning Blood":857,"aspiration:RitualStick":[0]},"card_choices":[{"not_picked":["Headbutt","Body Slam"],"picked":"Fire Breathing","floor":1},{"not_picked":["Warcry","Wild Strike"],"picked":"Flex","floor":2},{"not_picked":["Reckless Charge","Twin Strike"],"picked":"ReplayReversal","floor":4},{"not_picked":["ReplayTheSpireMod:Strike From Hell","Havoc"],"picked":"Pommel Strike","floor":5},{"not_picked":["Body Slam","ReplayTheSpireMod:Strike From Hell"],"picked":"Shrug It Off","floor":7},{"not_picked":["Seeing Red","Cleave"],"picked":"Heavy Blade","floor":8},{"not_picked":["conspire:ExplosiveBarrier","Perfected Strike"],"picked":"Demon Form","floor":11},{"not_picked":["conspire:Purge","Corruption"],"picked":"Eclipse","floor":16},{"not_picked":["Dark Embrace","Headbutt"],"picked":"True Grit","floor":18},{"not_picked":["Iron Wave","ReplayTheSpireMod:Strike From Hell"],"picked":"Armaments","floor":20},{"not_picked":["Ghostly Armor+1","Demon Form"],"picked":"Flame Barrier","floor":22},{"not_picked":["hubris:ReadiedAction","Iron Wave"],"picked":"Heavy Blade","floor":31},{"not_picked":["Replay:Many Hands","Corruption"],"picked":"hubris:StunningStrike","floor":33},{"not_picked":["Prepared+1","Infernal Blade+1","Sword Boomerang+1"],"picked":"Hidden Blade+1","floor":35},{"not_picked":["expansioncontent:TimeRipple","Metamorphosis","Sadistic Nature"],"picked":"expansioncontent:DarkVoid","floor":37},{"not_picked":["expansioncontent:SlimeTackle","ReplayTheSpireMod:Uncanny Aura","Poisoned Strike"],"picked":"expansioncontent:LastStand","floor":37}],"player_experience":212042,"relics_obtained":[{"floor":7,"key":"Vajra"},{"floor":9,"key":"hubris:ChampionShield"},{"floor":26,"key":"Self Forming Clay"}],"event_choices":[{"damage_healed":0,"gold_gain":0,"player_choice":"Bought 2 Potions","damage_taken":0,"max_hp_gain":0,"max_hp_loss":0,"event_name":"The Woman in Blue","floor":3,"gold_loss":0},{"damage_healed":20,"gold_gain":0,"player_choice":"Healed","damage_taken":0,"max_hp_gain":0,"max_hp_loss":0,"event_name":"The Cleric","floor":10,"gold_loss":35},{"damage_healed":0,"gold_gain":0,"player_choice":"Cursed","damage_taken":0,"max_hp_gain":0,"max_hp_loss":0,"event_name":"Wheel of Change","floor":21,"gold_loss":0,"cards_obtained":["Decay"]},{"cards_removed":["Metamorphosis"],"damage_healed":0,"gold_gain":0,"player_choice":"Take \u0026 Give","damage_taken":0,"max_hp_gain":0,"max_hp_loss":0,"event_name":"betterNote:BetterNote","floor":24,"gold_loss":0,"cards_obtained":["Armaments"]},{"damage_healed":0,"gold_gain":0,"player_choice":"Madness","damage_taken":0,"relics_obtained":["betterThird:NestCultRelic"],"max_hp_gain":0,"max_hp_loss":0,"event_name":"betterThird:BetterNest","floor":25,"gold_loss":0},{"damage_healed":0,"gold_gain":0,"player_choice":" Vial ","damage_taken":21,"relics_obtained":["Blood Vial"],"max_hp_gain":55,"max_hp_loss":34,"event_name":"betterAltar:BetterAltar","floor":28,"potions_obtained":[],"relics_lost":[],"gold_loss":0},{"damage_healed":0,"gold_gain":0,"player_choice":"Invest 2","damage_taken":0,"max_hp_gain":0,"max_hp_loss":0,"event_name":"conspire:Investor","floor":36,"gold_loss":0},{"damage_healed":0,"gold_gain":3,"player_choice":"1","damage_taken":0,"max_hp_gain":0,"max_hp_loss":0,"event_name":"betterStone:BetterStone","floor":37,"gold_loss":0},{"damage_healed":20,"gold_gain":0,"player_choice":"Writhe","damage_taken":0,"max_hp_gain":0,"max_hp_loss":0,"event_name":"Winding Halls","floor":38,"gold_loss":0,"cards_obtained":["Writhe"]}],"is_beta":false,"boss_relics":[{"not_picked":["Honey Jar","Busted Crown"],"picked":"hubris:HollowSoul"},{"not_picked":["Runic Dome","Snecko Eye"],"picked":"aspiration:SilentSkillbook"}],"items_purged_floors":[],"is_endless":false,"potions_floor_spawned":[1,5,7,8,22,33,35],"killed_by":"3 Darklings","ascension_level":0}}