{"host":"fqid566djxhwi0rl","time":1608227677,"event":{"mods":["2.2 Compatiblity","AchievementEnabler","Aspiration","BaseMod","Downfall","Energized Spire","Faster Ascension Climbing","GifTheSpireLib","Minty Spire (QoL Compilation)","Replay The Spire","StSLib","The Blackbeard","The Gatherer","Trackpad","Yuri Mod"],"gold_per_floor":[113,127,146,176,176,176,229,260,260,260,298,347,347,392,392,512,512,548,548,399,324,354,354,407,445,445,493,526,579,616,756,756,879,879,914,914,950,950,950,950,996,996,996,436,436,17,55,97,97,117],"floor_reached":51,"playtime":3291,"items_purged":["Delirium","Sickly","blackbeard:Cutlass"],"score":1211,"play_id":"52fb5e62-5eff-4e01-acd2-351a3f4142aa","local_time":"20201217195437","is_ascension_mode":true,"campfire_choices":[{"data":"blackbeard:BuriedTreasure","floor":6,"key":"SMITH"},{"data":"blackbeard:WiseDefense","floor":10,"key":"SMITH"},{"data":"blackbeard:Anchor","floor":13,"key":"SMITH"},{"data":"blackbeard:Intoxication","floor":15,"key":"SMITH"},{"data":"blackbeard:WoodenLeg","floor":23,"key":"SMITH"},{"data":"blackbeard:BoostMorale","floor":32,"key":"SMITH"},{"data":"TalkToTheHand","floor":40,"key":"SMITH"},{"data":"blackbeard:WoodenLeg","floor":42,"key":"SMITH"},{"data":"blackbeard:CaptainsHat","floor":49,"key":"SMITH"}],"circlet_count":0,"master_deck":["blackbeard:IntimidatingStrike","blackbeard:BlackbeardDefend","blackbeard:BlackbeardDefend","blackbeard:BlackbeardDefend","blackbeard:BlackbeardDefend","blackbeard:PirateEarring+1","blackbeard:CloakAndCannonball","blackbeard:BuriedTreasure+1","blackbeard:Intoxication+1","blackbeard:WiseDefense+1","blackbeard:Anchor+1","blackbeard:Toast","blackbeard:Rum","blackbeard:Intoxication","blackbeard:TacticalRetreat+1","blackbeard:WoodenLeg+1","blackbeard:BoostMorale+1","blackbeard:PirateEarring","blackbeard:PiratesWill+1","blackbeard:WoodenLeg+1","blackbeard:PowerHungry+1","TalkToTheHand+1","Flechettes","Skewer","Dash","blackbeard:TerrorOfTheSeas+1","Scrawl+1","expansioncontent:QuickStudy+1","ReplayTheSpireMod:Private Reserves+1","blackbeard:CaptainsHat+1"],"relics":["blackbeard:LoadTheCannons","Juzu Bracelet","trackpad:BottledShadow","ReplayTheSpireMod:Lightbulb","trackpad:ToughGloves","Coffee Dripper","blackbeard:Spearhead","Garlic","trackpad:ByrdCharm","Pet Ghost","blackbeard:CannonballsOfSteel","Bird Faced Urn","Toxic Egg 2","aspiration:WatcherSkillbook","ReplayTheSpireMod:Ring of Challenge","CeramicFish","Eternal Feather","trackpad:BiPhaseBiplane","Chameleon Ring"],"acts_visited":["Exordium","TheCity","TheBeyond"],"potions_floor_usage":[8,12,14,14,14,14,27,31,35,50],"damage_taken":[{"damage":0,"enemies":"Cultist","floor":1,"turns":4},{"damage":2,"enemies":"2 Louse","floor":2,"turns":3},{"damage":7,"enemies":"Jaw Worm","floor":3,"turns":3},{"damage":4,"enemies":"Looter","floor":4,"turns":3},{"damage":7,"enemies":"Replay:BlueRogue","floor":7,"turns":7},{"damage":7,"enemies":"Exordium Wildlife","floor":8,"turns":6},{"damage":0,"enemies":"Red Slaver","floor":11,"turns":4},{"damage":12,"enemies":"Lagavulin","floor":12,"turns":11},{"damage":11,"enemies":"Gremlin Nob","floor":14,"turns":4},{"damage":21,"enemies":"Slime Boss","floor":16,"turns":25},{"damage":0,"enemies":"Spheric Guardian","floor":18,"turns":6},{"damage":0,"enemies":"Shell Parasite","floor":22,"turns":9},{"damage":0,"enemies":"Book of Stabbing","floor":24,"turns":8},{"damage":2,"enemies":"Chosen and Byrds","floor":25,"turns":8},{"damage":0,"enemies":"Slavers","floor":27,"turns":7},{"damage":0,"enemies":"Centurion and Healer","floor":28,"turns":6},{"damage":0,"enemies":"Snake Plant","floor":30,"turns":5},{"damage":0,"enemies":"Colosseum Slavers","floor":31,"turns":5},{"damage":7,"enemies":"Colosseum Nobs","floor":31,"turns":7},{"damage":0,"enemies":"Automaton","floor":33,"turns":11},{"damage":0,"enemies":"3 Darklings","floor":35,"turns":6},{"damage":0,"enemies":"3 Shapes","floor":37,"turns":5},{"damage":0,"enemies":"R_Hoarder","floor":41,"turns":7},{"damage":0,"enemies":"Jaw Worm Horde","floor":47,"turns":5},{"damage":0,"enemies":"Sphere and 2 Shapes","floor":48,"turns":4},{"damage":0,"enemies":"Donu and Deca","floor":50,"turns":7}],"seed_played":"839773748648316553","potions_obtained":[{"floor":3,"key":"Elixir"},{"floor":4,"key":"EntropicBrew"},{"floor":7,"key":"SneckoOil"},{"floor":12,"key":"FearPotion"},{"floor":14,"key":"LiquidBronze"},{"floor":16,"key":"ColorlessPotion"},{"floor":24,"key":"DistilledChaos"},{"floor":27,"key":"BlessingOfTheForge"},{"floor":33,"key":"Explosive Potion"},{"floor":41,"key":"Fire Potion"}],"is_trial":false,"path_per_floor":["M","M","M","M","?","R","E","M","T","R","M","E","R","E","R","B",null,"M","?","$","?","M","R","E","M","T","E","M","T","M","?","R","B",null,"M","?","M","?","?","R","E","R","T","$","?","$","M","M","R","B",null],"character_chosen":"BLACKBEARD_CLASS","items_purchased":["blackbeard:WoodenLeg","trackpad:BiPhaseBiplane","blackbeard:TerrorOfTheSeas+1","Chameleon Ring","Scrawl+1","expansioncontent:QuickStudy+1","ReplayTheSpireMod:Private Reserves+1"],"campfire_rested":0,"item_purchase_floors":[20,44,44,44,46,46,46],"current_hp_per_floor":[75,73,66,62,62,62,55,48,48,48,48,36,36,25,25,4,63,63,63,63,63,63,63,63,61,61,61,61,61,61,54,54,70,79,82,82,82,82,82,82,82,82,82,82,78,78,78,78,78,78],"gold":117,"neow_bonus":"TEN_PERCENT_HP_BONUS","is_daily":false,"chose_seed":false,"campfire_upgraded":9,"win_rate":0.0,"timestamp":1608227677,"path_taken":["M","M","?","M","?","R","E","M","T","R","M","E","R","E","R","BOSS","M","?","$","?","M","R","E","M","T","E","M","?","M","?","R","BOSS","M","?","M","?","?","R","E","R","T","$","?","$","M","M","R","BOSS"],"items_purchased_type":["Card","Relic","Card","Relic","Card","Card","Card"],"build_version":"2020-12-13","purchased_purges":3,"victory":true,"max_hp_per_floor":[82,82,82,82,82,82,82,82,82,82,82,82,82,82,82,82,82,82,82,82,82,82,82,82,82,82,82,82,82,82,82,82,82,82,82,82,82,82,82,82,82,82,82,82,78,78,78,78,78,78],"card_choices":[{"not_picked":["blackbeard:CloakAndCannonball","blackbeard:BeatUp"],"picked":"blackbeard:PirateEarring","floor":1},{"not_picked":["blackbeard:BeatUp","blackbeard:Boarding"],"picked":"blackbeard:CloakAndCannonball","floor":2},{"not_picked":["blackbeard:BeatUp","blackbeard:Fencing"],"picked":"blackbeard:BuriedTreasure","floor":3},{"not_picked":["blackbeard:CannonBarrage","blackbeard:SwordDance","blackbeard:Dagger"],"picked":"SKIP","floor":4},{"not_picked":["blackbeard:Recklessness","blackbeard:FishingNets"],"picked":"blackbeard:Intoxication","floor":7},{"not_picked":["blackbeard:GhostInTheRum","blackbeard:DoubleCannonball"],"picked":"blackbeard:WiseDefense","floor":8},{"not_picked":["blackbeard:ArmorUp","blackbeard:Dagger"],"picked":"blackbeard:Anchor","floor":11},{"not_picked":["blackbeard:Scrap","blackbeard:Dagger"],"picked":"blackbeard:Toast","floor":12},{"not_picked":["blackbeard:BeatUp","blackbeard:SwordDance"],"picked":"blackbeard:Rum","floor":14},{"not_picked":["blackbeard:CaptainsHat","blackbeard:Halberd"],"picked":"blackbeard:Intoxication","floor":16},{"not_picked":["blackbeard:SmithingHammer+1","blackbeard:Spear"],"picked":"blackbeard:TacticalRetreat+1","floor":18},{"not_picked":["blackbeard:DeadlyArsenal+1","blackbeard:BlindAttacks","blackbeard:FieryDefense"],"picked":"SKIP","floor":22},{"not_picked":["blackbeard:CatONineTails","blackbeard:BrownPants"],"picked":"blackbeard:BoostMorale","floor":24},{"not_picked":["blackbeard:GhostInTheRum+1","blackbeard:Eyepatch+1"],"picked":"blackbeard:PirateEarring","floor":25},{"not_picked":["blackbeard:Bandana","blackbeard:TerrorOfTheSeas"],"picked":"blackbeard:PiratesWill+1","floor":27},{"not_picked":["blackbeard:Sword","blackbeard:TacticalRetreat+1","blackbeard:Dagger"],"picked":"SKIP","floor":28},{"not_picked":["blackbeard:RearmingStrike","blackbeard:Dagger+1","blackbeard:Recklessness"],"picked":"SKIP","floor":30},{"not_picked":["blackbeard:GoldenDefense+1","blackbeard:Parrot"],"picked":"blackbeard:WoodenLeg","floor":31},{"not_picked":["blackbeard:ReapersScythe+1","blackbeard:Salvager"],"picked":"blackbeard:PowerHungry+1","floor":33},{"not_picked":["blackbeard:Dagger+1","WindmillStrike+1","blackbeard:BeatUp+1"],"picked":"TalkToTheHand","floor":35},{"not_picked":["Sanctity+1","Replay:Cycle+1","blackbeard:DoubleBottom+1","blackbeard:BeatUp"],"picked":"SKIP","floor":37},{"not_picked":["blackbeard:BlindAttacks","WheelKick","ForeignInfluence+1","Replay:DivineShield+1"],"picked":"SKIP","floor":41},{"not_picked":["PathToVictory+1","blackbeard:Shrapnel+1","ThirdEye+1","blackbeard:Fencing+1"],"picked":"SKIP","floor":47},{"not_picked":["blackbeard:BlindAttacks+1","blackbeard:CloakAndCannonball+1","Sanctity+1"],"picked":"blackbeard:CaptainsHat","floor":48}],"player_experience":707833,"relics_obtained":[{"floor":7,"key":"Juzu Bracelet"},{"floor":9,"key":"trackpad:BottledShadow"},{"floor":12,"key":"ReplayTheSpireMod:Lightbulb"},{"floor":14,"key":"trackpad:ToughGloves"},{"floor":24,"key":"Garlic"},{"floor":26,"key":"trackpad:ByrdCharm"},{"floor":27,"key":"Pet Ghost"},{"floor":29,"key":"blackbeard:CannonballsOfSteel"},{"floor":31,"key":"Bird Faced Urn"},{"floor":31,"key":"Toxic Egg 2"},{"floor":38,"key":"ReplayTheSpireMod:Ring of Challenge"},{"floor":41,"key":"CeramicFish"},{"floor":43,"key":"Eternal Feather"}],"event_choices":[{"damage_healed":0,"gold_gain":0,"player_choice":"Upgraded","damage_taken":0,"max_hp_gain":0,"max_hp_loss":0,"event_name":"Upgrade Shrine","floor":5,"gold_loss":0,"cards_upgraded":["blackbeard:PirateEarring"]},{"cards_removed":["blackbeard:BlackbeardStrike"],"damage_healed":0,"gold_gain":0,"player_choice":"Gave Gold","damage_taken":0,"max_hp_gain":0,"max_hp_loss":0,"event_name":"Beggar","floor":21,"gold_loss":75},{"damage_healed":0,"gold_gain":0,"player_choice":"Fight","damage_taken":0,"max_hp_gain":0,"max_hp_loss":0,"event_name":"Colosseum","floor":31,"gold_loss":0},{"damage_healed":0,"gold_gain":0,"player_choice":"Fought Nobs","damage_taken":0,"max_hp_gain":0,"max_hp_loss":0,"event_name":"Colosseum","floor":31,"gold_loss":0},{"damage_healed":0,"gold_gain":0,"player_choice":"Ignored","damage_taken":0,"max_hp_gain":0,"max_hp_loss":0,"event_name":"Tomb of Lord Red Mask","floor":39,"gold_loss":0},{"damage_healed":0,"gold_gain":0,"player_choice":"Max HP","damage_taken":0,"max_hp_gain":0,"max_hp_loss":4,"event_name":"Winding Halls","floor":45,"gold_loss":0}],"is_beta":false,"boss_relics":[{"not_picked":["Velvet Choker","SacredBark"],"picked":"Coffee Dripper"},{"not_picked":["Sozu","blackbeard:Karategi"],"picked":"aspiration:WatcherSkillbook"}],"items_purged_floors":[20,44,46],"is_endless":false,"potions_floor_spawned":[3,4,7,12,14,16,18,24,27,33,41,48],"ascension_level":7}}