{"host":"in454gsrrg4x7o56","time":1608228041,"event":{"mods":["BaseMod","Colored Powertips","Curses Come First","Hermit","Minty Spire (QoL Compilation)","Quick Restart","StSLib","The Cursed"],"gold_per_floor":[117,117,133,149,6,6,67,67,67,67,82,99,99,111,111,213,213,223,223,148,68,68,68,82,101,127,146,146,146,163,173,173,173,173],"floor_reached":33,"playtime":2566,"items_purged":[],"score":239,"play_id":"e2146c66-b42f-4058-a401-6d24f66be97f","local_time":"20201217130041","is_ascension_mode":false,"campfire_choices":[{"floor":6,"key":"REST"},{"floor":8,"key":"RECALL"},{"data":"hermit:FlashPowder","floor":15,"key":"SMITH"},{"floor":23,"key":"REST"},{"floor":29,"key":"REST"},{"floor":32,"key":"REST"}],"circlet_count":0,"master_deck":["hermit:Strike_Hermit","hermit:Strike_Hermit","hermit:Strike_Hermit","hermit:Strike_Hermit","hermit:Defend_Hermit+1","hermit:Defend_Hermit","hermit:Defend_Hermit","hermit:Defend_Hermit","hermit:Snapshot+1","hermit:Covet","hermit:Roulette","hermit:Quickdraw","hermit:Showdown","hermit:Vantage","hermit:Brawl","hermit:FlashPowder+1","hermit:FlashPowder+1","hermit:FlashPowder","hermit:BlackWind","Necronomicurse","hermit:GoldenBullet+1","hermit:Glare+1","hermit:Horror+1"],"relics":["hermit:Momento","hermit:CharredGlove","Singing Bowl","Torii","White Beast Statue","Runic Pyramid","Necronomicon","Calipers"],"acts_visited":["Exordium","TheCity"],"potions_floor_usage":[3,7,12,16,24,24,25,31,31,33,33],"damage_taken":[{"damage":1,"enemies":"Jaw Worm","floor":1,"turns":3},{"damage":0,"enemies":"2 Louse","floor":3,"turns":2},{"damage":0,"enemies":"Small Slimes","floor":4,"turns":2},{"damage":13,"enemies":"3 Sentries","floor":7,"turns":6},{"damage":1,"enemies":"3 Louse","floor":11,"turns":3},{"damage":3,"enemies":"Large Slime","floor":12,"turns":6},{"damage":0,"enemies":"Exordium Wildlife","floor":14,"turns":6},{"damage":36,"enemies":"Slime Boss","floor":16,"turns":11},{"damage":10,"enemies":"Spheric Guardian","floor":18,"turns":4},{"damage":19,"enemies":"2 Thieves","floor":24,"turns":3},{"damage":12,"enemies":"Cultist and Chosen","floor":25,"turns":6},{"damage":2,"enemies":"Snake Plant","floor":27,"turns":2},{"damage":2,"enemies":"Snecko","floor":30,"turns":4},{"damage":0,"enemies":"Cultist and Chosen","floor":31,"turns":4},{"damage":93,"enemies":"Collector","floor":33,"turns":11}],"seed_played":"-8568339315913771899","potions_obtained":[{"floor":1,"key":"SkillPotion"},{"floor":11,"key":"Explosive Potion"},{"floor":14,"key":"Fire Potion"},{"floor":16,"key":"PowerPotion"},{"floor":18,"key":"Fire Potion"},{"floor":24,"key":"DuplicationPotion"},{"floor":25,"key":"Strength Potion"},{"floor":27,"key":"Block Potion"},{"floor":30,"key":"Block Potion"},{"floor":31,"key":"PowerPotion"}],"is_trial":false,"path_per_floor":["M","?","M","M","$","R","?","R","T","?","M","M","?","M","R","B",null,"M","?","?","$","T","R","M","M","T","M","?","R","M","M","R","B"],"character_chosen":"HERMIT","items_purchased":["hermit:Vantage","hermit:Brawl","BlessingOfTheForge","hermit:GoldenBullet"],"campfire_rested":4,"item_purchase_floors":[5,5,5,21],"current_hp_per_floor":[74,59,59,59,59,75,62,62,62,62,61,58,55,57,57,21,77,69,53,53,53,53,76,59,49,49,47,47,71,71,71,85,0,0],"gold":173,"neow_bonus":"ONE_RARE_RELIC","is_daily":false,"chose_seed":false,"campfire_upgraded":1,"win_rate":0.0,"timestamp":1608228041,"path_taken":["M","?","M","M","$","R","?","R","T","?","M","M","?","M","R","BOSS","M","?","?","$","?","R","M","?","T","M","?","R","M","M","R","BOSS"],"items_purchased_type":["Card","Card","Potion","Card"],"build_version":"2020-12-13","purchased_purges":0,"victory":false,"max_hp_per_floor":[75,75,75,75,75,75,75,75,75,75,75,75,75,77,77,77,77,79,79,79,79,79,79,81,83,83,83,83,83,85,85,85,85,85],"card_choices":[{"not_picked":["hermit:HoleUp","hermit:Ricochet"],"picked":"hermit:Roulette","floor":1},{"not_picked":["hermit:LoneWolf","hermit:Grudge"],"picked":"hermit:Quickdraw","floor":3},{"not_picked":["hermit:Dive","hermit:CalledShot"],"picked":"hermit:Showdown","floor":4},{"not_picked":["hermit:Feint","hermit:Reprieve"],"picked":"hermit:FlashPowder","floor":7},{"not_picked":["hermit:CursedWeapon","hermit:SprayPray"],"picked":"hermit:FlashPowder","floor":11},{"not_picked":["hermit:Feint","hermit:Manifest"],"picked":"hermit:FlashPowder","floor":12},{"not_picked":["hermit:Combo","hermit:Quickdraw","hermit:Shortfuse"],"picked":"Singing Bowl","floor":14},{"not_picked":["hermit:HighNoon","hermit:Gambit"],"picked":"hermit:BlackWind","floor":16},{"not_picked":["hermit:Snipe+1","hermit:Quickdraw","hermit:BodyArmor"],"picked":"Singing Bowl","floor":18},{"not_picked":["hermit:Snipe","hermit:Virtue","hermit:Headshot"],"picked":"Singing Bowl","floor":24},{"not_picked":["hermit:SprayPray","hermit:Dissolve","hermit:Vantage"],"picked":"Singing Bowl","floor":25},{"not_picked":["hermit:HoleUp","hermit:Coalescence+1"],"picked":"hermit:Glare+1","floor":27},{"not_picked":["hermit:Cheat","hermit:Showdown","hermit:Coalescence"],"picked":"Singing Bowl","floor":30},{"not_picked":["hermit:SprayPray+1","hermit:HighCaliber+1"],"picked":"hermit:Horror+1","floor":31}],"player_experience":914884,"relics_obtained":[{"floor":7,"key":"Singing Bowl"},{"floor":9,"key":"Torii"},{"floor":19,"key":"Necronomicon"},{"floor":22,"key":"Calipers"}],"event_choices":[{"damage_healed":0,"gold_gain":0,"player_choice":"Entered Light","damage_taken":15,"max_hp_gain":0,"max_hp_loss":0,"event_name":"Shining Light","floor":2,"gold_loss":0,"cards_upgraded":["hermit:Defend_Hermit","hermit:Snapshot"]},{"damage_healed":0,"gold_gain":0,"player_choice":"Searched \u00271\u0027 times","damage_taken":0,"max_hp_gain":0,"max_hp_loss":0,"event_name":"Dead Adventurer","floor":7,"gold_loss":0},{"damage_healed":0,"gold_gain":0,"player_choice":"Grow","damage_taken":0,"max_hp_gain":0,"max_hp_loss":0,"event_name":"Living Wall","floor":10,"gold_loss":0,"cards_upgraded":["hermit:FlashPowder"]},{"damage_healed":0,"gold_gain":0,"player_choice":"Success","damage_taken":3,"relics_obtained":["White Beast Statue"],"max_hp_gain":0,"max_hp_loss":0,"event_name":"Scrap Ooze","floor":13,"gold_loss":0},{"damage_healed":0,"gold_gain":0,"player_choice":"Obtained Book","damage_taken":16,"max_hp_gain":0,"max_hp_loss":0,"event_name":"Cursed Tome","floor":19,"gold_loss":0},{"cards_removed":["TheCursedMod:Dregs"],"damage_healed":0,"gold_gain":0,"player_choice":"Gave Gold","damage_taken":0,"max_hp_gain":0,"max_hp_loss":0,"event_name":"Beggar","floor":20,"gold_loss":75},{"damage_healed":0,"gold_gain":0,"player_choice":"Upgraded","damage_taken":0,"max_hp_gain":0,"max_hp_loss":0,"event_name":"Upgrade Shrine","floor":28,"gold_loss":0,"cards_upgraded":["hermit:GoldenBullet"]}],"is_beta":false,"boss_relics":[{"not_picked":["Empty Cage","Runic Dome"],"picked":"Runic Pyramid"}],"items_purged_floors":[],"is_endless":false,"potions_floor_spawned":[1,11,14,16,18,24,25,27,30,31],"killed_by":"Collector","ascension_level":0}}