{"host":"f7rb14kzcw8hx1r1","time":1608226876,"event":{"mods":["BaseMod","Better Note","Better Third Choice","Colored Map","Highlight Path","Hubris","Minty Spire (QoL Compilation)","Replay The Spire","StSLib"],"gold_per_floor":[118,132,151,226,226,226,226,226,251,267,281,356,356,375,375,480,480,499,68,78,92,92,139,150,184,184,63,63,63,63,73,73,168,168,186,205,105,105,125,158,171,171,194,194,12,62,62,80,80,80],"floor_reached":51,"playtime":2065,"items_purged":["Strike_B","Strike_B","Languid","Strike_B"],"score":687,"play_id":"101d12aa-c32b-4ebb-a1ba-872c62114a1d","local_time":"20201217184116","is_ascension_mode":false,"campfire_choices":[{"data":"Zap","floor":6,"key":"SMITH"},{"data":"ReplayTheSpireMod:Calculation Training","floor":8,"key":"SMITH"},{"data":"Fusion","floor":13,"key":"SMITH"},{"data":"Hologram","floor":15,"key":"SMITH"},{"floor":30,"key":"REST"},{"data":"After Image","floor":32,"key":"SMITH"},{"data":"Creative AI","floor":42,"key":"SMITH"},{"data":"Capacitor","floor":44,"key":"SMITH"},{"data":"Loop","floor":47,"key":"SMITH"},{"floor":49,"key":"REST"}],"circlet_count":0,"master_deck":["Strike_B","Defend_B","Defend_B","Defend_B","Defend_B","Zap+1","Dualcast+1","ReplayTheSpireMod:Calculation Training+1","Capacitor+1","Auto Shields","Fusion+1","Hologram+1","Sweeping Beam","Core Surge","Steam+1","Cold Snap","Barrage+1","Leap+1","After Image+1","Coolheaded","Creative AI+1","CurseOfTheBell","Sweeping Beam+1","Ball Lightning","Loop+1","ReplayTheSpireMod:Calculation Training+1","Coolheaded+1"],"relics":["FrozenCore","Blood Vial","Symbiotic Virus","PreservedInsect","Bronze Scales","The Courier","hubris:BallOfYels","Mummified Hand","Du-Vu Doll","Calling Bell","Ancient Tea Set","hubris:BottledRain","Quantum Egg","Replay:Baseball","TungstenRod"],"acts_visited":["Exordium","TheCity","TheBeyond"],"potions_floor_usage":[25,33,39,48,50,50],"damage_taken":[{"damage":1,"enemies":"Cultist","floor":1,"turns":3},{"damage":0,"enemies":"2 Louse","floor":2,"turns":2},{"damage":1,"enemies":"Jaw Worm","floor":3,"turns":3},{"damage":5,"enemies":"Looter","floor":10,"turns":3},{"damage":3,"enemies":"Blue Slaver","floor":11,"turns":3},{"damage":7,"enemies":"Lots of Slimes","floor":14,"turns":5},{"damage":20,"enemies":"The Guardian","floor":16,"turns":10},{"damage":5,"enemies":"Shell Parasite","floor":18,"turns":8},{"damage":4,"enemies":"3 Byrds","floor":20,"turns":2},{"damage":12,"enemies":"Snake Plant","floor":21,"turns":4},{"damage":0,"enemies":"Cultist and Chosen","floor":24,"turns":6},{"damage":14,"enemies":"Gremlin Leader","floor":25,"turns":7},{"damage":0,"enemies":"Snecko","floor":31,"turns":5},{"damage":2,"enemies":"Automaton","floor":33,"turns":11},{"damage":10,"enemies":"Orb Walker","floor":35,"turns":5},{"damage":0,"enemies":"3 Darklings","floor":36,"turns":7},{"damage":20,"enemies":"Writhing Mass","floor":39,"turns":10},{"damage":13,"enemies":"R_Hoarder","floor":40,"turns":9},{"damage":5,"enemies":"4 Shapes","floor":41,"turns":5},{"damage":0,"enemies":"Mind Bloom Boss Battle","floor":46,"turns":7},{"damage":14,"enemies":"Transient","floor":48,"turns":5},{"damage":34,"enemies":"Donu and Deca","floor":50,"turns":8}],"seed_played":"-3456614948107798463","potions_obtained":[{"floor":1,"key":"PotionOfCapacity"},{"floor":10,"key":"Swift Potion"},{"floor":16,"key":"EssenceOfDarkness"},{"floor":23,"key":"SkillPotion"},{"floor":25,"key":"GamblersBrew"},{"floor":33,"key":"Milkshake"},{"floor":40,"key":"SmokeBomb"},{"floor":41,"key":"Languid Potion"},{"floor":46,"key":"Weak Potion"}],"is_trial":false,"path_per_floor":["M","M","M","?","?","R","?","R","T","M","M","T","R","M","R","B",null,"M","$","M","M","?","?","M","E","T","$","?","?","R","M","R","B",null,"M","M","$","?","M","E","M","R","T","R","$","?","R","M","R","B",null],"character_chosen":"DEFECT","items_purchased":["Cold Snap","PreservedInsect","Bronze Scales","Coolheaded","Loop"],"campfire_rested":2,"item_purchase_floors":[19,19,19,27,45],"current_hp_per_floor":[81,81,80,69,69,69,69,69,69,66,65,65,65,60,60,42,82,77,77,75,65,65,45,47,35,35,35,19,19,43,45,45,45,82,72,74,74,74,56,45,42,42,42,42,42,44,44,32,55,23],"gold":80,"neow_bonus":"TEN_PERCENT_HP_BONUS","is_daily":false,"chose_seed":false,"campfire_upgraded":8,"win_rate":0.0,"timestamp":1608226876,"path_taken":["M","M","?","?","?","R","?","R","T","M","M","?","R","?","R","BOSS","M","$","M","?","?","?","M","E","T","$","?","?","R","M","R","BOSS","M","M","$","?","M","E","M","R","T","R","$","?","R","M","R","BOSS"],"items_purchased_type":["Card","Relic","Relic","Card","Card"],"build_version":"2020-12-13","purchased_purges":4,"victory":true,"max_hp_per_floor":[82,82,82,82,82,82,82,82,82,82,82,82,82,82,82,82,82,82,82,82,82,82,82,82,82,82,82,82,82,82,82,82,82,82,82,82,82,78,78,78,78,78,78,78,78,78,78,78,78,78],"card_choices":[{"not_picked":["Hello World","Chaos"],"picked":"ReplayTheSpireMod:Calculation Training","floor":1},{"not_picked":["Force Field","Aggregate"],"picked":"Capacitor","floor":2},{"not_picked":["Beam Cell","Turbo"],"picked":"Auto Shields","floor":3},{"not_picked":["Compile Driver","Leap"],"picked":"Fusion","floor":10},{"not_picked":["Leap","ReplayRNGCard"],"picked":"Hologram","floor":11},{"not_picked":["Heatsinks","Auto Shields"],"picked":"Sweeping Beam","floor":14},{"not_picked":["Biased Cognition","hubris:SpecializedCircuitry"],"picked":"Core Surge","floor":16},{"not_picked":["Darkness","Sweeping Beam"],"picked":"Steam+1","floor":18},{"not_picked":["Panic Button+1","Hologram+1"],"picked":"Barrage+1","floor":20},{"not_picked":["Blizzard","ReplaySolidLightProjector"],"picked":"Leap+1","floor":21},{"not_picked":["Rebound","BasicCrystalCard","Reprogram"],"picked":"SKIP","floor":24},{"not_picked":["Panic Button","Streamline","Force Field"],"picked":"SKIP","floor":25},{"not_picked":["Rebound","Consume","Streamline+1"],"picked":"SKIP","floor":31},{"not_picked":["Reboot","ReplayTheSpireMod:Omega Cannon"],"picked":"Creative AI","floor":33},{"not_picked":["Cold Snap+1","Redo+1"],"picked":"Sweeping Beam+1","floor":35},{"not_picked":["hubris:Ukulele","Force Field+1","Steam+1"],"picked":"SKIP","floor":36},{"not_picked":["Conserve Battery+1","Undo"],"picked":"Ball Lightning","floor":39},{"not_picked":["Streamline","Steam Power+1","hubris:Ukulele"],"picked":"SKIP","floor":40},{"not_picked":["Sweeping Beam+1","Hello World","Go for the Eyes+1"],"picked":"SKIP","floor":41},{"not_picked":["Rip and Tear","ReplayTheSpireMod:Omega Cannon"],"picked":"ReplayTheSpireMod:Calculation Training+1","floor":46},{"not_picked":["Hologram+1","Panic Button"],"picked":"Coolheaded+1","floor":48}],"player_experience":829391,"relics_obtained":[{"floor":9,"key":"Blood Vial"},{"floor":12,"key":"Symbiotic Virus"},{"floor":23,"key":"The Courier"},{"floor":25,"key":"hubris:BallOfYels"},{"floor":26,"key":"Mummified Hand"},{"floor":34,"key":"Ancient Tea Set"},{"floor":34,"key":"hubris:BottledRain"},{"floor":40,"key":"Quantum Egg"},{"floor":43,"key":"Replay:Baseball"},{"floor":46,"key":"TungstenRod"}],"event_choices":[{"damage_healed":0,"gold_gain":75,"player_choice":"Gold","damage_taken":11,"max_hp_gain":0,"max_hp_loss":0,"event_name":"betterThird:BetterGoop","floor":4,"gold_loss":0},{"cards_removed":["Core Surge"],"damage_healed":0,"gold_gain":0,"player_choice":"Take \u0026 Give","damage_taken":0,"max_hp_gain":0,"max_hp_loss":0,"event_name":"betterNote:BetterNote","floor":22,"gold_loss":0,"cards_obtained":["After Image"]},{"damage_healed":0,"gold_gain":0,"player_choice":"Obtained Book","damage_taken":16,"max_hp_gain":0,"max_hp_loss":0,"event_name":"Cursed Tome","floor":28,"gold_loss":0},{"damage_healed":0,"gold_gain":0,"player_choice":"Max HP","damage_taken":0,"max_hp_gain":0,"max_hp_loss":4,"event_name":"Winding Halls","floor":38,"gold_loss":0},{"damage_healed":0,"gold_gain":0,"player_choice":"Fight","damage_taken":0,"max_hp_gain":0,"max_hp_loss":0,"event_name":"MindBloom","floor":46,"gold_loss":0}],"is_beta":false,"boss_relics":[{"not_picked":["Runic Dome","Nuclear Battery"],"picked":"FrozenCore"},{"not_picked":["ReplayTheSpireMod:DimensionalGlitch","ChewingGum"],"picked":"Calling Bell"}],"items_purged_floors":[19,27,37,45],"is_endless":false,"potions_floor_spawned":[1,10,16,24,25,33,40,41,46],"ascension_level":0}}