{"host":"ye7dkdlypz0ka1od","time":1608243120,"event":{"mods":["Aspiration","BaseMod","Downfall","Infinite Spire","Marisa????????","Minty Spire (QoL Compilation)","StSLib","The Exalted"],"gold_per_floor":[117,127,127,147,158,158,158,158,158,158,158,158,13,36,36,164,164,189,210,235,250,263,263,294,314,314,348,366,9,9,32,32,151,151,164,164,0,0,0,33,33,49,73,94,94,112,112,176,176,302,302,310,318,193,201,223,235,235,243,243,243,243,244,244,244,244,338,338,339,344,337,337,143,143,153,155,207,207,200,202,202,277,277,349,349,333,333,323,63,59,59,13,19,46,46,268,268,268,263,263],"floor_reached":99,"playtime":4767,"items_purged":["Bromod:Defend_Bro","Bromod:Defend_Bro","Bromod:Defend_Bro","Bromod:Strike_Bro"],"score":1790,"play_id":"d0af9971-ff3c-4d81-a402-d41a35624756","local_time":"20201217171200","is_ascension_mode":false,"campfire_choices":[{"data":"expansioncontent:QuickStudy","floor":6,"key":"SMITH"},{"data":"Bromod:SlashDash","floor":8,"key":"SMITH"},{"data":"Bromod:SlashDash","floor":11,"key":"SMITH"},{"data":"Bromod:SlashDash","floor":15,"key":"SMITH"},{"floor":30,"key":"REST"},{"floor":32,"key":"REST"},{"data":"Bromod:ToxicBarrage","floor":41,"key":"SMITH"},{"data":"Madness","floor":45,"key":"SMITH"},{"floor":47,"key":"REST"},{"data":"Madness","floor":49,"key":"SMITH"},{"data":"Bromod:RadialJavelin","floor":58,"key":"SMITH"},{"data":"Bromod:FastHands","floor":61,"key":"SMITH"},{"data":"Bromod:FastHands","floor":64,"key":"SMITH"},{"data":"Bromod:QuickDraw","floor":66,"key":"SMITH"},{"data":"StarBarrage","floor":74,"key":"SMITH"},{"floor":78,"key":"REST"},{"floor":83,"key":"RECALL"},{"data":"Bromod:Vitality","floor":91,"key":"SMITH"},{"floor":95,"key":"REST"},{"data":"Guardian:StasisEngine","floor":97,"key":"SMITH"}],"circlet_count":0,"master_deck":["Bromod:SlashDash+1","Bromod:SlashDash+1","Bromod:SlashDash","expansioncontent:QuickStudy+1","Bromod:OrganShatter","Bromod:QuickDraw+1","Bromod:Vitality+1","Bromod:BulletJump+1","Bromod:Vitality+1","Bromod:FastHands+1","Bromod:SlashDash+1","Bromod:RadialJavelin+1","CurseOfTheBell","Bromod:BulletJump","Bromod:SlipMagazine+1","Bromod:FastHands+1","Bromod:BulletJump","Bromod:Vitality","Bromod:RelentlessCombination+1","Bromod:Vitality","Bromod:FastHands+1","Bromod:ToxicBarrage+1","infinitespire:UltimateForm","Madness+1","Madness+1","Guardian:StasisEngine+1","Guardian:Repulse+1","Slimebound:SplitMire+1","Guardian:DecasProtection+1","Enlightenment+1","infinitespire:TheBestDefense+1","StarBarrage+1","Bromod:Serration+1","MilkyWay+1","Clumsy","Bromod:SplitChamber+1","Panacea+1","ShootTheMoon","Clumsy","Discovery+1"],"relics":["Bromod:Ordis","Bromod:AscarisDevice","Golden Idol","StrikeDummy","Calling Bell","infinitespire:Joker Card","Blood Vial","infinitespire:ShieldingShard","Bromod:DecayingDragonKey","Potion Belt","War Paint","infinitespire:Lucky Rock","aspiration:FetidBarrel","aspiration:FutureDiary","PrismaticShard","Empty Cage","Red Mask","Toxic Egg 2","Dream Catcher","CatCart","aspiration:MarisaSkillbook","Bromod:ArcaneGuardian","Darkstone Periapt","Cursed Key","Bromod:BleedingDragonKey","aspiration:Lifesprig","PreservedInsect","Bromod:ArcaneEnergize","Bottled Flame","infinitespire:PuzzleCube"],"acts_visited":["Exordium","TheCity","TheBeyond","Exordium","TheCity","TheBeyond"],"potions_floor_usage":[16,20,24,27,27,33,48,67,75,76,84,99,99],"damage_taken":[{"damage":0,"enemies":"Cultist","floor":1,"turns":2},{"damage":0,"enemies":"2 Louse","floor":2,"turns":2},{"damage":0,"enemies":"infinitespire:Voidling","floor":4,"turns":3},{"damage":0,"enemies":"Large Slime","floor":5,"turns":3},{"damage":0,"enemies":"2 Fungi Beasts","floor":14,"turns":2},{"damage":0,"enemies":"Slime Boss","floor":16,"turns":8},{"damage":0,"enemies":"Chosen","floor":18,"turns":4},{"damage":2,"enemies":"2 Thieves","floor":19,"turns":2},{"damage":1,"enemies":"Centurion and Healer","floor":20,"turns":4},{"damage":0,"enemies":"Snake Plant","floor":21,"turns":2},{"damage":0,"enemies":"Snecko","floor":22,"turns":4},{"damage":24,"enemies":"Nightmare","floor":24,"turns":9},{"damage":0,"enemies":"Centurion and Healer","floor":25,"turns":6},{"damage":52,"enemies":"Slavers","floor":27,"turns":9},{"damage":1,"enemies":"Snake Plant","floor":28,"turns":6},{"damage":8,"enemies":"Cultist and Chosen","floor":31,"turns":6},{"damage":8,"enemies":"Automaton","floor":33,"turns":16},{"damage":0,"enemies":"3 Shapes","floor":35,"turns":4},{"damage":5,"enemies":"Nemesis","floor":40,"turns":9},{"damage":0,"enemies":"3 Darklings","floor":42,"turns":4},{"damage":0,"enemies":"Transient","floor":44,"turns":5},{"damage":0,"enemies":"4 Shapes","floor":46,"turns":3},{"damage":0,"enemies":"Orin","floor":48,"turns":7},{"damage":6,"enemies":"Time Eater","floor":50,"turns":11},{"damage":0,"enemies":"Cultist","floor":52,"turns":3},{"damage":1,"enemies":"Jaw Worm","floor":53,"turns":3},{"damage":0,"enemies":"Small Slimes","floor":55,"turns":1},{"damage":0,"enemies":"3 Louse","floor":56,"turns":1},{"damage":0,"enemies":"Lagavulin","floor":57,"turns":4},{"damage":0,"enemies":"Red Slaver","floor":59,"turns":3},{"damage":9,"enemies":"Blue Slaver","floor":63,"turns":3},{"damage":0,"enemies":"Looter","floor":65,"turns":3},{"damage":56,"enemies":"Hexaghost","floor":67,"turns":5},{"damage":0,"enemies":"Chosen","floor":69,"turns":5},{"damage":2,"enemies":"Shell Parasite","floor":70,"turns":3},{"damage":1,"enemies":"3 Cultists","floor":71,"turns":4},{"damage":0,"enemies":"Gremlin Leader","floor":75,"turns":4},{"damage":31,"enemies":"Shelled Parasite and Fungi","floor":76,"turns":3},{"damage":0,"enemies":"Cultist and Chosen","floor":79,"turns":4},{"damage":0,"enemies":"3 Cultists","floor":80,"turns":2},{"damage":0,"enemies":"Automaton","floor":84,"turns":5},{"damage":3,"enemies":"3 Darklings","floor":86,"turns":5},{"damage":0,"enemies":"Orb Walker","floor":88,"turns":3},{"damage":94,"enemies":"Writhing Mass","floor":90,"turns":4},{"damage":0,"enemies":"Transient","floor":92,"turns":5},{"damage":14,"enemies":"Jaw Worm Horde","floor":93,"turns":4},{"damage":97,"enemies":"Reptomancer","floor":99,"turns":2}],"seed_played":"-362514224698302924","potions_obtained":[{"floor":4,"key":"CultistPotion"},{"floor":5,"key":"Bromod:ShieldRestore"},{"floor":12,"key":"DistilledChaos"},{"floor":12,"key":"DistilledChaos"},{"floor":16,"key":"Swift Potion"},{"floor":24,"key":"DuplicationPotion"},{"floor":27,"key":"Block Potion"},{"floor":31,"key":"Bromod:HealthRestore"},{"floor":33,"key":"Dexterity Potion"},{"floor":40,"key":"Bromod:ClemClone"},{"floor":42,"key":"Explosive Potion"},{"floor":56,"key":"Regen Potion"},{"floor":57,"key":"Ancient Potion"},{"floor":62,"key":"champ:CounterPotion"},{"floor":71,"key":"Bromod:ClemClone"},{"floor":79,"key":"PowerPotion"},{"floor":80,"key":"Weak Potion"},{"floor":92,"key":"AttackPotion"}],"is_trial":false,"path_per_floor":["M","M","?","M","M","R","?","R","T","?","R","?","$","M","R","B",null,"M","M","M","M","M","?","NM","M","T","E","M","$","R","M","R","B",null,"M","AVR","?","?","?","E","R","M","T","M","R","M","R","?","R","B",null,"M","M","$","M","M","E","R","M","T","R","?","M","R","M","R","B",null,"M","M","M","?","$","R","E","M","T","R","M","M","?","?","R","B",null,"M","?","M","$","M","R","M","M","T","R","?","R","?","E"],"character_chosen":"THE_EXALTED","items_purchased":["Bromod:Vitality","Bromod:FastHands","aspiration:FetidBarrel","StarBarrage","Bromod:Serration+1","MilkyWay+1","Bottled Flame"],"campfire_rested":5,"item_purchase_floors":[13,13,29,73,73,73,89],"current_hp_per_floor":[75,75,68,68,68,68,50,50,50,50,50,50,50,50,50,50,75,75,73,74,75,75,75,51,53,53,3,4,4,26,20,42,44,75,75,75,75,58,49,46,46,48,48,50,50,52,74,75,75,69,75,75,74,74,75,75,75,75,75,75,75,75,68,68,70,70,16,75,75,73,75,19,19,19,19,7,13,20,25,25,25,23,23,25,25,22,22,24,24,25,25,25,15,21,30,30,30,30,0,0],"gold":263,"neow_bonus":"RANDOM_COLORLESS_2","is_daily":false,"chose_seed":false,"campfire_upgraded":14,"win_rate":0.0,"timestamp":1608243120,"path_taken":["M","M","?","M","M","R","?","R","T","?","R","?","$","M","R","BOSS","M","M","?","M","M","?","NM","M","T","E","M","$","R","M","R","BOSS","M","AVR","?","?","?","E","R","M","T","M","R","M","R","?","R","BOSS","M","M","$","M","M","E","R","M","T","R","?","M","R","M","R","BOSS","M","M","?","?","?","R","E","M","T","R","M","M","?","?","R","BOSS","M","?","M","?","?","R","M","M","T","R","?","R","?","E"],"items_purchased_type":["Card","Card","Relic","Card","Card","Card","Relic"],"build_version":"2020-12-13","purchased_purges":4,"victory":false,"max_hp_per_floor":[75,75,75,75,75,75,75,75,75,75,75,75,75,75,75,75,75,75,75,75,75,75,75,75,75,75,75,75,75,75,75,75,75,75,75,75,75,75,75,75,75,75,75,75,75,75,75,75,75,75,75,75,75,75,75,75,75,75,75,75,75,75,75,75,75,75,75,75,75,75,75,19,19,19,19,19,25,25,25,25,25,25,25,25,25,25,25,25,25,25,25,25,25,31,31,31,31,31,31,31],"card_choices":[{"not_picked":["Secret Technique","Metamorphosis"],"picked":"expansioncontent:QuickStudy","floor":0},{"not_picked":["Bromod:PressurePoint","Bromod:KillingBlow"],"picked":"Bromod:OrganShatter","floor":1},{"not_picked":["Bromod:Reflection","Bromod:BriefRespite"],"picked":"Bromod:QuickDraw","floor":2},{"not_picked":["Bromod:SlipMagazine","Bromod:PressurePoint"],"picked":"Bromod:Vitality","floor":4},{"not_picked":["Bromod:Reflection","Bromod:SteelFiber"],"picked":"Bromod:BulletJump","floor":5},{"not_picked":["Bromod:Reflection","Bromod:SteelFiber"],"picked":"Bromod:SlashDash","floor":14},{"not_picked":["Bromod:FocusEnergy","Bromod:Adaptation"],"picked":"Bromod:RadialJavelin","floor":16},{"not_picked":["Bromod:Redirection","Bromod:ShatteringImpact"],"picked":"Bromod:BulletJump","floor":18},{"not_picked":["Bromod:RadialBlind","Bromod:BodyCount"],"picked":"Bromod:SlipMagazine+1","floor":19},{"not_picked":["Bromod:SteelFiber","Bromod:Maglev","Bromod:SeismicWave"],"picked":"SKIP","floor":20},{"not_picked":["Bromod:SteelFiber","Bromod:ShatteringImpact+1"],"picked":"Bromod:FastHands","floor":21},{"not_picked":["Bromod:Adaptation","Bromod:SlipMagazine"],"picked":"Bromod:BulletJump","floor":22},{"not_picked":["Bromod:KillingBlow","Bromod:SeismicWave"],"picked":"Bromod:Vitality","floor":24},{"not_picked":["Bromod:SteelFiber","Bromod:NoReturn"],"picked":"Bromod:RelentlessCombination+1","floor":25},{"not_picked":["Bromod:FormaBlueprint+1","Bromod:OrganShatter","Bromod:Maglev"],"picked":"SKIP","floor":27},{"not_picked":["Bromod:SlashDash","Bromod:Foundry"],"picked":"Bromod:Vitality","floor":28},{"not_picked":["Bromod:Vitality","Bromod:Reflection"],"picked":"Bromod:FastHands+1","floor":31},{"not_picked":["Bromod:JaggedEdge","Bromod:Berserker"],"picked":"Bromod:ToxicBarrage","floor":33},{"not_picked":["Bromod:PointStrike","Bromod:FastHands+1","Bromod:PressurePoint"],"picked":"SKIP","floor":35},{"not_picked":["infinitespire:Fortify","infinitespire:Menacing"],"picked":"infinitespire:UltimateForm","floor":38},{"not_picked":["Dark Embrace+1","Go for the Eyes+1"],"picked":"Guardian:StasisEngine","floor":40},{"not_picked":["Gash","Havoc+1","hexamod:SwordOfDarkness+1"],"picked":"SKIP","floor":42},{"not_picked":["Dagger Spray+1","Bromod:ShatteringImpact","Stack+1"],"picked":"SKIP","floor":44},{"not_picked":["Barrage","hexamod:SoulSteal+1","hexamod:RainOfEmbers+1"],"picked":"SKIP","floor":46},{"not_picked":["Slimebound:LivingWall+1","ThirdEye+1"],"picked":"Guardian:Repulse+1","floor":47},{"not_picked":["Guardian:RollAttack","hexamod:SecondSeal","Evaluate+1","Consecrate"],"picked":"SKIP","floor":52},{"not_picked":["champ:BringItOn+1","sneckomod:UnknownClassBLUE+1","Guardian:Gem_Crimson","Cloak And Dagger+1"],"picked":"SKIP","floor":53},{"not_picked":["Choke","Heavy Blade","LuminesStrike","Slimebound:Nibble"],"picked":"SKIP","floor":55},{"not_picked":["champ:AdrenalArmor+1","Bromod:PressurePoint+1","sneckomod:SerpentMind","IllusionStar+1"],"picked":"SKIP","floor":56},{"not_picked":["hexamod:RecurringNightmare+1","Guardian:PiercingHide+1","Bromod:HornetStrike"],"picked":"Slimebound:SplitMire+1","floor":57},{"not_picked":["Bromod:ShatteringImpact","Bromod:Maglev+1","Bromod:BriefRespite"],"picked":"Guardian:DecasProtection+1","floor":59},{"not_picked":["Pommel Strike","Compile Driver","Guardian:Gem_Purple","Consecrate"],"picked":"SKIP","floor":63},{"not_picked":["Dagger Spray","Slimebound:AcidTongue","Guardian:RollAttack"],"picked":"Enlightenment+1","floor":65},{"not_picked":["infinitespire:DeathsTouch","infinitespire:FinalStrike"],"picked":"infinitespire:TheBestDefense","floor":67},{"not_picked":["Masterful Stab+1","Guardian:Reroute","Static Discharge","Bromod:SlipMagazine"],"picked":"SKIP","floor":69},{"not_picked":["Bromod:Provoked","sneckomod:SoulRoll+1","Clash","sneckomod:SoulDraw+1"],"picked":"SKIP","floor":70},{"not_picked":["Slimebound:RollThrough+1","Outmaneuver+1","Guardian:ShieldCharger+1","Shockwave+1"],"picked":"SKIP","floor":71},{"not_picked":["champ:EndlessRage","Infinite Blades","champ:HeartStrike+1","Slimebound:BestDefense"],"picked":"SKIP","floor":75},{"not_picked":["hexamod:GhostLash","Sword Boomerang","Bromod:Maglev+1","Blood for Blood"],"picked":"SKIP","floor":76},{"not_picked":["Prostrate+1","Acrobatics+1","WreathOfFlame+1","sneckomod:IronFang+1"],"picked":"SKIP","floor":79},{"not_picked":["sneckomod:Unknown2Cost+1","AsteroidBelt+1","expansioncontent:SlimeTackle","Guardian:Repulse+1"],"picked":"SKIP","floor":80},{"not_picked":["hexamod:SearingWound+1","champ:Devastate","Offering+1"],"picked":"Bromod:SplitChamber+1","floor":84},{"not_picked":["Footwork","Guardian:TemporalShield+1","PathToVictory+1"],"picked":"Panacea+1","floor":86},{"not_picked":["PathToVictory+1","SuperPerseids+1","OrrerysSun","WitchOfGreed"],"picked":"SKIP","floor":88},{"not_picked":["Setup+1","Anger+1","Feel No Pain+1","Slimebound:GrowthPunch+1"],"picked":"SKIP","floor":90},{"not_picked":["Sanctity+1","Conserve Battery+1","GrandCross","Beam Cell"],"picked":"SKIP","floor":92},{"not_picked":["sneckomod:UnknownCommonSkill+1","sneckomod:QuickMove+1","Guardian:VentSteam+1"],"picked":"ShootTheMoon","floor":93},{"not_picked":["expansioncontent:DefensiveStance","expansioncontent:Collect","Transmutation+1"],"picked":"Discovery+1","floor":98}],"player_experience":1450031,"relics_obtained":[{"floor":9,"key":"StrikeDummy"},{"floor":17,"key":"infinitespire:Joker Card"},{"floor":17,"key":"Blood Vial"},{"floor":17,"key":"infinitespire:ShieldingShard"},{"floor":24,"key":"Potion Belt"},{"floor":26,"key":"War Paint"},{"floor":27,"key":"infinitespire:Lucky Rock"},{"floor":40,"key":"Toxic Egg 2"},{"floor":43,"key":"Dream Catcher"},{"floor":48,"key":"CatCart"},{"floor":57,"key":"Bromod:ArcaneGuardian"},{"floor":60,"key":"Darkstone Periapt"},{"floor":75,"key":"aspiration:Lifesprig"},{"floor":77,"key":"PreservedInsect"},{"floor":94,"key":"infinitespire:PuzzleCube"}],"event_choices":[{"cards_removed":["hexamod:Haunted"],"damage_healed":0,"gold_gain":0,"player_choice":"Card Removal","damage_taken":7,"max_hp_gain":0,"max_hp_loss":0,"event_name":"Golden Wing","floor":3,"gold_loss":0},{"damage_healed":0,"gold_gain":0,"player_choice":"Take Damage","damage_taken":18,"relics_obtained":["Golden Idol"],"max_hp_gain":0,"max_hp_loss":0,"event_name":"Golden Idol","floor":7,"gold_loss":0},{"damage_healed":0,"gold_gain":0,"player_choice":"Got Potions","damage_taken":0,"max_hp_gain":0,"max_hp_loss":0,"event_name":"Lab","floor":12,"gold_loss":0},{"damage_healed":0,"gold_gain":0,"player_choice":"Paid","damage_taken":0,"relics_obtained":["Red Mask"],"max_hp_gain":0,"max_hp_loss":0,"event_name":"Tomb of Lord Red Mask","floor":37,"gold_loss":164},{"damage_healed":0,"gold_gain":0,"player_choice":"Embrace Madness","damage_taken":9,"max_hp_gain":0,"max_hp_loss":0,"event_name":"Winding Halls","floor":39,"gold_loss":0,"cards_obtained":["Madness","Madness"]},{"damage_healed":0,"gold_gain":0,"player_choice":"Fight","damage_taken":0,"max_hp_gain":0,"max_hp_loss":0,"event_name":"OrinTheCat","floor":48,"gold_loss":0},{"damage_healed":0,"gold_gain":0,"player_choice":"Got Potions","damage_taken":0,"max_hp_gain":0,"max_hp_loss":0,"event_name":"Lab","floor":62,"gold_loss":0},{"damage_healed":0,"gold_gain":0,"player_choice":"Ignored","damage_taken":0,"max_hp_gain":0,"max_hp_loss":0,"event_name":"Vampires","floor":81,"gold_loss":0},{"damage_healed":0,"gold_gain":75,"player_choice":"Touch","damage_taken":2,"max_hp_gain":0,"max_hp_loss":0,"event_name":"FaceTrader","floor":82,"gold_loss":0},{"damage_healed":0,"gold_gain":0,"player_choice":"Bought 0 Potions","damage_taken":0,"max_hp_gain":0,"max_hp_loss":0,"event_name":"The Woman in Blue","floor":87,"gold_loss":0},{"damage_healed":0,"gold_gain":222,"player_choice":"Wore Mask","damage_taken":0,"max_hp_gain":0,"max_hp_loss":0,"event_name":"Tomb of Lord Red Mask","floor":96,"gold_loss":0},{"damage_healed":0,"gold_gain":0,"player_choice":"Memory 1","damage_taken":0,"max_hp_gain":0,"max_hp_loss":0,"event_name":"SensoryStone","floor":98,"gold_loss":0}],"is_beta":false,"boss_relics":[{"not_picked":["aspiration:SecretTechniqueScroll","Pandora\u0027s Box"],"picked":"Calling Bell"},{"not_picked":["Runic Dome","Bromod:ArcaneBarrier"],"picked":"aspiration:FutureDiary"},{"not_picked":["Tiny House","Bromod:ArcaneGrace"],"picked":"aspiration:MarisaSkillbook"},{"not_picked":["aspiration:PoetsPen_weak","SacredBark"],"picked":"Cursed Key"},{"not_picked":["Busted Crown","Snecko Eye"],"picked":"Bromod:ArcaneEnergize"}],"items_purged_floors":[13,29,36,54],"is_endless":true,"potions_floor_spawned":[4,5,16,18,24,27,31,33,40,42,56,57,59,65,71,79,80,92,93],"killed_by":"Reptomancer","ascension_level":0}}