{"host":"3l94tha3a4jgu0q4","time":1608226837,"event":{"mods":["2.2 Compatiblity","AchievementEnabler","BaseMod","Colored Map","Colored Powertips","Highlight Path","Minty Spire (QoL Compilation)","Permanent Neow","StSLib","SuperFastMode"],"gold_per_floor":[119,119,18,31,31,31,63,63,86,86,86,104,115,125,125,224,224,241,241,241,252,266,266,293,293,317,334,15,15,33,51,51,151,151,166,216,216,216,228,228,256,6,6,6,6,25,25,58,58,58,58],"floor_reached":50,"playtime":998,"items_purged":["Defend_G","Defend_G","Bite"],"score":568,"play_id":"6df81fac-e829-48eb-a2f1-3cf79373e741","local_time":"20201217094037","is_ascension_mode":false,"campfire_choices":[{"data":"Neutralize","floor":6.0,"key":"SMITH"},{"data":"Footwork","floor":8.0,"key":"SMITH"},{"data":"Survivor","floor":10.0,"key":"SMITH"},{"data":"Predator","floor":15.0,"key":"SMITH"},{"data":"Calculated Gamble","floor":23,"key":"SMITH"},{"floor":25,"key":"REST"},{"floor":32,"key":"REST"},{"data":"Adrenaline","floor":40,"key":"SMITH"},{"floor":47,"key":"RECALL"},{"floor":49,"key":"DIG"}],"circlet_count":0,"master_deck":["Defend_G","Defend_G","Survivor+1","Neutralize+1","Dagger Spray","Dagger Throw","Phantasmal Killer+1","Footwork+1","Predator+1","Escape Plan","PiercingWail","Corpse Explosion","Footwork+1","Masterful Stab+1","Terror+1","Choke+1","Bite","Bite","Bite","Bite","Calculated Gamble+1","Tools of the Trade","Leg Sweep","Dodge and Roll+1","Adrenaline+1","Cloak And Dagger+1","Flying Knee+1","Madness","Madness","Madness","Finisher+1","Cloak And Dagger+1","Infinite Blades+1","Cloak And Dagger+1"],"relics":["Sozu","Question Card","Toy Ornithopter","Astrolabe","InkBottle","Boot","Omamori","Turnip","Calling Bell","Bronze Scales","Ninja Scroll","Shovel","Peace Pipe","The Courier","Membership Card","Pen Nib","Meat on the Bone","Nunchaku","Art of War"],"acts_visited":["Exordium","TheCity","TheBeyond"],"potions_floor_usage":[],"damage_taken":[{"damage":2.0,"enemies":"Small Slimes","floor":1.0,"turns":4.0},{"damage":0.0,"enemies":"Cultist","floor":4.0,"turns":3.0},{"damage":14.0,"enemies":"3 Sentries","floor":7.0,"turns":11.0},{"damage":0.0,"enemies":"2 Louse","floor":12.0,"turns":3.0},{"damage":0.0,"enemies":"Blue Slaver","floor":13.0,"turns":3.0},{"damage":5.0,"enemies":"Red Slaver","floor":14.0,"turns":3.0},{"damage":16.0,"enemies":"Slime Boss","floor":16.0,"turns":8.0},{"damage":0,"enemies":"3 Byrds","floor":18,"turns":3},{"damage":8,"enemies":"Shell Parasite","floor":21,"turns":3},{"damage":15,"enemies":"Snake Plant","floor":22,"turns":3},{"damage":28,"enemies":"Book of Stabbing","floor":24,"turns":5},{"damage":16,"enemies":"Shelled Parasite and Fungi","floor":27,"turns":4},{"damage":11,"enemies":"Snecko","floor":30,"turns":3},{"damage":10,"enemies":"Chosen and Byrds","floor":31,"turns":4},{"damage":24,"enemies":"Automaton","floor":33,"turns":10},{"damage":0,"enemies":"Orb Walker","floor":35,"turns":3},{"damage":8,"enemies":"Mind Bloom Boss Battle","floor":36,"turns":7},{"damage":0,"enemies":"3 Shapes","floor":39,"turns":6},{"damage":37,"enemies":"Giant Head","floor":41,"turns":8},{"damage":0,"enemies":"Spire Growth","floor":46,"turns":2},{"damage":0,"enemies":"Reptomancer","floor":48,"turns":6},{"damage":47,"enemies":"Donu and Deca","floor":50,"turns":4}],"seed_played":"3134240542025662953","potions_obtained":[],"is_trial":false,"path_per_floor":["M","?","$","M","?","R","E","R","T","R","$","M","M","M","R","B",null,"M","?","?","M","M","R","E","R","T","M","$","T","M","M","R","B",null,"M","?","?","?","M","R","E","$","T","$","T","M","R","E","R","B"],"character_chosen":"THE_SILENT","items_purchased":["Dagger Throw","Leg Sweep","Omamori","Membership Card","Pen Nib"],"campfire_rested":2,"item_purchase_floors":[3,28,28,42,42],"current_hp_per_floor":[68,61,61,61,61,61,47,47,47,47,47,47,47,42,42,26,70,70,49,43,39,28,28,12,26,26,14,14,14,7,3,17,13,49,49,47,47,41,47,47,18,18,18,18,18,34,34,36,36,0,0],"gold":58,"neow_bonus":"BOSS_RELIC","is_daily":false,"chose_seed":false,"campfire_upgraded":6,"win_rate":0.0,"timestamp":1608226837,"path_taken":["M","?","$","M","?","R","E","R","T","R","$","M","?","M","R","BOSS","M","?","?","?","M","R","E","R","T","M","$","?","M","M","R","BOSS","M","?","?","?","?","R","E","$","T","?","?","M","R","E","R","BOSS"],"items_purchased_type":["Card","Card","Relic","Relic","Relic"],"build_version":"2020-12-13","purchased_purges":3,"victory":false,"max_hp_per_floor":[70,70,70,70,70,70,70,70,70,70,70,70,70,70,70,70,70,70,49,49,49,49,49,49,49,49,49,49,49,49,49,49,49,49,49,49,49,49,49,49,49,49,49,49,49,49,49,49,49,49,49],"card_choices":[{"not_picked":["Accuracy","Deflect"],"picked":"Dagger Spray","floor":1.0},{"not_picked":["Catalyst","Bane"],"picked":"Crippling Poison","floor":4.0},{"not_picked":["Deflect","Storm of Steel"],"picked":"Footwork","floor":7.0},{"not_picked":["Underhanded Strike","Bane","Terror"],"picked":"Predator","floor":12.0},{"not_picked":["Prepared","Endless Agony","Riddle With Holes"],"picked":"Escape Plan","floor":13.0},{"not_picked":["Predator","Sucker Punch","Prepared"],"picked":"PiercingWail","floor":14.0},{"not_picked":["A Thousand Cuts","Envenom","Malaise"],"picked":"Corpse Explosion","floor":16.0},{"not_picked":["Deflect","Deadly Poison","Poisoned Stab+1"],"picked":"Choke+1","floor":18},{"not_picked":["Grand Finale","Flechettes","Deflect","Deadly Poison"],"picked":"SKIP","floor":21},{"not_picked":["Cloak And Dagger","Dodge and Roll","Sucker Punch"],"picked":"Calculated Gamble","floor":22},{"not_picked":["Skewer","Heel Hook","Riddle With Holes"],"picked":"Tools of the Trade","floor":24},{"not_picked":["All Out Attack+1","Heel Hook","PiercingWail","Setup"],"picked":"SKIP","floor":27},{"not_picked":["Noxious Fumes","Quick Slash","Sucker Punch","Setup"],"picked":"SKIP","floor":30},{"not_picked":["Acrobatics","Reflex","Sucker Punch"],"picked":"Dodge and Roll+1","floor":31},{"not_picked":["Venomology","Malaise","Night Terror"],"picked":"Adrenaline","floor":33},{"not_picked":["Calculated Gamble+1","Flying Knee+1","Slice"],"picked":"Cloak And Dagger+1","floor":35},{"not_picked":["Deadly Poison+1","Dodge and Roll+1","Concentrate"],"picked":"Flying Knee+1","floor":36},{"not_picked":["Enlightenment","Jack Of All Trades","Dark Shackles"],"picked":"Madness","floor":37},{"not_picked":["Prepared+1","Dagger Spray","PiercingWail"],"picked":"Finisher+1","floor":39},{"not_picked":["Burst","Outmaneuver+1","Quick Slash"],"picked":"Cloak And Dagger+1","floor":41},{"not_picked":["Dagger Throw","Flechettes+1","Flying Knee"],"picked":"Infinite Blades+1","floor":46},{"not_picked":["Dagger Spray","Deadly Poison+1","Tactician+1"],"picked":"Cloak And Dagger+1","floor":48}],"player_experience":1865651,"relics_obtained":[{"floor":7.0,"key":"Question Card"},{"floor":9.0,"key":"Toy Ornithopter"},{"floor":24,"key":"InkBottle"},{"floor":26,"key":"Boot"},{"floor":29,"key":"Turnip"},{"floor":34,"key":"Bronze Scales"},{"floor":34,"key":"Ninja Scroll"},{"floor":34,"key":"Shovel"},{"floor":36,"key":"Peace Pipe"},{"floor":41,"key":"The Courier"},{"floor":45,"key":"Meat on the Bone"},{"floor":48,"key":"Nunchaku"},{"floor":49,"key":"Art of War"}],"event_choices":[{"cards_removed":["Strike_G"],"damage_healed":0.0,"max_hp_gain":0.0,"max_hp_loss":0.0,"gold_gain":0.0,"event_name":"Golden Wing","player_choice":"Card Removal","floor":2.0,"gold_loss":0.0,"damage_taken":7.0},{"cards_removed":["Crippling Poison"],"damage_healed":0.0,"max_hp_gain":0.0,"max_hp_loss":0.0,"gold_gain":0.0,"event_name":"NoteForYourself","player_choice":"Took Card","floor":5.0,"gold_loss":0.0,"damage_taken":0.0,"cards_obtained":["Phantasmal Killer"]},{"damage_healed":0,"gold_gain":0,"player_choice":"Became a vampire","damage_taken":0,"max_hp_gain":0,"max_hp_loss":21,"event_name":"Vampires","floor":19,"gold_loss":0,"cards_obtained":["Bite","Bite","Bite","Bite","Bite"]},{"damage_healed":0,"gold_gain":0,"player_choice":"","damage_taken":6,"max_hp_gain":0,"max_hp_loss":0,"event_name":"Knowing Skull","floor":20,"potions_obtained":[],"gold_loss":0,"cards_obtained":[]},{"damage_healed":0,"gold_gain":0,"player_choice":"Fight","damage_taken":0,"max_hp_gain":0,"max_hp_loss":0,"event_name":"MindBloom","floor":36,"gold_loss":0},{"damage_healed":0,"gold_gain":0,"player_choice":"Memory 1","damage_taken":0,"max_hp_gain":0,"max_hp_loss":0,"event_name":"SensoryStone","floor":37,"gold_loss":0},{"damage_healed":0,"gold_gain":0,"player_choice":"Embrace Madness","damage_taken":6,"max_hp_gain":0,"max_hp_loss":0,"event_name":"Winding Halls","floor":38,"gold_loss":0,"cards_obtained":["Madness","Madness"]}],"is_beta":false,"boss_relics":[{"not_picked":["Runic Pyramid","WristBlade"],"picked":"Astrolabe"},{"not_picked":["Pandora\u0027s Box","Snecko Eye"],"picked":"Calling Bell"}],"items_purged_floors":[3,28,42],"is_endless":false,"potions_floor_spawned":[4,13,22,24,31,33,39,41,48],"killed_by":"Donu and Deca","ascension_level":0}}