{"host":"nox","time":1608181050,"event":{"mods":["BaseMod","Colored Powertips","Minty Spire (QoL Compilation)","Quick Restart","Replay The Spire","StSLib"],"gold_per_floor":[112,66,85,85,96,126,139,172,172,10,24,53,70,70,70,170,170,180,200,216,40,40,40,75,75,146,179,27,27,27,27,27,127,127,141,66,66,76,87,87,18,51,100,100,100],"floor_reached":44,"playtime":1766,"items_purged":[],"score":618,"play_id":"a954073a-4dd2-408e-b2bd-53c2608ff8ab","local_time":"20201217115730","is_ascension_mode":true,"campfire_choices":[{"floor":15.0,"key":"REST"},{"floor":23.0,"key":"REST"},{"floor":29.0,"key":"REST"},{"data":"Creative AI","floor":32.0,"key":"SMITH"},{"floor":40.0,"key":"RECALL"}],"circlet_count":0,"master_deck":["Defend_B","Defend_B","Defend_B","Defend_B","Zap","Dualcast","Streamline","Ball Lightning","Cold Snap","Electrodynamics","BasicCrystalCard","Apotheosis+1","Cold Snap","FIFO Queue","Creative AI+1","Stack","Stack+1","Barrage","Bite","Bite","Bite","Bite","Bite","Creative AI+1","Fission","Cold Snap+1","Defragment","Zap","Leap+1","Storm"],"relics":["Cracked Core","Gremlin Horn","Pet Ghost","Replay:Antivirus Software","Meat on the Bone","Sozu","Guide Book","ReplayTheSpireMod:Ring of Challenge","Ring of Hypnosis","Eternal Feather","Smiling Mask","Replay:Baseball","Replay:Drink Me","Juzu Bracelet","Dream Catcher"],"acts_visited":["Exordium","TheCity","TheBeyond"],"potions_floor_usage":[],"damage_taken":[{"damage":1.0,"enemies":"Cultist","floor":1.0,"turns":3.0},{"damage":5.0,"enemies":"Small Slimes","floor":3.0,"turns":3.0},{"damage":0.0,"enemies":"2 Louse","floor":5.0,"turns":1.0},{"damage":15.0,"enemies":"3 Sentries","floor":6.0,"turns":3.0},{"damage":0.0,"enemies":"Exordium Wildlife","floor":7.0,"turns":3.0},{"damage":35.0,"enemies":"Lagavulin","floor":8.0,"turns":5.0},{"damage":4.0,"enemies":"Exordium Thugs","floor":11.0,"turns":3.0},{"damage":17.0,"enemies":"3 Sentries","floor":12.0,"turns":5.0},{"damage":0.0,"enemies":"Lots of Slimes","floor":13.0,"turns":2.0},{"damage":40.0,"enemies":"The Guardian","floor":16.0,"turns":8.0},{"damage":1.0,"enemies":"Spheric Guardian","floor":18.0,"turns":3.0},{"damage":39.0,"enemies":"Shell Parasite","floor":19.0,"turns":8.0},{"damage":29.0,"enemies":"Snake Plant","floor":20.0,"turns":5.0},{"damage":37.0,"enemies":"Book of Stabbing","floor":24.0,"turns":5.0},{"damage":30.0,"enemies":"Slavers","floor":27.0,"turns":6.0},{"damage":45.0,"enemies":"Champ","floor":33.0,"turns":11.0},{"damage":16.0,"enemies":"3 Shapes","floor":35.0,"turns":5.0},{"damage":8.0,"enemies":"3 Darklings","floor":38.0,"turns":4.0},{"damage":25.0,"enemies":"Jaw Worm Horde","floor":39.0,"turns":4.0},{"damage":23.0,"enemies":"R_Hoarder","floor":42.0,"turns":9.0},{"damage":42,"enemies":"Transient","floor":44,"turns":3}],"seed_played":"6263680589603887428","potions_obtained":[{"floor":6.0,"key":"Languid Potion"},{"floor":7.0,"key":"PowerPotion"},{"floor":8.0,"key":"LiquidBronze"},{"floor":11.0,"key":"Languid Potion"},{"floor":12.0,"key":"Dexterity Potion"}],"is_trial":false,"path_per_floor":["M","$","M","$","M","E","M","E","T","$","M","E","M","?","R","B",null,"M","M","M","$","?","R","E","?","T","E","$","R","?","$","R","B",null,"M","$","?","M","M","R","$","E","T","M"],"character_chosen":"DEFECT","items_purchased":["Ball Lightning","Apotheosis","Guide Book","Barrage","Replay:Baseball","Defragment","Storm"],"campfire_rested":3,"item_purchase_floors":[2,10,21,21,28,36,41],"current_hp_per_floor":[81,81,76,76,76,61,61,26,26,26,22,5,17,17,41,13,82,81,42,25,25,25,49,24,24,24,19,19,51,51,51,57,35,43,35,35,35,37,31,43,43,32,32,0,0],"gold":100,"neow_bonus":"TEN_PERCENT_HP_BONUS","is_daily":false,"chose_seed":false,"campfire_upgraded":1,"win_rate":0.0,"timestamp":1608181050,"path_taken":["M","$","M","$","M","E","M","E","T","$","M","E","M","?","R","BOSS","M","M","M","$","?","R","E","?","T","E","$","R","?","$","R","BOSS","BOSS","M","$","?","M","?","R","$","E","T","M"],"items_purchased_type":["Card","Card","Relic","Card","Relic","Card","Card"],"build_version":"2020-11-17","purchased_purges":0,"victory":false,"max_hp_per_floor":[82,82,82,82,82,82,82,82,82,82,82,82,82,82,82,82,82,82,82,82,82,82,82,82,57,57,57,57,57,57,57,57,57,43,43,43,43,43,43,43,43,43,43,43,43],"card_choices":[{"not_picked":["Recycle","Turbo"],"picked":"Streamline","floor":1.0},{"not_picked":["BasicCrystalCard","Leap"],"picked":"Cold Snap","floor":3.0},{"not_picked":["Recycle","Compile Driver"],"picked":"Electrodynamics","floor":5.0},{"not_picked":["Turbo","Self Repair","ReplayTheSpireMod:Reroute Power"],"picked":"SKIP","floor":6.0},{"not_picked":["Time Bomb","White Noise"],"picked":"Sunder","floor":7.0},{"not_picked":["ReplayGash","Gash"],"picked":"BasicCrystalCard","floor":8.0},{"not_picked":["Stack","Self Repair"],"picked":"Cold Snap","floor":11.0},{"not_picked":["Go for the Eyes","Hologram","FTL"],"picked":"SKIP","floor":12.0},{"not_picked":["Tempest","BasicCrystalCard"],"picked":"FIFO Queue","floor":13.0},{"not_picked":["Core Surge","Buffer"],"picked":"Creative AI","floor":16.0},{"not_picked":["BasicCrystalCard","Skim+1"],"picked":"Stack","floor":18.0},{"not_picked":["Panic Button","Turbo"],"picked":"Lockon","floor":19.0},{"not_picked":["Hologram","Panic Button+1"],"picked":"Stack+1","floor":20.0},{"not_picked":["Beam Cell","Sweeping Beam","Time Bomb"],"picked":"SKIP","floor":24.0},{"not_picked":["Glacier","Redo"],"picked":"Creative AI","floor":27.0},{"not_picked":["Creative AI","Rainbow"],"picked":"Fission","floor":33.0},{"not_picked":["Gash","Hologram"],"picked":"Cold Snap+1","floor":35.0},{"not_picked":["ReplayTheSpireMod:System Scan","BasicCrystalCard+1","Rip and Tear+1"],"picked":"SKIP","floor":38.0},{"not_picked":["Capacitor","Redo"],"picked":"Leap+1","floor":39.0},{"not_picked":["Melter","Scrape+1","Compile Driver"],"picked":"SKIP","floor":42.0}],"player_experience":154705,"relics_obtained":[{"floor":6.0,"key":"Gremlin Horn"},{"floor":8.0,"key":"Pet Ghost"},{"floor":9.0,"key":"Replay:Antivirus Software"},{"floor":12.0,"key":"Meat on the Bone"},{"floor":22.0,"key":"ReplayTheSpireMod:Ring of Challenge"},{"floor":22.0,"key":"Ring of Hypnosis"},{"floor":24.0,"key":"Eternal Feather"},{"floor":27.0,"key":"Smiling Mask"},{"floor":42.0,"key":"Juzu Bracelet"},{"floor":43.0,"key":"Dream Catcher"}],"event_choices":[{"damage_healed":0.0,"max_hp_gain":0.0,"max_hp_loss":0.0,"gold_gain":0.0,"event_name":"The Woman in Blue","player_choice":"Bought 0 Potions","floor":14.0,"gold_loss":0.0,"damage_taken":0.0},{"damage_healed":0.0,"max_hp_gain":0.0,"max_hp_loss":25.0,"gold_gain":0.0,"event_name":"Vampires","player_choice":"Became a vampire","floor":25.0,"gold_loss":0.0,"damage_taken":0.0,"cards_obtained":["Bite","Bite","Bite","Bite","Bite"]},{"damage_healed":0.0,"max_hp_gain":0.0,"max_hp_loss":0.0,"gold_gain":0.0,"event_name":"Ghosts","player_choice":"Ignored","floor":30.0,"gold_loss":0.0,"damage_taken":0.0},{"damage_healed":0.0,"max_hp_gain":0.0,"max_hp_loss":0.0,"gold_gain":0.0,"event_name":"Match and Keep!","player_choice":"1 cards matched","floor":37.0,"gold_loss":0.0,"damage_taken":0.0,"cards_obtained":["Zap"]}],"is_beta":true,"boss_relics":[{"not_picked":["ChewingGum","Cursed Key"],"picked":"Sozu"},{"not_picked":["Runic Pyramid","Astrolabe"],"picked":"Replay:Drink Me"}],"items_purged_floors":[],"is_endless":false,"potions_floor_spawned":[6,7,8,11,12,18,19,33,38,39],"killed_by":"Transient","ascension_level":4}}