{"host":"nieu49hsh1dm9v6n","time":1608231374,"event":{"mods":["Aspiration","BaseMod","Better Third Choice","Hubris","Minty Spire (QoL Compilation)","StSLib","vexMod"],"gold_per_floor":[119,119,136,152,152,180,105,151,201,201,226,226,269,169,169,280,280,307,307,11,39,61,61,105,105,105,65,87,97,122,138,138,237,237,263,70,93,93,102,136,136,136,136],"floor_reached":42,"playtime":1420,"items_purged":["Strike_G","Defend_G","Defend_G"],"score":575,"play_id":"35c1c669-0be1-448c-ab3c-2f1a30b31c82","local_time":"20201217195614","is_ascension_mode":true,"campfire_choices":[{"data":"Riddle With Holes","floor":10.0,"key":"SMITH"},{"data":"Survivor","floor":12.0,"key":"SMITH"},{"data":"Leg Sweep","floor":15.0,"key":"SMITH"},{"data":"Footwork","floor":23,"key":"SMITH"},{"data":"Envenom","floor":25,"key":"SMITH"},{"data":"Dash","floor":32,"key":"SMITH"},{"data":"Blur","floor":41,"key":"SMITH"}],"circlet_count":0,"master_deck":["Strike_G","Strike_G","Strike_G+1","Strike_G","Defend_G","Defend_G","Defend_G","Survivor+1","Neutralize+1","Dagger Spray+1","Noxious Fumes+1","Poisoned Stab+1","Riddle With Holes+1","Backflip+1","Leg Sweep+1","Envenom+1","Dash+1","Footwork+1","Envenom+1","Backflip+1","Deadly Poison","Deadly Poison","Backflip+1","Catalyst+1","Blind","Blur+1"],"relics":["Ring of the Snake","aspiration:Nostalgia","Burning Blood","hubris:Towel","StrikeDummy","Vajra","Blood Vial","CeramicFish","hubris:FunFungus","vexMod:ImprovementManual","aspiration:VileToxins","TwistedFunnel","Letter Opener","hubris:MysteriousPyramids","Coffee Dripper","aspiration:Lifesprig","Du-Vu Doll"],"acts_visited":["Exordium","TheCity","TheBeyond"],"potions_floor_usage":[33,33,33,33,42,42,42],"damage_taken":[{"damage":2.0,"enemies":"Small Slimes","floor":1.0,"turns":3.0},{"damage":1.0,"enemies":"Jaw Worm","floor":3.0,"turns":5.0},{"damage":0.0,"enemies":"2 Louse","floor":4.0,"turns":2.0},{"damage":22.0,"enemies":"Lagavulin","floor":6.0,"turns":6.0},{"damage":9.0,"enemies":"Red Slaver","floor":11.0,"turns":3.0},{"damage":22.0,"enemies":"Gremlin Nob","floor":13.0,"turns":4.0},{"damage":28.0,"enemies":"Slime Boss","floor":16.0,"turns":9.0},{"damage":0,"enemies":"Chosen","floor":18,"turns":5},{"damage":7,"enemies":"2 Thieves","floor":21,"turns":3},{"damage":12,"enemies":"3 Cultists","floor":22,"turns":4},{"damage":13,"enemies":"Book of Stabbing","floor":24,"turns":6},{"damage":5,"enemies":"Centurion and Healer","floor":28,"turns":5},{"damage":3,"enemies":"Snake Plant","floor":29,"turns":5},{"damage":2,"enemies":"Snecko","floor":30,"turns":4},{"damage":13,"enemies":"3 Cultists","floor":31,"turns":5},{"damage":40,"enemies":"Champ","floor":33,"turns":10},{"damage":4,"enemies":"Orb Walker","floor":35,"turns":3},{"damage":48,"enemies":"Nemesis","floor":40,"turns":5},{"damage":42,"enemies":"Giant Head","floor":42,"turns":6}],"seed_played":"-8650510960866216681","potions_obtained":[{"floor":1.0,"key":"Ancient Potion"},{"floor":16.0,"key":"CultistPotion"},{"floor":18,"key":"CunningPotion"},{"floor":30,"key":"EntropicBrew"},{"floor":35,"key":"LiquidBronze"}],"is_trial":false,"path_per_floor":["M","?","M","M","T","E","$","T","T","R","M","R","E","$","R","B",null,"M","?","$","M","M","R","E","R","T","?","M","M","M","M","R","B",null,"M","$","T","?","?","E","R","E"],"character_chosen":"THE_SILENT","items_purchased":["aspiration:VileToxins","TwistedFunnel","Catalyst"],"campfire_rested":0,"item_purchase_floors":[20,20,36],"current_hp_per_floor":[70,70,70,70,70,54,54,54,54,54,53,53,39,39,39,19,70,70,70,70,69,65,65,60,60,60,60,63,68,70,63,63,32,70,70,70,70,70,70,28,28,0,0],"gold":136,"neow_bonus":"NOSTALGIA","is_daily":false,"chose_seed":false,"campfire_upgraded":7,"win_rate":0.0,"timestamp":1608231374,"path_taken":["M","?","M","M","?","E","?","?","T","R","M","R","E","$","R","BOSS","M","?","$","?","M","R","E","R","T","?","M","M","M","M","R","BOSS","M","$","?","?","?","E","R","E"],"items_purchased_type":["Relic","Relic","Card"],"build_version":"2020-12-13","purchased_purges":3,"victory":false,"max_hp_per_floor":[70,70,70,70,70,70,70,70,70,70,70,70,70,70,70,70,70,70,70,70,70,70,70,70,70,70,70,70,70,70,70,70,70,70,70,70,70,70,70,70,70,70,70],"card_choices":[{"not_picked":["Expertise","Crippling Poison"],"picked":"Dagger Spray","floor":1.0},{"not_picked":["Acrobatics","Backflip"],"picked":"Noxious Fumes","floor":3.0},{"not_picked":["Quick Slash","Cloak And Dagger"],"picked":"Poisoned Stab","floor":4.0},{"not_picked":["Backstab","Deflect"],"picked":"Riddle With Holes","floor":6.0},{"not_picked":["Flechettes","Bane"],"picked":"Backflip","floor":11.0},{"not_picked":["Accuracy","Endless Agony"],"picked":"Leg Sweep","floor":13.0},{"not_picked":["Malaise","Glass Knife"],"picked":"Envenom","floor":16.0},{"not_picked":["Quick Slash","Bane"],"picked":"Dash","floor":18},{"not_picked":["Concentrate","Backflip"],"picked":"Footwork","floor":21},{"not_picked":["PiercingWail","Underhanded Strike"],"picked":"Envenom","floor":22},{"not_picked":["Outmaneuver","Flying Knee"],"picked":"Backflip+1","floor":24},{"not_picked":["Cloak And Dagger","Outmaneuver"],"picked":"Deadly Poison","floor":28},{"not_picked":["Dagger Throw","Blade Dance","Endless Agony"],"picked":"SKIP","floor":29},{"not_picked":["Tactician","Acrobatics+1"],"picked":"Deadly Poison","floor":30},{"not_picked":["Slice","Tactician+1","Dagger Throw"],"picked":"SKIP","floor":31},{"not_picked":["Accuracy+1","Endless Agony"],"picked":"Backflip+1","floor":35},{"not_picked":["Mind Blast","Flash of Steel"],"picked":"Blind","floor":39},{"not_picked":["Skewer","Deadly Poison"],"picked":"Blur","floor":40}],"player_experience":208707,"relics_obtained":[{"floor":5.0,"key":"StrikeDummy"},{"floor":6.0,"key":"Vajra"},{"floor":8.0,"key":"Blood Vial"},{"floor":9.0,"key":"CeramicFish"},{"floor":13.0,"key":"hubris:FunFungus"},{"floor":24,"key":"Letter Opener"},{"floor":26,"key":"hubris:MysteriousPyramids"},{"floor":37,"key":"aspiration:Lifesprig"},{"floor":40,"key":"Du-Vu Doll"}],"event_choices":[{"damage_healed":0,"gold_gain":0,"player_choice":"Full Heal","damage_taken":0,"max_hp_gain":0,"max_hp_loss":0,"event_name":"Wheel of Change","floor":19,"gold_loss":0},{"damage_healed":0,"gold_gain":0,"player_choice":"Upgraded Two","damage_taken":0,"max_hp_gain":0,"max_hp_loss":0,"event_name":"Designer","floor":27,"gold_loss":40,"cards_upgraded":["Strike_G","Dagger Spray"]},{"damage_healed":0,"gold_gain":0,"player_choice":"Memory 1","damage_taken":0,"max_hp_gain":0,"max_hp_loss":0,"event_name":"SensoryStone","floor":39,"gold_loss":0}],"is_beta":false,"boss_relics":[{"not_picked":["hubris:TerracottaHorce","aspiration:FutureDiary"],"picked":"vexMod:ImprovementManual"},{"not_picked":["hubris:BlackHole","Snecko Eye"],"picked":"Coffee Dripper"}],"items_purged_floors":[7,14,36],"is_endless":false,"potions_floor_spawned":[1,16,18,22,24,30,31,35],"killed_by":"Giant Head","ascension_level":4}}