{"host":"3c27c697js19kaoo","time":1608186993,"event":{"mods":["BaseMod","Dota2Spire","Hermit","Minty Spire (QoL Compilation)","Quick Restart","Remilia£®¿Ÿ√◊¿Ú—«£©","Replay The Spire","Robot Space Explorer","Spicy Shops","StSLib","The Alterego","The Cursed","The Servant 0.9.4","vexMod","°æ“≈ŒÔø®≈∆°øREMEMod"],"gold_per_floor":[118,118,118,118,43,74,84,104,104,27,46,46,46],"floor_reached":12,"playtime":798,"items_purged":["Regret"],"score":118,"play_id":"40a05bad-f7da-45ab-8a1f-40a5fbdae40f","local_time":"20201217143633","is_ascension_mode":true,"campfire_choices":[],"circlet_count":0,"master_deck":["TheCursedMod:Strike_TheCursed","TheCursedMod:Strike_TheCursed","TheCursedMod:Strike_TheCursed","TheCursedMod:Strike_TheCursed","TheCursedMod:Defend_TheCursed","TheCursedMod:Defend_TheCursed","TheCursedMod:Defend_TheCursed","TheCursedMod:Defend_TheCursed","TheCursedMod:CursedWand","TheCursedMod:CleanUpWorkshop","TheCursedMod:Dregs","ForecastOfChange","TheCursedMod:StingEye"],"relics":["TheCursedMod:BlackMagic101","REME_ComplimentaryCards","NeowsBlessing","PrismaticShard","Shovel","Boot","Bird Faced Urn","vexMod:Cooldron"],"acts_visited":["Exordium"],"potions_floor_usage":[11],"damage_taken":[{"damage":0,"enemies":"2 Louse","floor":1,"turns":1},{"damage":0,"enemies":"Gremlin Nob","floor":6,"turns":1},{"damage":0,"enemies":"Jaw Worm","floor":7,"turns":1},{"damage":0,"enemies":"Small Slimes","floor":8,"turns":3},{"damage":7,"enemies":"Blue Slaver","floor":11,"turns":4},{"damage":15,"enemies":"3 Sentries","floor":12,"turns":3}],"seed_played":"-7868835932169883897","potions_obtained":[{"floor":1,"key":"GamblersBrew"},{"floor":8,"key":"TheCursedMod:DregsPotion"},{"floor":11,"key":"EntropicBrew"}],"is_trial":false,"path_per_floor":["M","?","?","?","$","E","M","M","T","$","M","E"],"character_chosen":"THE_CURSED","items_purchased":["vexMod:Cooldron"],"campfire_rested":0,"item_purchase_floors":[10],"current_hp_per_floor":[75,75,75,68,68,68,68,70,70,70,63,54,54],"gold":46,"neow_bonus":"THREE_ENEMY_KILL","is_daily":false,"chose_seed":false,"campfire_upgraded":0,"win_rate":0.0,"timestamp":1608186993,"path_taken":["M","?","?","?","$","E","M","M","T","?","M","E"],"items_purchased_type":["Relic"],"build_version":"2020-12-13","purchased_purges":1,"victory":false,"max_hp_per_floor":[75,75,75,75,75,75,75,75,75,75,75,75,75],"card_choices":[{"not_picked":["TheCursedMod:SoulReap","TheCursedMod:TroublousMinions"],"picked":"TheCursedMod:StingEye","floor":1},{"not_picked":["Defy","Maim","TheCursedMod:AntiAging"],"picked":"SKIP","floor":6},{"not_picked":["hermit:Headshot","TheCursedMod:BloodBarrier","TheCursedMod:DoubleShield"],"picked":"SKIP","floor":7},{"not_picked":["Twin Strike","TheCursedMod:RavingStaff","hermit:Desperado"],"picked":"SKIP","floor":8},{"not_picked":["Whirlwind","ScarletGensokyo","HellCatastrophe"],"picked":"SKIP","floor":11}],"player_experience":126477,"relics_obtained":[{"floor":6,"key":"Boot"},{"floor":9,"key":"Bird Faced Urn"}],"event_choices":[{"damage_healed":0,"gold_gain":0,"player_choice":"Box","damage_taken":0,"relics_obtained":["Shovel"],"max_hp_gain":0,"max_hp_loss":0,"event_name":"Big Fish","floor":3,"gold_loss":0,"cards_obtained":["Regret"]},{"cards_removed":["Replay:Hysterical Blindness"],"damage_healed":0,"gold_gain":0,"player_choice":"Card Removal","damage_taken":7,"max_hp_gain":0,"max_hp_loss":0,"event_name":"Golden Wing","floor":4,"gold_loss":0}],"is_beta":false,"boss_relics":[],"items_purged_floors":[5],"is_endless":false,"potions_floor_spawned":[1,8,11],"killed_by":"3 Sentries","ascension_level":3}}