{"host":"8u7tvcybuv0u72fd","time":1608168465,"event":{"mods":["BaseMod","BetterRewards","Colored Map","Colored Powertips","Minty Spire (QoL Compilation)","Quick Restart","Shop Mod"],"gold_per_floor":[111,111,111,111,128,158,158,184,184,184,203,128,128,128,128,224,224,241,241,259,274,284,309,309,309,380,66,96,96,96,107,107,203,203,219,231,231,276,322,322,337,352,378,207,187,107,107,117,117,117,117,117,65,97,97,97],"floor_reached":55,"playtime":3153,"items_purged":["Strike_R","Decay","Doubt","Decay"],"score":961,"play_id":"0fe326f1-95e6-42d0-8158-36736c4bc042","local_time":"20201216202745","is_ascension_mode":false,"campfire_choices":[{"data":"Headbutt","floor":7.0,"key":"SMITH"},{"data":"Body Slam","floor":10.0,"key":"SMITH"},{"data":"Clash","floor":13.0,"key":"SMITH"},{"floor":15.0,"key":"RECALL"},{"data":"Rampage","floor":24.0,"key":"SMITH"},{"data":"Limit Break","floor":32.0,"key":"SMITH"},{"data":"Double Tap","floor":40,"key":"SMITH"},{"data":"Enlightenment","floor":47,"key":"SMITH"},{"data":"Reaper","floor":49,"key":"SMITH"},{"data":"Iron Wave","floor":52,"key":"SMITH"}],"circlet_count":0,"master_deck":["Strike_R","Strike_R","Strike_R","Strike_R","Defend_R","Defend_R","Defend_R","Defend_R","Bash+1","Shrug It Off+1","Headbutt+1","Body Slam+1","Clash+1","Reaper+1","Flex+1","Rampage+1","Iron Wave+1","Limit Break+1","Double Tap+1","Heavy Blade+1","Enlightenment+1","Sever Soul+1","Parasite","Dropkick+1"],"relics":["Burning Blood","Thread and Needle","Vajra","CaptainsWheel","Cursed Key","Ice Cream","HornCleat","Magic Flower","Bronze Scales","MerchantsRug","Oddly Smooth Stone","Lantern"],"acts_visited":["Exordium","TheCity","TheBeyond","TheEnding"],"potions_floor_usage":[44,54,55,55],"damage_taken":[{"damage":2.0,"enemies":"Cultist","floor":1.0,"turns":3.0},{"damage":0.0,"enemies":"2 Louse","floor":5.0,"turns":2.0},{"damage":0.0,"enemies":"3 Sentries","floor":6.0,"turns":11.0},{"damage":13.0,"enemies":"Gremlin Nob","floor":8.0,"turns":4.0},{"damage":0.0,"enemies":"Small Slimes","floor":11.0,"turns":2.0},{"damage":16.0,"enemies":"Hexaghost","floor":16.0,"turns":6.0},{"damage":6.0,"enemies":"Chosen","floor":18.0,"turns":2.0},{"damage":0.0,"enemies":"Spheric Guardian","floor":20.0,"turns":3.0},{"damage":1.0,"enemies":"Snecko","floor":21.0,"turns":5.0},{"damage":3.0,"enemies":"3 Cultists","floor":22.0,"turns":4.0},{"damage":4.0,"enemies":"Gremlin Leader","floor":23.0,"turns":5.0},{"damage":8.0,"enemies":"Slavers","floor":28.0,"turns":5.0},{"damage":0.0,"enemies":"Centurion and Healer","floor":31.0,"turns":5.0},{"damage":18.0,"enemies":"Automaton","floor":33.0,"turns":6.0},{"damage":21.0,"enemies":"3 Darklings","floor":35.0,"turns":5.0},{"damage":15.0,"enemies":"3 Shapes","floor":36.0,"turns":2.0},{"damage":35,"enemies":"2 Orb Walkers","floor":39,"turns":5},{"damage":22,"enemies":"Sphere and 2 Shapes","floor":41,"turns":3},{"damage":23,"enemies":"Transient","floor":42,"turns":5},{"damage":6,"enemies":"4 Shapes","floor":48,"turns":4},{"damage":86,"enemies":"Time Eater","floor":50,"turns":8},{"damage":77,"enemies":"Shield and Spear","floor":54,"turns":8},{"damage":109,"enemies":"The Heart","floor":55,"turns":6}],"seed_played":"-2768697546634751323","potions_obtained":[{"floor":1.0,"key":"Fire Potion"},{"floor":8.0,"key":"DuplicationPotion"},{"floor":16.0,"key":"Fire Potion"},{"floor":18.0,"key":"LiquidBronze"},{"floor":22.0,"key":"LiquidMemories"},{"floor":31.0,"key":"Weak Potion"},{"floor":33.0,"key":"Fire Potion"},{"floor":39,"key":"CultistPotion"},{"floor":41,"key":"EssenceOfSteel"},{"floor":45,"key":"LiquidMemories"}],"is_trial":false,"path_per_floor":["M","?","?","?","M","E","R","E","T","R","M","$","R","?","R","B",null,"M","?","M","M","M","E","R","?","T","$","E","T","$","M","R","B",null,"M","M","?","T","?","R","M","M","T","$","?","$","R","M","R","B",null,"R","$","E","B"],"character_chosen":"IRONCLAD","items_purchased":["Thread and Needle","Shrug It Off","Swift Potion","Limit Break","Tiny Chest","MerchantsRug","Fruit Juice","Oddly Smooth Stone","Block Potion"],"campfire_rested":0,"item_purchase_floors":[0,0,0,27,27,44,44,46,53],"current_hp_per_floor":[74,55,55,55,61,67,67,60,60,60,66,66,66,71,71,61,99,99,79,85,95,104,104,104,104,104,104,104,111,111,111,111,99,111,106,105,105,105,76,76,77,91,91,96,96,96,96,99,99,22,116,116,116,81,0,0],"gold":97,"neow_bonus":"","is_daily":false,"chose_seed":false,"campfire_upgraded":9,"win_rate":0.0,"timestamp":1608168465,"path_taken":["M","?","?","?","M","E","R","E","T","R","?","$","R","?","R","BOSS","M","?","M","M","M","E","R","?","T","?","E","?","$","M","R","BOSS","M","?","?","?","?","R","M","M","T","$","?","$","R","M","R","BOSS","R","$","E","BOSS"],"items_purchased_type":["Relic","Card","Potion","Card","Relic","Relic","Potion","Relic","Potion"],"build_version":"2020-12-13","purchased_purges":4,"victory":false,"max_hp_per_floor":[94,94,94,94,94,94,94,94,94,94,94,94,94,99,99,99,99,99,104,104,104,104,104,104,104,104,104,104,111,111,111,111,111,111,111,111,111,111,111,111,111,111,111,116,116,116,116,116,116,116,116,116,116,116,116,116],"card_choices":[{"not_picked":["Blood for Blood","Whirlwind","Dropkick"],"picked":"SKIP","floor":1.0},{"not_picked":["Havoc","Iron Wave"],"picked":"Headbutt","floor":5.0},{"not_picked":["Warcry","Sentinel","Exhume"],"picked":"SKIP","floor":6.0},{"not_picked":["Armaments","Warcry"],"picked":"Body Slam","floor":8.0},{"not_picked":["Clothesline","Dropkick"],"picked":"Clash","floor":11.0},{"not_picked":["Fiend Fire","Exhume"],"picked":"Reaper","floor":16.0},{"not_picked":["Second Wind+1","Pommel Strike","Flex"],"picked":"SKIP","floor":18.0},{"not_picked":["Pommel Strike","Iron Wave","Shrug It Off+1"],"picked":"SKIP","floor":20.0},{"not_picked":["Juggernaut","Flex","Iron Wave"],"picked":"SKIP","floor":21.0},{"not_picked":["Sword Boomerang","Dark Embrace"],"picked":"Flex+1","floor":22.0},{"not_picked":["Clash","True Grit+1"],"picked":"Rampage","floor":23.0},{"not_picked":["Perfected Strike","Shockwave","Flex"],"picked":"SKIP","floor":28.0},{"not_picked":["Dark Embrace","Cleave","Anger"],"picked":"SKIP","floor":31.0},{"not_picked":["Feed","Reaper"],"picked":"Double Tap","floor":33.0},{"not_picked":["Bloodletting+1","Flex"],"picked":"Heavy Blade+1","floor":35.0},{"not_picked":["Combust+1","Blood for Blood+1","Disarm+1"],"picked":"SKIP","floor":36.0},{"not_picked":["Iron Wave+1","Burning Pact+1"],"picked":"Sever Soul+1","floor":39},{"not_picked":["Evolve+1","Pummel","Heavy Blade"],"picked":"SKIP","floor":41},{"not_picked":["Thunderclap","Inflame","Warcry"],"picked":"SKIP","floor":42},{"not_picked":["Anger","Flex+1","Havoc+1"],"picked":"SKIP","floor":48},{"not_picked":["Body Slam+1","Heavy Blade+1"],"picked":"Dropkick+1","floor":54}],"player_experience":1159827,"relics_obtained":[{"floor":6.0,"key":"Unceasing Top"},{"floor":8.0,"key":"Vajra"},{"floor":9.0,"key":"CaptainsWheel"},{"floor":23.0,"key":"Ice Cream"},{"floor":26.0,"key":"HornCleat"},{"floor":28.0,"key":"Shovel"},{"floor":29.0,"key":"Strawberry"},{"floor":39,"key":"Magic Flower"},{"floor":43,"key":"Bronze Scales"},{"floor":54,"key":"Lantern"}],"event_choices":[{"damage_healed":0.0,"max_hp_gain":0.0,"max_hp_loss":0.0,"gold_gain":0.0,"event_name":"Shining Light","player_choice":"Entered Light","floor":2.0,"gold_loss":0.0,"damage_taken":19.0,"cards_upgraded":["Bash","Shrug It Off"]},{"damage_healed":0.0,"max_hp_gain":0.0,"max_hp_loss":0.0,"gold_gain":0.0,"event_name":"Scrap Ooze","player_choice":"Fled","floor":3.0,"gold_loss":0.0,"damage_taken":0.0},{"damage_healed":0.0,"max_hp_gain":0.0,"max_hp_loss":0.0,"gold_gain":0.0,"event_name":"WeMeetAgain","player_choice":"Ignored","floor":4.0,"gold_loss":0.0,"damage_taken":0.0},{"damage_healed":0.0,"max_hp_gain":5.0,"max_hp_loss":0.0,"gold_gain":0.0,"event_name":"Big Fish","player_choice":"Donut","floor":14.0,"gold_loss":0.0,"damage_taken":0.0},{"damage_healed":0.0,"max_hp_gain":5.0,"max_hp_loss":0.0,"gold_gain":0.0,"event_name":"Forgotten Altar","player_choice":"Shed Blood","floor":19.0,"gold_loss":0.0,"damage_taken":25.0},{"damage_healed":0.0,"max_hp_gain":0.0,"max_hp_loss":0.0,"gold_gain":0.0,"event_name":"The Library","player_choice":"Read","floor":25.0,"gold_loss":0.0,"damage_taken":0.0,"cards_obtained":["Iron Wave"]},{"damage_healed":0,"gold_gain":0,"player_choice":"1 cards matched","damage_taken":0,"max_hp_gain":0,"max_hp_loss":0,"event_name":"Match and Keep!","floor":37,"gold_loss":0,"cards_obtained":["Enlightenment"]},{"damage_healed":0,"gold_gain":0,"player_choice":"Fight","damage_taken":0,"max_hp_gain":0,"max_hp_loss":0,"event_name":"Mysterious Sphere","floor":39,"gold_loss":0},{"damage_healed":0,"gold_gain":0,"player_choice":"Bought 1 Potion","damage_taken":0,"max_hp_gain":0,"max_hp_loss":0,"event_name":"The Woman in Blue","floor":45,"gold_loss":0}],"is_beta":false,"boss_relics":[{"not_picked":["Sozu","Velvet Choker"],"picked":"Cursed Key"},{"not_picked":["Pandora\u0027s Box","Runic Dome"],"picked":"Runic Cube"}],"items_purged_floors":[12,27,44,46],"is_endless":false,"potions_floor_spawned":[1,8,16,18,22,31,33,39,41],"killed_by":"The Heart","ascension_level":0}}