{"host":"684z1xpuwaoqmmh1","time":1608237767,"event":{"mods":["Bard","BaseMod","Downfall","Hermit","Jorbs\u0027s Wanderer Trilogy","Marisa????????","Minty Spire (QoL Compilation)","StSLib","The Hierophant","The Mystic","The Runesmith"],"gold_per_floor":[217,392,423,451,479,505,505,536,106,106,208,208,219,318,318,166,199,223,223,256,268,297,309,321,321],"floor_reached":48,"playtime":921,"items_purged":["Doubt"],"score":526,"play_id":"94f86a9f-4674-489f-afbb-5fe57b3e14d9","local_time":"20201217224247","is_ascension_mode":true,"campfire_choices":[{"data":"stsjorbsmod:CULLCard","floor":15.0,"key":"SMITH"}],"circlet_count":0,"master_deck":["stsjorbsmod:CULLCard+1","stsjorbsmod:Apparition_Cull","stsjorbsmod:Strike_Cull","stsjorbsmod:Strike_Cull","stsjorbsmod:Strike_Cull","stsjorbsmod:Strike_Cull","stsjorbsmod:Paralysis","stsjorbsmod:SpiritShield_Cull","stsjorbsmod:Exhale","stsjorbsmod:Withering","stsjorbsmod:MirroredTechnique","stsjorbsmod:Assertion","stsjorbsmod:Poultergeist","stsjorbsmod:Wail","stsjorbsmod:Overkill","stsjorbsmod:Phantasm","stsjorbsmod:Feint","stsjorbsmod:Cyclone","Apotheosis","stsjorbsmod:Mirror","stsjorbsmod:ShrapnelBloom","stsjorbsmod:DemonicCoup","stsjorbsmod:WastingStrike+1","stsjorbsmod:Sentinel_Cull","stsjorbsmod:SilverStrike","stsjorbsmod:Goosebumps+1"],"relics":["stsjorbsmod:BookOfTrialsRelic","NeowsBlessing","PreservedInsect","Pantograph","Blood Vial","Anchor","Oddly Smooth Stone","ClockworkSouvenir","Fusion Hammer","Orichalcum","Ancient Tea Set","Vajra","MawBank"],"acts_visited":["Exordium","TheCity"],"potions_floor_usage":[48,48],"damage_taken":[{"damage":1.0,"enemies":"Cultist","floor":1.0,"turns":3.0},{"damage":0.0,"enemies":"Gremlin Nob","floor":6.0,"turns":1.0},{"damage":0.0,"enemies":"3 Sentries","floor":7.0,"turns":1.0},{"damage":22.0,"enemies":"Lagavulin","floor":8.0,"turns":6.0},{"damage":2.0,"enemies":"Gremlin Nob","floor":16.0,"turns":3.0},{"damage":0.0,"enemies":"Slime Boss","floor":21.0,"turns":7.0},{"damage":1.0,"enemies":"3 Byrds","floor":29.0,"turns":3.0},{"damage":4,"enemies":"Gremlin Leader","floor":36,"turns":4},{"damage":0,"enemies":"Slavers","floor":42,"turns":2},{"damage":4,"enemies":"Shell Parasite","floor":45,"turns":3},{"damage":66,"enemies":"Automaton","floor":48,"turns":6}],"seed_played":"3240304016731215057","potions_obtained":[{"floor":8.0,"key":"Energy Potion"},{"floor":16.0,"key":"Block Potion"},{"floor":45,"key":"sneckomod:MuddlingPotion"}],"is_trial":false,"path_per_floor":["M","?","E","E","E","T","R","E","$","R","B",null,"M","?","R","$","E","T","R","E","R","M","R","B"],"character_chosen":"CULL","items_purchased":["stsjorbsmod:Cyclone","ClockworkSouvenir","Apotheosis","Orichalcum"],"campfire_rested":0,"item_purchase_floors":[19,19,19,35],"current_hp_per_floor":[67,67,67,67,42,42,42,42,42,48,51,51,48,48,58,58,51,51,54,53,55,49,53,0,0],"gold":321,"neow_bonus":"THREE_ENEMY_KILL","is_daily":false,"chose_seed":false,"campfire_upgraded":1,"win_rate":0.0,"timestamp":1608237767,"path_taken":["M","?","E","E","E","T","R","E","$","R","BOSS","M","?","R","$","E","T","R","E","R","M","R","BOSS"],"items_purchased_type":["Card","Relic","Card","Relic"],"build_version":"2020-12-13","purchased_purges":1,"victory":false,"max_hp_per_floor":[67,67,67,67,59,59,59,56,56,57,51,51,48,48,58,58,51,51,54,53,55,51,53,41,41],"card_choices":[{"not_picked":["stsjorbsmod:Accumulation","stsjorbsmod:FocusedRage"],"picked":"stsjorbsmod:Poultergeist","floor":1.0},{"not_picked":["stsjorbsmod:WastingStrike","stsjorbsmod:Anxiety"],"picked":"stsjorbsmod:Wail","floor":6.0},{"not_picked":["stsjorbsmod:Damnation","stsjorbsmod:Panic"],"picked":"stsjorbsmod:Overkill","floor":7.0},{"not_picked":["stsjorbsmod:Accumulation","stsjorbsmod:SilverStrike"],"picked":"stsjorbsmod:Phantasm","floor":8.0},{"not_picked":["stsjorbsmod:Accumulation","stsjorbsmod:SilverStrike"],"picked":"stsjorbsmod:Feint","floor":16.0},{"not_picked":["stsjorbsmod:Intervention","stsjorbsmod:Summoning"],"picked":"stsjorbsmod:Mirror","floor":21.0},{"not_picked":["stsjorbsmod:Pollute","stsjorbsmod:FocusedRage"],"picked":"stsjorbsmod:WastingStrike+1","floor":29.0},{"not_picked":["stsjorbsmod:Overkill","stsjorbsmod:FindWeakness"],"picked":"stsjorbsmod:Sentinel_Cull","floor":36},{"not_picked":["stsjorbsmod:Strife","stsjorbsmod:Overkill"],"picked":"stsjorbsmod:SilverStrike","floor":42},{"not_picked":["stsjorbsmod:WastingStrike+1","stsjorbsmod:Apparate"],"picked":"stsjorbsmod:Goosebumps+1","floor":45}],"player_experience":2360779,"relics_obtained":[{"floor":6.0,"key":"PreservedInsect"},{"floor":7.0,"key":"Pantograph"},{"floor":8.0,"key":"Blood Vial"},{"floor":14.0,"key":"Anchor"},{"floor":16.0,"key":"Oddly Smooth Stone"},{"floor":36,"key":"Ancient Tea Set"},{"floor":40,"key":"Vajra"},{"floor":42,"key":"MawBank"}],"event_choices":[{"damage_healed":0.0,"max_hp_gain":0.0,"max_hp_loss":0.0,"gold_gain":175.0,"event_name":"Liars Game","player_choice":"AGREE","floor":4.0,"gold_loss":0.0,"damage_taken":0.0,"cards_obtained":["Doubt"]},{"damage_healed":0.0,"max_hp_gain":0.0,"max_hp_loss":0.0,"gold_gain":99.0,"event_name":"Nest","player_choice":"Stole From Cult","floor":32.0,"gold_loss":0.0,"damage_taken":0.0}],"is_beta":false,"boss_relics":[{"not_picked":["Snecko Eye","Runic Pyramid"],"picked":"Fusion Hammer"}],"items_purged_floors":[19],"is_endless":false,"potions_floor_spawned":[8,16,45],"killed_by":"Automaton","ascension_level":1}}