{"host":"h4390p13uu6iw1q5","time":1608163759,"event":{"mods":["BaseMod","Colored Map","Minty Spire (QoL Compilation)"],"gold_per_floor":[362,5,20,20,20,20,20,36,61,61,61,71,90,103,103,207,207,147,25,0,0,0,0,0,0],"floor_reached":24,"playtime":837,"items_purged":["Defend_B"],"score":351,"play_id":"37465b8f-335d-40b5-bd7b-34119eced8cb","local_time":"20201216190919","is_ascension_mode":true,"campfire_choices":[{"data":"Zap","floor":6,"key":"SMITH"},{"data":"Defragment","floor":10,"key":"SMITH"},{"data":"Consume","floor":15,"key":"SMITH"},{"data":"Glacier","floor":23,"key":"SMITH"}],"circlet_count":0,"master_deck":["Strike_B","Strike_B","Defend_B","Defend_B+1","Defend_B","Zap+1","Dualcast","White Noise+1","Capacitor","Panacea","Genetic Algorithm","Defragment+1","Rebound","Consume+1","Chill","Echo Form","Glacier+1","Sweeping Beam","Loop","Cold Snap","Core Surge"],"relics":["Cracked Core","PreservedInsect","Lizard Tail","Juzu Bracelet","Vajra","Nuclear Battery"],"acts_visited":["Exordium","TheCity"],"potions_floor_usage":[7,16,16,18],"damage_taken":[{"damage":2,"enemies":"Jaw Worm","floor":1,"turns":4},{"damage":11,"enemies":"Cultist","floor":3,"turns":4},{"damage":17,"enemies":"3 Sentries","floor":7,"turns":3},{"damage":10,"enemies":"Small Slimes","floor":8,"turns":4},{"damage":1,"enemies":"2 Fungi Beasts","floor":12,"turns":3},{"damage":4,"enemies":"Red Slaver","floor":13,"turns":3},{"damage":9,"enemies":"Looter","floor":14,"turns":3},{"damage":0,"enemies":"Slime Boss","floor":16,"turns":7},{"damage":26,"enemies":"2 Thieves","floor":18,"turns":4},{"damage":65,"enemies":"Gremlin Leader","floor":24,"turns":7}],"seed_played":"2274222075069832126","potions_obtained":[{"floor":1,"key":"SmokeBomb"},{"floor":3,"key":"FearPotion"},{"floor":13,"key":"EssenceOfDarkness"},{"floor":14,"key":"BlessingOfTheForge"}],"is_trial":false,"path_per_floor":["M","$","M","?","T","R","E","M","T","R","?","M","M","M","R","B",null,"M","$","?","?","?","R","E"],"character_chosen":"DEFECT","items_purchased":["PreservedInsect","Capacitor","Panacea","Sweeping Beam","Loop"],"campfire_rested":0,"item_purchase_floors":[2,2,2,19,19],"current_hp_per_floor":[48,48,37,22,22,22,5,37,37,37,37,36,32,23,23,23,62,36,36,36,36,61,61,0,0],"gold":0,"neow_bonus":"TWO_FIFTY_GOLD","is_daily":false,"chose_seed":false,"campfire_upgraded":4,"win_rate":0.0,"timestamp":1608163759,"path_taken":["M","$","M","?","?","R","E","M","T","R","?","M","M","M","R","BOSS","M","$","?","?","?","R","E"],"items_purchased_type":["Relic","Card","Card","Card","Card"],"build_version":"2020-12-13","purchased_purges":1,"victory":false,"max_hp_per_floor":[75,75,75,75,75,75,75,75,75,75,75,75,75,75,75,75,75,75,75,75,75,75,75,75,75],"card_choices":[{"not_picked":["Hello World","Hologram"],"picked":"White Noise","floor":1},{"not_picked":["Cold Snap","Streamline"],"picked":"Genetic Algorithm","floor":3},{"not_picked":["Steam Power","FTL"],"picked":"Defragment","floor":8},{"not_picked":["Barrage","Self Repair"],"picked":"Rebound","floor":12},{"not_picked":["Turbo","Go for the Eyes"],"picked":"Consume","floor":13},{"not_picked":["Aggregate","Static Discharge"],"picked":"Chill","floor":14},{"not_picked":["Meteor Strike","Biased Cognition"],"picked":"Echo Form","floor":16},{"not_picked":["Conserve Battery","Reprogram+1"],"picked":"Glacier","floor":18}],"player_experience":2379048,"relics_obtained":[{"floor":5,"key":"Lizard Tail"},{"floor":9,"key":"Juzu Bracelet"},{"floor":11,"key":"Vajra"}],"event_choices":[{"damage_healed":0,"gold_gain":0,"player_choice":"Entered Light","damage_taken":15,"max_hp_gain":0,"max_hp_loss":0,"event_name":"Shining Light","floor":4,"gold_loss":0,"cards_upgraded":["White Noise","Defend_B"]},{"damage_healed":0,"gold_gain":0,"player_choice":"Relic","damage_taken":0,"max_hp_gain":0,"max_hp_loss":0,"event_name":"Wheel of Change","floor":11,"gold_loss":0},{"damage_healed":0,"gold_gain":0,"player_choice":"Paid Fearfully","damage_taken":0,"max_hp_gain":0,"max_hp_loss":0,"event_name":"Masked Bandits","floor":20,"gold_loss":25},{"damage_healed":0,"gold_gain":0,"cards_transformed":["Strike_B","Strike_B"],"player_choice":"Became Test Subject","damage_taken":0,"max_hp_gain":0,"max_hp_loss":0,"event_name":"Drug Dealer","floor":21,"gold_loss":0,"cards_obtained":["Cold Snap","Core Surge"]},{"damage_healed":25,"gold_gain":0,"player_choice":"Heal","damage_taken":0,"max_hp_gain":0,"max_hp_loss":0,"event_name":"The Library","floor":22,"gold_loss":0}],"is_beta":false,"boss_relics":[{"not_picked":["Runic Pyramid","Sozu"],"picked":"Nuclear Battery"}],"items_purged_floors":[2],"is_endless":false,"potions_floor_spawned":[1,3,13,14],"killed_by":"Gremlin Leader","ascension_level":9}}