{"host":"jxajaf4sdikd2b60","time":1608188763,"event":{"mods":["AchievementEnabler","BaseMod","Better Match","Better Note","Better Skull","Better Third Choice","BetterRewards","Colored Powertips","Conspire","Custom Start","Downfall","Infinite Spire","Minty Spire (QoL Compilation)","Quick Restart","Random Character Button","Replay The Spire","Spicy Shops","StSLib","The Blue Laboratory"],"gold_per_floor":[114,114,134,134,34,34,65,65,65,85,102,102,122,122,122,217,217,237,237,162,162,173,173,193,193,193,227,44,64,74,74,74,171,171,189,239,274,399,416,416,219,219,219,245,88,102,102,117,117,117],"floor_reached":51,"playtime":1757,"items_purged":["Guardian:Aged","Strike_R","ReplayTheSpireMod:Limb From Limb+1","Strike_R"],"score":876,"play_id":"78e39765-b6db-404b-8c10-47a8854e3bc8","local_time":"20201217020603","is_ascension_mode":true,"campfire_choices":[{"data":"ReplayTheSpireMod:Limb From Limb","floor":6,"key":"SMITH"},{"data":"Pummel","floor":8,"key":"SMITH"},{"data":"ReplayTheSpireMod:Limb From Limb","floor":12,"key":"SMITH"},{"data":"Neutralize","floor":15,"key":"SMITH"},{"data":"Whirlwind","floor":23,"key":"SMITH"},{"data":"Cleave","floor":25,"key":"SMITH"},{"data":"Inflame","floor":32,"key":"SMITH"},{"floor":40,"key":"REST"},{"data":"Survivor","floor":40,"key":"SMITH"},{"floor":42,"key":"REST"},{"data":"Shrug It Off","floor":42,"key":"SMITH"},{"floor":47,"key":"REST"},{"data":"Heavy Blade","floor":47,"key":"SMITH"},{"data":"Defend_R","floor":49,"key":"SMITH"}],"circlet_count":0,"master_deck":["Strike_R","Strike_R","Defend_R+1","Defend_R","Defend_R","Defend_R","Limit Break+1","Limit Break+1","Cleave+1","Pummel+1","ReplayTheSpireMod:Limb From Limb+1","Whirlwind+1","Survivor+1","Neutralize+1","Shockwave+1","Inflame+1","Inflame","Shrug It Off+1","Heavy Blade+1","Disarm"],"relics":["Black Blood","DollysMirror","Brimstone","infinitespire:Golems Mask","ReplayTheSpireMod:CursedCoin","ReplayTheSpireMod:Spearhead","Quantum Egg","infinitespire:CursedDice","Strawberry","Omamori","conspire:SpecialSausage","infinitespire:Magic Flask","Incense Burner","Mercury Hourglass","Counterbalance","Ancient Tea Set","Blood Vial"],"acts_visited":["Exordium","TheCity","TheBeyond"],"potions_floor_usage":[30,37,50],"damage_taken":[{"damage":6,"enemies":"Small Slimes","floor":1,"turns":2},{"damage":4,"enemies":"2 Louse","floor":3,"turns":2},{"damage":2,"enemies":"3 Sentries","floor":7,"turns":3},{"damage":0,"enemies":"Jaw Worm","floor":10,"turns":1},{"damage":5,"enemies":"2 Fungi Beasts","floor":11,"turns":2},{"damage":7,"enemies":"Exordium Wildlife","floor":13,"turns":3},{"damage":0,"enemies":"Fading Forest","floor":16,"turns":6},{"damage":13,"enemies":"Spheric Guardian","floor":18,"turns":3},{"damage":0,"enemies":"Chosen","floor":22,"turns":2},{"damage":11,"enemies":"Centurion and Healer","floor":24,"turns":3},{"damage":2,"enemies":"Gremlin Leader","floor":27,"turns":3},{"damage":10,"enemies":"Cultist and Chosen","floor":29,"turns":3},{"damage":16,"enemies":"Chosen and Byrds","floor":30,"turns":3},{"damage":27,"enemies":"Automaton","floor":33,"turns":4},{"damage":19,"enemies":"3 Darklings","floor":35,"turns":3},{"damage":36,"enemies":"Mind Bloom Boss Battle","floor":36,"turns":4},{"damage":19,"enemies":"conspire:MimicChest","floor":37,"turns":3},{"damage":21,"enemies":"3 Shapes","floor":39,"turns":3},{"damage":40,"enemies":"Reptomancer","floor":44,"turns":3},{"damage":22,"enemies":"Maw","floor":46,"turns":4},{"damage":0,"enemies":"3 Darklings","floor":48,"turns":2},{"damage":86,"enemies":"infinitespire:MassOfShapes","floor":50,"turns":5}],"seed_played":"5439490481000551423","potions_obtained":[{"floor":11,"key":"blueLaboratory:HorrorPotion"},{"floor":16,"key":"blueLaboratory:ConflagurationPotion"},{"floor":18,"key":"blueLaboratory:RememoryPotion"},{"floor":36,"key":"blueLaboratory:StoneskinPotion"},{"floor":38,"key":"FairyPotion"},{"floor":46,"key":"Regen Potion"}],"is_trial":false,"path_per_floor":["M","?","M","?","$","R","E","R","T","M","M","R","M","?","R","B",null,"M","AVR","?","T","M","R","M","R","T","E","$","M","M","?","R","B",null,"M","?","?","?","M","R","$","R","T","E","$","M","R","M","R","B",null],"character_chosen":"IRONCLAD","items_purchased":["Limit Break+1","DollysMirror","Brimstone","infinitespire:Golems Mask","ReplayTheSpireMod:CursedCoin","Inflame","Shrug It Off","Heavy Blade","Blood Vial"],"campfire_rested":3,"item_purchase_floors":[0,0,0,0,0,28,41,45,45],"current_hp_per_floor":[36,36,38,62,62,62,66,66,66,72,73,73,72,72,72,80,80,79,79,79,79,80,80,80,80,87,87,87,87,83,83,83,68,87,80,56,49,49,40,66,66,87,87,59,59,51,77,87,87,18],"gold":117,"neow_bonus":"","is_daily":false,"chose_seed":false,"campfire_upgraded":11,"win_rate":0.0,"timestamp":1608188763,"path_taken":["M","?","M","?","$","R","E","R","T","M","M","R","M","?","R","BOSS","M","AVR","?","?","M","R","M","R","T","E","$","M","M","?","R","BOSS","M","?","?","?","?","R","$","R","T","E","?","M","R","M","R","BOSS"],"items_purchased_type":["Card","Relic","Relic","Relic","Relic","Card","Card","Card","Relic"],"build_version":"2020-12-13","purchased_purges":4,"victory":true,"max_hp_per_floor":[80,80,80,80,80,80,80,80,80,80,80,80,80,80,80,80,80,80,80,80,80,80,80,80,80,87,87,87,87,87,87,87,87,87,87,87,87,87,87,87,87,87,87,87,87,87,87,87,87,87],"card_choices":[{"not_picked":["Abandon","Run Through"],"picked":"Pummel","floor":1},{"not_picked":["True Grit","Anger"],"picked":"ReplayTheSpireMod:Limb From Limb","floor":3},{"not_picked":["Shrug It Off","conspire:Purge"],"picked":"Whirlwind","floor":7},{"not_picked":["Burning Pact","Infernal Blade","Intimidate"],"picked":"SKIP","floor":10},{"not_picked":["Pommel Strike","ReplayTheSpireMod:Stacked"],"picked":"ReplayTheSpireMod:Limb From Limb","floor":11},{"not_picked":["Perfected Strike","Whirlwind","Body Slam"],"picked":"SKIP","floor":13},{"not_picked":["Wild Strike+1","Body Slam","Havoc"],"picked":"SKIP","floor":18},{"not_picked":["Rupture+1","Clash","Ghostly Armor"],"picked":"SKIP","floor":22},{"not_picked":["Body Slam+1","conspire:Charge"],"picked":"Shockwave+1","floor":24},{"not_picked":["True Grit","Life Link","Pommel Strike"],"picked":"SKIP","floor":27},{"not_picked":["Carnage","Wild Strike","ReplayTheSpireMod:Limb From Limb"],"picked":"SKIP","floor":29},{"not_picked":["Clothesline","Replay:Many Hands","True Grit"],"picked":"SKIP","floor":30},{"not_picked":["Infernal Blade","Carnage+1","Thunderclap+1"],"picked":"SKIP","floor":35},{"not_picked":["expansioncontent:StudyTheSpire","ReplayTheSpireMod:Necrogeddon","expansioncontent:TimeRipple"],"picked":"SKIP","floor":38},{"not_picked":["Havoc","Clash","Iron Wave+1"],"picked":"SKIP","floor":39},{"not_picked":["Body Slam","Perfected Strike+1","Power Through+1"],"picked":"SKIP","floor":44},{"not_picked":["Power Through","Offering"],"picked":"Disarm","floor":46},{"not_picked":["Life Link","Thunderclap","Dark Embrace"],"picked":"SKIP","floor":48}],"player_experience":585268,"relics_obtained":[{"floor":7,"key":"ReplayTheSpireMod:Spearhead"},{"floor":9,"key":"Quantum Egg"},{"floor":21,"key":"infinitespire:CursedDice"},{"floor":26,"key":"Strawberry"},{"floor":27,"key":"Omamori"},{"floor":36,"key":"infinitespire:Magic Flask"},{"floor":37,"key":"Incense Burner"},{"floor":38,"key":"Mercury Hourglass"},{"floor":43,"key":"Counterbalance"},{"floor":44,"key":"Ancient Tea Set"}],"event_choices":[{"cards_removed":["Strike_R"],"damage_healed":0,"gold_gain":0,"player_choice":"Gave Gold","damage_taken":0,"max_hp_gain":0,"max_hp_loss":0,"event_name":"Beggar","floor":20,"gold_loss":75},{"damage_healed":0,"gold_gain":0,"player_choice":"Fight","damage_taken":0,"max_hp_gain":0,"max_hp_loss":0,"event_name":"MindBloom","floor":36,"gold_loss":0},{"damage_healed":0,"gold_gain":0,"player_choice":"Random: Red","damage_taken":0,"max_hp_gain":0,"max_hp_loss":0,"event_name":"betterThird:BetterPortal","floor":38,"gold_loss":0}],"is_beta":false,"boss_relics":[{"not_picked":["Fusion Hammer","Sozu"],"picked":"Black Blood"},{"not_picked":["conspire:RoyalGoblet","Ooze Armor"],"picked":"conspire:SpecialSausage"}],"items_purged_floors":[0,5,28,41],"is_endless":false,"potions_floor_spawned":[11,16,18,24,29,36,44,46],"ascension_level":3}}