{"host":"h5golg54dem4i27y","time":1608164019,"event":{"mods":["BaseMod","Colored Map","Colored Powertips","Minty Spire (QoL Compilation)","Replay The Spire","StSLib","SuperFastMode"],"gold_per_floor":[119,119,119,133,152,152,183,37,37,37,37,57,85,96,96,192,192,202,202,202,202,185,185,203,203,203,203,203],"floor_reached":27,"playtime":655,"items_purged":[],"score":332,"play_id":"324982e9-9684-42d6-b3ce-ab21a27e5c28","local_time":"20201217091339","is_ascension_mode":true,"campfire_choices":[{"floor":6,"key":"REST"},{"floor":15,"key":"REST"},{"data":"Flechettes","floor":23,"key":"SMITH"},{"data":"Caltrops","floor":23,"key":"SMITH"},{"data":"Accuracy","floor":25,"key":"SMITH"},{"data":"Neutralize","floor":25,"key":"SMITH"}],"circlet_count":0,"master_deck":["AscendersBane","Strike_G","Strike_G","Strike_G","Strike_G","Defend_G","Defend_G","Defend_G","Defend_G","Defend_G","Survivor","Neutralize+1","Flying Knee","Caltrops+1","Hidden Blade","Adrenaline","Flechettes+1","Quick Slash","Calculated Gamble+1","Blade Dance+1","Accuracy+1"],"relics":["Ring of the Snake","NeowsBlessing","StoneCalendar","Kunai","Juzu Bracelet","Replay:Arrowhead","Omamori","Replay:Bronze Core","White Beast Statue","Ring of Fangs","Mummified Hand"],"acts_visited":["Exordium","TheCity"],"potions_floor_usage":[7,13,24],"damage_taken":[{"damage":0,"enemies":"Small Slimes","floor":1,"turns":1},{"damage":0,"enemies":"Jaw Worm","floor":4,"turns":1},{"damage":0,"enemies":"Cultist","floor":5,"turns":1},{"damage":15,"enemies":"Lagavulin","floor":7,"turns":7},{"damage":1,"enemies":"Red Slaver","floor":12,"turns":5},{"damage":32,"enemies":"Gremlin Nob","floor":13,"turns":4},{"damage":6,"enemies":"Blue Slaver","floor":14,"turns":3},{"damage":29,"enemies":"Slime Boss","floor":16,"turns":9},{"damage":0,"enemies":"Chosen","floor":18,"turns":7},{"damage":20,"enemies":"2 Thieves","floor":22,"turns":5},{"damage":39,"enemies":"Snake Plant","floor":24,"turns":5},{"damage":15,"enemies":"Sentry and Sphere","floor":27,"turns":3}],"seed_played":"-1223700933629451933","potions_obtained":[{"floor":4,"key":"SteroidPotion"},{"floor":5,"key":"Milkshake"},{"floor":22,"key":"Regen Potion"},{"floor":24,"key":"FearPotion"}],"is_trial":false,"path_per_floor":["M","?","?","M","M","R","E","$","T","$","?","M","E","M","R","B",null,"M","?","T","?","M","R","M","R","T","M"],"character_chosen":"THE_SILENT","items_purchased":["Juzu Bracelet"],"campfire_rested":2,"item_purchase_floors":[8],"current_hp_per_floor":[63,68,43,43,43,65,50,50,50,50,50,49,17,11,33,4,57,57,57,57,57,37,37,13,13,13,0,0],"gold":203,"neow_bonus":"THREE_ENEMY_KILL","is_daily":false,"chose_seed":false,"campfire_upgraded":4,"win_rate":0.0,"timestamp":1608164019,"path_taken":["M","?","?","M","M","R","E","$","T","$","?","M","E","M","R","BOSS","M","?","?","?","M","R","M","R","T","M"],"items_purchased_type":["Relic"],"build_version":"2020-12-13","purchased_purges":0,"victory":false,"max_hp_per_floor":[70,75,75,75,75,75,75,75,75,75,75,75,75,75,75,75,75,75,75,75,75,75,75,75,75,75,75,75],"card_choices":[{"not_picked":["Deflect","Dagger Throw"],"picked":"Flying Knee","floor":1},{"not_picked":["Catalyst","Sucker Punch"],"picked":"Caltrops","floor":4},{"not_picked":["Prepared","PiercingWail"],"picked":"Hidden Blade","floor":5},{"not_picked":["Hidden Blade","Backflip"],"picked":"Adrenaline","floor":7},{"not_picked":["Predator","Flying Knee"],"picked":"Flechettes","floor":12},{"not_picked":["Prepared","Dagger Spray"],"picked":"Quick Slash","floor":13},{"not_picked":["Flechettes","Accuracy","Poisoned Stab"],"picked":"SKIP","floor":14},{"not_picked":["Accuracy","Dagger Throw"],"picked":"Calculated Gamble","floor":18},{"not_picked":["Quick Slash","Expertise"],"picked":"Blade Dance+1","floor":22},{"not_picked":["PiercingWail","ReplayTheSpireMod:The Works"],"picked":"Accuracy","floor":24}],"player_experience":614058,"relics_obtained":[{"floor":7,"key":"Kunai"},{"floor":9,"key":"Replay:Arrowhead"},{"floor":13,"key":"Omamori"},{"floor":20,"key":"White Beast Statue"},{"floor":21,"key":"Ring of Fangs"},{"floor":26,"key":"Mummified Hand"}],"event_choices":[{"damage_healed":0,"gold_gain":0,"player_choice":"Donut","damage_taken":0,"max_hp_gain":5,"max_hp_loss":0,"event_name":"Big Fish","floor":2,"gold_loss":0},{"damage_healed":0,"gold_gain":0,"player_choice":"Success","damage_taken":25,"relics_obtained":["StoneCalendar"],"max_hp_gain":0,"max_hp_loss":0,"event_name":"Scrap Ooze","floor":3,"gold_loss":0},{"cards_removed":["Strike_G"],"damage_healed":0,"gold_gain":0,"player_choice":"Card Removal","damage_taken":0,"max_hp_gain":0,"max_hp_loss":0,"event_name":"Wheel of Change","floor":11,"gold_loss":0},{"damage_healed":0,"gold_gain":0,"player_choice":"Forge","damage_taken":0,"max_hp_gain":0,"max_hp_loss":0,"event_name":"Accursed Blacksmith","floor":19,"gold_loss":0,"cards_upgraded":["Calculated Gamble"]}],"is_beta":false,"boss_relics":[{"not_picked":["Tiny House","Replay:Wanted Poster"],"picked":"Replay:Bronze Core"}],"items_purged_floors":[],"is_endless":false,"potions_floor_spawned":[4,5,22,24],"killed_by":"Sentry and Sphere","ascension_level":10}}