{"host":"phzz6vgtixj4nwio","time":1608223169,"event":{"mods":["BaseMod","GifTheSpireLib","Minty Spire (QoL Compilation)","StSLib","The Animator"],"gold_per_floor":[131,161,179,179,179,219,219,232,232,197,197,209,221,256,268,404,416,459,511,552,92,92,92,92,92],"floor_reached":24,"playtime":1576,"items_purged":[],"score":196,"play_id":"354b37be-55ec-4b31-a7b2-ba7f6d15441a","local_time":"20201217163929","is_ascension_mode":false,"campfire_choices":[{"floor":7,"key":"REST"},{"data":"Injury","floor":12,"key":"PURGE"},{"floor":15,"key":"REST"},{"floor":23,"key":"RECALL"}],"circlet_count":0,"master_deck":["animator:Strike_Fate","animator:Defend_Fate","animator:Strike","animator:Strike","animator:Strike","animator:Defend","animator:Defend","animator:Defend","animator:Alexander+1","animator:Rider","animator:Mitsurugi","animator:ShinjiMatou","animator:Rider","animator:ShinjiMatou","animator:Elesis","animator:Archer","animator:Envy","animator:GuildGirl+1","animator:Assassin","animator:RinTohsaka","animator:Saber","animator:Hans"],"relics":["animator:VividPicture","animator:TheMissingPiece","Golden Idol","Peace Pipe","Pear","MawBank","Bottled Tornado"],"acts_visited":["Exordium","TheCity"],"potions_floor_usage":[3,6,16],"damage_taken":[{"damage":0,"enemies":"Small Slimes","floor":1,"turns":4},{"damage":0,"enemies":"2 Louse","floor":2,"turns":3},{"damage":1,"enemies":"Jaw Worm","floor":3,"turns":5},{"damage":64,"enemies":"Lagavulin","floor":6,"turns":14},{"damage":0,"enemies":"Looter","floor":8,"turns":4},{"damage":15,"enemies":"Gremlin Gang","floor":14,"turns":3},{"damage":29,"enemies":"Hexaghost","floor":16,"turns":11},{"damage":10,"enemies":"Chosen","floor":18,"turns":5},{"damage":22,"enemies":"2 Thieves","floor":19,"turns":4},{"damage":14,"enemies":"Snake Plant","floor":20,"turns":4},{"damage":60,"enemies":"Book of Stabbing","floor":24,"turns":6}],"seed_played":"-2437886590355230460","potions_obtained":[{"floor":1,"key":"Weak Potion"},{"floor":2,"key":"animator:FalseLifePotion"},{"floor":3,"key":"EssenceOfSteel"},{"floor":8,"key":"Strength Potion"},{"floor":16,"key":"SpeedPotion"},{"floor":19,"key":"Strength Potion"}],"is_trial":false,"path_per_floor":["M","M","M","?","?","E","R","M","T","?","T","R","$","M","R","B",null,"M","M","M","$","?","R","E"],"character_chosen":"THE_ANIMATOR","items_purchased":["animator:Saber","Bottled Tornado","animator:Hans"],"campfire_rested":2,"item_purchase_floors":[21,21,21],"current_hp_per_floor":[66,66,65,65,65,1,20,20,30,49,49,49,49,35,58,29,77,67,45,32,32,58,58,0,0],"gold":92,"neow_bonus":"UPGRADE_CARD","is_daily":false,"chose_seed":false,"campfire_upgraded":0,"win_rate":0.0,"timestamp":1608223169,"path_taken":["M","M","M","?","?","E","R","M","T","?","?","R","?","?","R","BOSS","M","?","M","$","?","R","E"],"items_purchased_type":["Card","Relic","Card"],"build_version":"2020-12-13","purchased_purges":0,"victory":false,"max_hp_per_floor":[66,66,66,66,66,66,66,66,76,76,76,76,76,77,77,77,77,77,77,78,78,78,78,78,78],"card_choices":[{"not_picked":["animator:Sloth","animator:Ain"],"picked":"animator:Mitsurugi","floor":1},{"not_picked":["animator:MaesHughes","animator:Nanami"],"picked":"animator:ShinjiMatou","floor":2},{"not_picked":["animator:ZankiKiguchi","animator:TsurugaMeisai"],"picked":"animator:Rider","floor":3},{"not_picked":["animator:Rider","animator:Assassin"],"picked":"animator:ShinjiMatou","floor":6},{"not_picked":["animator:Togame","animator:ShinjiMatou"],"picked":"animator:Elesis","floor":8},{"not_picked":["animator:Shichika","animator:Ain"],"picked":"animator:Archer","floor":14},{"not_picked":["animator:MadokaKaname","animator:Eve"],"picked":"animator:Envy","floor":16},{"not_picked":["animator:SuzuneAmano","animator:KyokoSakura"],"picked":"animator:GuildGirl+1","floor":18},{"not_picked":["animator:Alexander","animator:Illya"],"picked":"animator:Assassin","floor":19},{"not_picked":["animator:Rider","animator:LizardPriest"],"picked":"animator:RinTohsaka","floor":20}],"player_experience":552862,"relics_obtained":[{"floor":6,"key":"Peace Pipe"},{"floor":9,"key":"Pear"},{"floor":11,"key":"MawBank"}],"event_choices":[{"damage_healed":0,"gold_gain":0,"player_choice":"Ignored","damage_taken":0,"max_hp_gain":0,"max_hp_loss":0,"event_name":"Golden Wing","floor":4,"gold_loss":0},{"damage_healed":0,"gold_gain":0,"player_choice":"Take Wound","damage_taken":0,"relics_obtained":["Golden Idol"],"max_hp_gain":0,"max_hp_loss":0,"event_name":"Golden Idol","floor":5,"gold_loss":0,"cards_obtained":["Injury"]},{"damage_healed":19,"gold_gain":0,"player_choice":"Healed","damage_taken":0,"max_hp_gain":0,"max_hp_loss":0,"event_name":"The Cleric","floor":10,"gold_loss":35},{"damage_healed":26,"gold_gain":0,"player_choice":"Heal","damage_taken":0,"max_hp_gain":0,"max_hp_loss":0,"event_name":"The Library","floor":22,"gold_loss":0}],"is_beta":false,"boss_relics":[{"not_picked":["Astrolabe","Runic Dome"],"picked":"animator:VividPicture"}],"items_purged_floors":[],"is_endless":false,"potions_floor_spawned":[1,2,3,8,16,19],"killed_by":"Book of Stabbing","ascension_level":0}}