{"host":"1m1p07melukt6ryq","time":1608188682,"event":{"mods":["2.2 Compatiblity","BaseMod","BetterRewards","Colored Map","Colored Powertips","Conspire","Googly Eyes","Highlight Path","Hubris","Infinite Spire","Minty Spire (QoL Compilation)","Permanent Neow","Rare Cards Sparkle","Shop Mod","StSLib","SuperFastMode"],"gold_per_floor":[111,126,126,146,164,64,64,97,168,196,196,207,284,315,315,412,412,432,452,452,207,222,255,266,292,344,355,355,405,420,454,454,557,557,588,600,0,0,0,0,29,29,29,61,61,80,110,32,32,32,32],"floor_reached":50,"playtime":2593,"items_purged":["Strike_G","Defend_G","hubris:Counter+1"],"score":968,"play_id":"69a61d81-8dd3-4564-8347-8a27e60fe8c6","local_time":"20201217020442","is_ascension_mode":true,"campfire_choices":[{"data":"Backflip","floor":7.0,"key":"SMITH"},{"floor":15.0,"key":"REST"},{"data":"Dagger Spray","floor":32.0,"key":"SMITH"},{"data":"Blade Dance","floor":40.0,"key":"SMITH"},{"data":"Backflip","floor":42.0,"key":"SMITH"},{"data":"Acrobatics","floor":49.0,"key":"SMITH"}],"circlet_count":0,"master_deck":["Strike_G","Strike_G","Strike_G","Defend_G","Defend_G","Defend_G+1","Defend_G","Survivor","Neutralize+1","Blade Dance+1","Dagger Spray+1","After Image","Backflip+1","Flying Knee","Blade Dance+1","After Image","Glass Knife+1","Backflip+1","Corpse Explosion","Cloak And Dagger+1","Riddle With Holes+1","CurseOfTheBell","Acrobatics+1"],"relics":["Ring of the Snake","Vajra","TungstenRod","Dream Catcher","hubris:Reverence","Nunchaku","infinitespire:BottledMercury","Centennial Puzzle","hubris:CrackedHourglass","infinitespire:Satchel","hubris:SlimyHat","War Paint","Happy Flower","Orichalcum","InkBottle","Calling Bell","MawBank","Du-Vu Doll","conspire:BottledYoYo","Ornamental Fan","Lee\u0027s Waffle","hubris:Towel","hubris:TenFootPole","Bottled Flame","Ancient Tea Set","hubris:Icosahedron","Bag of Marbles"],"acts_visited":["Exordium","TheCity","TheBeyond"],"potions_floor_usage":[50,50],"damage_taken":[{"damage":6.0,"enemies":"Small Slimes","floor":1.0,"turns":3.0},{"damage":6.0,"enemies":"2 Louse","floor":2.0,"turns":2.0},{"damage":0.0,"enemies":"Jaw Worm","floor":4.0,"turns":3.0},{"damage":7.0,"enemies":"3 Louse","floor":5.0,"turns":2.0},{"damage":3.0,"enemies":"3 Sentries","floor":8.0,"turns":4.0},{"damage":17.0,"enemies":"Lagavulin","floor":10.0,"turns":7.0},{"damage":0.0,"enemies":"Gremlin Gang","floor":12.0,"turns":1.0},{"damage":4.0,"enemies":"3 Sentries","floor":14.0,"turns":5.0},{"damage":9.0,"enemies":"The Guardian","floor":16.0,"turns":12.0},{"damage":0.0,"enemies":"Shell Parasite","floor":18.0,"turns":5.0},{"damage":0.0,"enemies":"3 Byrds","floor":19.0,"turns":6.0},{"damage":0.0,"enemies":"Cultist and Chosen","floor":22.0,"turns":5.0},{"damage":2.0,"enemies":"Book of Stabbing","floor":23.0,"turns":3.0},{"damage":4.0,"enemies":"Snake Plant","floor":24.0,"turns":3.0},{"damage":0.0,"enemies":"Slavers","floor":25.0,"turns":1.0},{"damage":0.0,"enemies":"Centurion and Healer","floor":27.0,"turns":3.0},{"damage":0.0,"enemies":"Chosen and Byrds","floor":30.0,"turns":3.0},{"damage":0.0,"enemies":"Gremlin Leader","floor":31.0,"turns":4.0},{"damage":7.0,"enemies":"Collector","floor":33.0,"turns":4.0},{"damage":20.0,"enemies":"3 Darklings","floor":35.0,"turns":2.0},{"damage":0.0,"enemies":"Giant Head","floor":41.0,"turns":6.0},{"damage":6.0,"enemies":"Nemesis","floor":44.0,"turns":7.0},{"damage":0.0,"enemies":"Orb Walker","floor":46.0,"turns":2.0},{"damage":0.0,"enemies":"Reptomancer","floor":47.0,"turns":5.0},{"damage":1,"enemies":"hubris:GrandSnecko","floor":50,"turns":9}],"seed_played":"2016808979355994555","potions_obtained":[{"floor":2.0,"key":"PowerPotion"},{"floor":4.0,"key":"FearPotion"},{"floor":5.0,"key":"Strength Potion"},{"floor":14.0,"key":"SneckoOil"},{"floor":16.0,"key":"DuplicationPotion"},{"floor":18.0,"key":"Block Potion"},{"floor":19.0,"key":"Explosive Potion"},{"floor":23.0,"key":"FearPotion"},{"floor":25.0,"key":"LiquidBronze"},{"floor":41.0,"key":"EssenceOfSteel"},{"floor":47.0,"key":"Explosive Potion"}],"is_trial":false,"path_per_floor":["M","M","?","M","M","$","R","E","T","E","?","M","T","E","R","B",null,"M","M","?","$","M","E","M","E","T","M","?","T","M","E","R","B",null,"M","?","$","?","?","R","E","R","T","E","?","M","E","$","R","B"],"character_chosen":"THE_SILENT","items_purchased":["Blade Dance","Vajra","PowerPotion","Backflip","infinitespire:Satchel","Acrobatics","Ornamental Fan","Lee\u0027s Waffle","Block Potion","DuplicationPotion"],"campfire_rested":1,"item_purchase_floors":[0,0,0,6,21,37,37,37,37,48],"current_hp_per_floor":[57,51,51,51,44,44,44,41,41,24,24,24,24,20,41,32,61,61,61,61,61,61,59,55,55,55,55,55,55,55,55,55,48,65,45,45,73,73,73,73,73,73,73,67,67,67,67,67,67,0,0],"gold":32,"neow_bonus":"","is_daily":false,"chose_seed":false,"campfire_upgraded":5,"win_rate":0.0,"timestamp":1608188682,"path_taken":["M","M","?","M","M","$","R","E","T","E","?","M","?","E","R","BOSS","M","M","?","$","M","E","M","E","T","?","?","?","?","E","R","BOSS","M","?","$","?","?","R","E","R","T","E","?","M","E","$","R","BOSS"],"items_purchased_type":["Card","Relic","Potion","Card","Relic","Card","Relic","Relic","Potion","Potion"],"build_version":"2020-12-13","purchased_purges":3,"victory":false,"max_hp_per_floor":[70,70,70,70,70,70,70,70,70,70,70,70,70,70,70,70,70,70,70,70,70,70,70,70,70,70,70,70,70,70,70,70,70,70,70,66,73,73,73,73,73,73,73,73,73,73,73,73,73,73,73],"card_choices":[{"not_picked":["Dodge and Roll","conspire:DoublingDagger"],"picked":"Dagger Spray","floor":1.0},{"not_picked":["Blur","Outmaneuver","Bane"],"picked":"SKIP","floor":2.0},{"not_picked":["hubris:TrickCloak","Bane","Prepared"],"picked":"SKIP","floor":4.0},{"not_picked":["Calculated Gamble","Dagger Spray"],"picked":"After Image","floor":5.0},{"not_picked":["Bane","Underhanded Strike"],"picked":"Flying Knee","floor":8.0},{"not_picked":["Slice","Bouncing Flask"],"picked":"Blade Dance","floor":10.0},{"not_picked":["Outmaneuver","Backflip","Quick Slash"],"picked":"SKIP","floor":12.0},{"not_picked":["Eviscerate","Calculated Gamble"],"picked":"After Image","floor":14.0},{"not_picked":["Envenom","Doppelganger"],"picked":"Glass Knife","floor":16.0},{"not_picked":["Dagger Spray","Acrobatics","Outmaneuver"],"picked":"SKIP","floor":18.0},{"not_picked":["Well Laid Plans","Deadly Poison","Masterful Stab"],"picked":"SKIP","floor":19.0},{"not_picked":["Finisher","Deflect"],"picked":"Backflip","floor":22.0},{"not_picked":["Outmaneuver","Deflect+1"],"picked":"Corpse Explosion","floor":23.0},{"not_picked":["PiercingWail","Bane","Cloak And Dagger"],"picked":"SKIP","floor":24.0},{"not_picked":["Choke","Endless Agony+1"],"picked":"Cloak And Dagger+1","floor":25.0},{"not_picked":["Slice","Reflex","Dagger Throw"],"picked":"SKIP","floor":27.0},{"not_picked":["Blade Dance","Burst"],"picked":"hubris:Counter+1","floor":30.0},{"not_picked":["Crippling Poison","Well Laid Plans"],"picked":"Riddle With Holes+1","floor":31.0},{"not_picked":["Deflect+1","Blade Dance+1","Dagger Throw+1"],"picked":"SKIP","floor":35.0},{"not_picked":["Tactician","Footwork","Dagger Throw+1"],"picked":"SKIP","floor":41.0},{"not_picked":["PiercingWail+1","Cloak And Dagger","Underhanded Strike+1"],"picked":"SKIP","floor":44.0},{"not_picked":["Backflip","Deadly Poison+1","Distraction"],"picked":"SKIP","floor":46.0},{"not_picked":["Dagger Spray","Acrobatics","Dodge and Roll"],"picked":"SKIP","floor":47.0}],"player_experience":390447,"relics_obtained":[{"floor":8.0,"key":"Dream Catcher"},{"floor":9.0,"key":"hubris:Reverence"},{"floor":10.0,"key":"Nunchaku"},{"floor":13.0,"key":"infinitespire:BottledMercury"},{"floor":14.0,"key":"Centennial Puzzle"},{"floor":23.0,"key":"hubris:SlimyHat"},{"floor":25.0,"key":"War Paint"},{"floor":26.0,"key":"Happy Flower"},{"floor":29.0,"key":"Orichalcum"},{"floor":31.0,"key":"InkBottle"},{"floor":34.0,"key":"MawBank"},{"floor":34.0,"key":"Du-Vu Doll"},{"floor":34.0,"key":"conspire:BottledYoYo"},{"floor":41.0,"key":"hubris:TenFootPole"},{"floor":43.0,"key":"Bottled Flame"},{"floor":44.0,"key":"Ancient Tea Set"},{"floor":47.0,"key":"Bag of Marbles"}],"event_choices":[{"damage_healed":0.0,"max_hp_gain":0.0,"max_hp_loss":0.0,"gold_gain":0.0,"event_name":"Living Wall","player_choice":"Grow","floor":3.0,"gold_loss":0.0,"damage_taken":0.0,"cards_upgraded":["Neutralize"]},{"damage_healed":0.0,"max_hp_gain":0.0,"max_hp_loss":0.0,"gold_gain":0.0,"event_name":"Liars Game","player_choice":"Ignored","floor":11.0,"gold_loss":0.0,"damage_taken":0.0},{"damage_healed":0.0,"max_hp_gain":0.0,"max_hp_loss":0.0,"gold_gain":0.0,"event_name":"Upgrade Shrine","player_choice":"Upgraded","floor":20.0,"gold_loss":0.0,"damage_taken":0.0,"cards_upgraded":["Glass Knife"]},{"damage_healed":0.0,"max_hp_gain":0.0,"max_hp_loss":4.0,"gold_gain":0.0,"event_name":"Winding Halls","player_choice":"Max HP","floor":36.0,"gold_loss":0.0,"damage_taken":0.0},{"cards_removed":["Strike_G"],"damage_healed":0.0,"max_hp_gain":0.0,"max_hp_loss":0.0,"gold_gain":0.0,"event_name":"Falling","player_choice":"Removed Attack","floor":38.0,"gold_loss":0.0,"damage_taken":0.0}],"is_beta":false,"boss_relics":[{"not_picked":["Empty Cage","Runic Pyramid"],"picked":"hubris:CrackedHourglass"},{"not_picked":["infinitespire:Cupcake","conspire:RunicOctahedron"],"picked":"Calling Bell"}],"items_purged_floors":[6,21,37],"is_endless":false,"potions_floor_spawned":[2,4,5,14,16,18,19,23,25,27,41,47],"killed_by":"hubris:GrandSnecko","ascension_level":6}}