{"host":"sum4dy402bbv9y4o","time":1608225475,"event":{"mods":["Aspiration","BaseMod","Conspire","Highlight Path","Minty Spire (QoL Compilation)","StSLib"],"gold_per_floor":[118,132,150,150,23,48,48,63,63,73,73,37,56,84,84,156,156,166,186,206,481,7,7,40,51,51,65,65,84,94,125,125,203,203,219,219,237,237,112,141,141,151,151,1,16,27,52,64,64,64,64],"floor_reached":50,"playtime":2376,"items_purged":["Strike_P","Strike_P","Defend_P","Strike_P"],"score":1216,"play_id":"b31e92ea-3a4e-44cf-b02a-63e1eba452fb","local_time":"20201217201755","is_ascension_mode":true,"campfire_choices":[{"data":"Eruption","floor":7,"key":"SMITH"},{"data":"SashWhip","floor":11,"key":"SMITH"},{"data":"MentalFortress","floor":15,"key":"SMITH"},{"floor":23,"key":"REST"},{"data":"CarveReality","floor":28,"key":"SMITH"},{"floor":32,"key":"REST"},{"floor":49,"key":"REST"}],"circlet_count":0,"master_deck":["AscendersBane","Strike_P","Defend_P","Defend_P","Defend_P","Eruption+1","Vigilance","CutThroughFate","ClearTheMind","Consecrate","FlurryOfBlows","Protect","SashWhip+1","CarveReality+1","Adaptation+1","MentalFortress+1","EmptyBody","FlyingSleeves","Anger","Regret","EmptyBody","Wallop+1","Cleave+1","Weave+1","Weave","Wild Strike+1","Tantrum+1"],"relics":["PureWater","aspiration:Nostalgia","Ring of the Snake","Toy Ornithopter","Du-Vu Doll","aspiration:ChemicalBlood","aspiration:IroncladSkillbook","conspire:GlowingRock","aspiration:FrozenJewel","TeardropLocket","Blue Candle","conspire:Flyswatter","conspire:BottledYoYo","conspire:DeflatedDodgeball"],"acts_visited":["Exordium","TheCity","TheBeyond"],"potions_floor_usage":[10,16,19,20,20,25,29,33,33,37,40,40,40,42,45,46,50,50,50,50,50],"damage_taken":[{"damage":2,"enemies":"Jaw Worm","floor":1,"turns":5},{"damage":0,"enemies":"Cultist","floor":2,"turns":2},{"damage":0,"enemies":"2 Louse","floor":3,"turns":1},{"damage":22,"enemies":"Lagavulin","floor":6,"turns":6},{"damage":4,"enemies":"Gremlin Gang","floor":8,"turns":3},{"damage":1,"enemies":"Exordium Thugs","floor":10,"turns":4},{"damage":7,"enemies":"3 Louse","floor":13,"turns":3},{"damage":0,"enemies":"Gremlin Nob","floor":14,"turns":2},{"damage":13,"enemies":"The Guardian","floor":16,"turns":10},{"damage":15,"enemies":"3 Byrds","floor":18,"turns":5},{"damage":14,"enemies":"Shell Parasite","floor":19,"turns":4},{"damage":7,"enemies":"Chosen and Byrds","floor":20,"turns":5},{"damage":0,"enemies":"Gremlin Leader","floor":24,"turns":5},{"damage":20,"enemies":"Cultist and Chosen","floor":25,"turns":7},{"damage":0,"enemies":"3 Cultists","floor":27,"turns":4},{"damage":0,"enemies":"Shelled Parasite and Fungi","floor":29,"turns":3},{"damage":0,"enemies":"Cultist and Chosen","floor":30,"turns":3},{"damage":24,"enemies":"Book of Stabbing","floor":31,"turns":5},{"damage":40,"enemies":"conspire:MysteriousRune","floor":33,"turns":8},{"damage":0,"enemies":"Orb Walker","floor":35,"turns":1},{"damage":6,"enemies":"3 Darklings","floor":37,"turns":3},{"damage":32,"enemies":"Nemesis","floor":40,"turns":7},{"damage":15,"enemies":"4 Shapes","floor":42,"turns":9},{"damage":0,"enemies":"Maw","floor":45,"turns":4},{"damage":6,"enemies":"Writhing Mass","floor":46,"turns":5},{"damage":16,"enemies":"Reptomancer","floor":47,"turns":3},{"damage":0,"enemies":"Transient","floor":48,"turns":6},{"damage":94,"enemies":"Time Eater","floor":50,"turns":8}],"seed_played":"-8924818868865349624","potions_obtained":[{"floor":2,"key":"SkillPotion"},{"floor":8,"key":"Ancient Potion"},{"floor":14,"key":"Explosive Potion"},{"floor":24,"key":"Energy Potion"},{"floor":25,"key":"Dexterity Potion"},{"floor":33,"key":"Explosive Potion"},{"floor":40,"key":"Dexterity Potion"},{"floor":40,"key":"Block Potion"},{"floor":40,"key":"Swift Potion"},{"floor":42,"key":"DistilledChaos"},{"floor":46,"key":"Energy Potion"},{"floor":50,"key":"AttackPotion"},{"floor":50,"key":"StancePotion"}],"is_trial":false,"path_per_floor":["M","M","M","?","$","E","R","M","T","M","R","$","M","E","R","B",null,"M","M","M","?","$","R","E","M","T","M","R","M","M","E","R","B",null,"M","?","M","?","$","E","?","M","T","$","M","M","E","M","R","B"],"character_chosen":"WATCHER","items_purchased":["FlurryOfBlows","Adaptation","conspire:GlowingRock","EmptyBody"],"campfire_rested":3,"item_purchase_floors":[5,12,22,22],"current_hp_per_floor":[59,59,59,59,59,37,37,33,33,37,37,37,30,30,30,22,57,46,41,48,48,48,68,68,62,62,66,66,68,68,48,68,37,60,64,64,66,65,65,52,52,46,46,46,55,58,46,50,65,0,0],"gold":64,"neow_bonus":"NOSTALGIA","is_daily":false,"chose_seed":false,"campfire_upgraded":4,"win_rate":0.0,"timestamp":1608225475,"path_taken":["M","M","M","?","$","E","R","M","T","M","R","?","M","E","R","BOSS","M","M","?","?","$","R","E","M","T","?","R","M","M","E","R","BOSS","M","?","M","?","$","E","?","M","T","$","M","?","E","M","R","BOSS"],"items_purchased_type":["Card","Card","Relic","Card"],"build_version":"2020-12-13","purchased_purges":4,"victory":false,"max_hp_per_floor":[68,68,68,68,68,68,68,68,68,68,68,68,68,68,68,68,68,68,68,68,68,68,68,68,68,68,68,68,68,68,68,68,68,68,68,68,68,65,65,65,65,65,65,65,65,65,65,65,65,65,65],"card_choices":[{"not_picked":["ThirdEye","ClearTheMind"],"picked":"CutThroughFate","floor":1},{"not_picked":["Worship","Prostrate"],"picked":"ClearTheMind","floor":2},{"not_picked":["Collect","Crescendo"],"picked":"Consecrate","floor":3},{"not_picked":["Collect","Evaluate"],"picked":"Protect","floor":6},{"not_picked":["Wireheading","Sanctity"],"picked":"SashWhip","floor":8},{"not_picked":["SashWhip","Devotion"],"picked":"CarveReality","floor":10},{"not_picked":["PathToVictory","ThirdEye"],"picked":"MentalFortress","floor":13},{"not_picked":["Establishment","DeceiveReality"],"picked":"EmptyBody","floor":14},{"not_picked":["Evolve","Indignation","Evaluate"],"picked":"FlyingSleeves","floor":18},{"not_picked":["Wild Strike","FlyingSleeves","Burning Pact","Whirlwind"],"picked":"SKIP","floor":19},{"not_picked":["Dark Embrace","Warcry","LikeWater"],"picked":"Anger","floor":20},{"not_picked":["WaveOfTheHand","FlyingSleeves","Protect"],"picked":"conspire:Charge","floor":24},{"not_picked":["WindmillStrike","DeceiveReality","Power Through"],"picked":"Wallop+1","floor":25},{"not_picked":["Thunderclap","Collect","Power Through"],"picked":"Cleave+1","floor":27},{"not_picked":["ReachHeaven","Infernal Blade","PathToVictory"],"picked":"Weave+1","floor":29},{"not_picked":["BowlingBash","Prostrate","Conclude","Sanctity+1"],"picked":"SKIP","floor":30},{"not_picked":["Havoc","Evolve","Ragnarok"],"picked":"Weave","floor":31},{"not_picked":["FollowUp","Meditate+1","Indignation"],"picked":"Wild Strike+1","floor":35},{"not_picked":["Wild Strike","ReachHeaven","Cleave+1","ThirdEye"],"picked":"SKIP","floor":37},{"not_picked":["Berserk","InnerPeace","Feel No Pain"],"picked":"Tantrum+1","floor":40},{"not_picked":["Heavy Blade","Flex","Warcry","Seeing Red"],"picked":"SKIP","floor":42},{"not_picked":["Pommel Strike","BattleHymn","Heavy Blade","InnerPeace"],"picked":"SKIP","floor":45},{"not_picked":["Anger+1","Power Through","Armaments","FlyingSleeves"],"picked":"SKIP","floor":46},{"not_picked":["Evaluate","Sentinel","PathToVictory","Flame Barrier+1"],"picked":"SKIP","floor":47},{"not_picked":["Reckless Charge","ThirdEye","Rupture+1","PathToVictory"],"picked":"SKIP","floor":48}],"player_experience":2807086,"relics_obtained":[{"floor":6,"key":"Toy Ornithopter"},{"floor":9,"key":"Du-Vu Doll"},{"floor":14,"key":"aspiration:ChemicalBlood"},{"floor":24,"key":"aspiration:FrozenJewel"},{"floor":26,"key":"TeardropLocket"},{"floor":31,"key":"Blue Candle"},{"floor":40,"key":"conspire:Flyswatter"},{"floor":43,"key":"conspire:BottledYoYo"},{"floor":47,"key":"conspire:DeflatedDodgeball"}],"event_choices":[{"damage_healed":0,"gold_gain":0,"player_choice":"0 cards matched","damage_taken":0,"max_hp_gain":0,"max_hp_loss":0,"event_name":"Match and Keep!","floor":4,"gold_loss":0,"cards_obtained":[]},{"damage_healed":0,"gold_gain":275,"player_choice":"Desecrate","damage_taken":0,"max_hp_gain":0,"max_hp_loss":0,"event_name":"Golden Shrine","floor":21,"gold_loss":0,"cards_obtained":["Regret"]},{"cards_removed":["conspire:Charge"],"damage_healed":0,"gold_gain":0,"player_choice":"Removed Attack","damage_taken":0,"max_hp_gain":0,"max_hp_loss":0,"event_name":"Falling","floor":36,"gold_loss":0},{"damage_healed":0,"gold_gain":0,"player_choice":"Max HP","damage_taken":0,"max_hp_gain":0,"max_hp_loss":3,"event_name":"Winding Halls","floor":38,"gold_loss":0},{"damage_healed":0,"gold_gain":0,"player_choice":"Upgraded","damage_taken":0,"max_hp_gain":0,"max_hp_loss":0,"event_name":"Upgrade Shrine","floor":41,"gold_loss":0,"cards_upgraded":["Adaptation"]}],"is_beta":false,"boss_relics":[{"not_picked":["Philosopher\u0027s Stone","conspire:SpecialSausage"],"picked":"aspiration:IroncladSkillbook"},{"not_picked":["conspire:SeveredTorchhead","aspiration:RunicSpoon","Cursed Key"]}],"items_purged_floors":[5,22,39,44],"is_endless":false,"potions_floor_spawned":[2,8,14,19,24,25,27,31,37,40,46],"killed_by":"Time Eater","ascension_level":20}}