{"host":"8e68pzgs4bln6t6e","time":1608221675,"event":{"mods":["AchievementEnabler","Act Like it!","BaseMod","Better Note","BetterRewards","Colored Powertips","Googly Eyes","Hallownest","Hubris","Jorbs\u0027s Wanderer Trilogy","Marisa????????","Minty Spire (QoL Compilation)","Quick Restart","Rare Cards Sparkle","Replay The Spire","Shop Mod","StSLib","The Animator","The Bug Knight","The Cursed","The Disciple","The Hierophant","The Servant 0.9.4"],"gold_per_floor":[114,126,201,19,36,71,71,71,96,112,123,143,163,14,14,14,14],"floor_reached":16,"playtime":1272,"items_purged":[],"score":104,"play_id":"0e0bf734-838e-42fa-86bc-59de93498a90","local_time":"20201217171435","is_ascension_mode":false,"campfire_choices":[{"floor":7,"key":"REST"},{"floor":15,"key":"REST"}],"circlet_count":0,"master_deck":["Strike_B","Strike_B","Strike_B","Defend_B+1","Defend_B","Defend_B","Defend_B","Zap","Dualcast","Capacitor","Chaos","Crow Ritual","Reboot","Redo+1","Recycle","FIFO Queue","Aggregate","Steam"],"relics":["Cracked Core","Replay:Rubber Ducky","Bag of Marbles","War Paint","Regal Pillow"],"acts_visited":["Exordium"],"potions_floor_usage":[11,12,16],"damage_taken":[{"damage":7,"enemies":"2 Louse","floor":1,"turns":3},{"damage":0,"enemies":"Cultist","floor":2,"turns":3},{"damage":3,"enemies":"Small Slimes","floor":5,"turns":3},{"damage":42,"enemies":"3 Sentries","floor":6,"turns":11},{"damage":2,"enemies":"Blue Slaver","floor":10,"turns":5},{"damage":0,"enemies":"3 Louse","floor":11,"turns":3},{"damage":21,"enemies":"Exordium Thugs","floor":12,"turns":4},{"damage":10,"enemies":"Looter","floor":13,"turns":3},{"damage":57,"enemies":"Fading Forest","floor":16,"turns":7}],"seed_played":"2249733579587182446","potions_obtained":[{"floor":5,"key":"AttackPotion"},{"floor":6,"key":"Toxic Potion"},{"floor":12,"key":"DuplicationPotion"}],"is_trial":false,"path_per_floor":["M","M","?","$","M","E","R","?","T","M","M","M","M","$","R","B"],"character_chosen":"DEFECT","items_purchased":["Crow Ritual","Regal Pillow"],"campfire_rested":2,"item_purchase_floors":[4,14],"current_hp_per_floor":[68,68,61,61,58,16,38,38,38,36,36,15,5,5,42,0,0],"gold":14,"neow_bonus":"RANDOM_COMMON_RELIC","is_daily":false,"chose_seed":false,"campfire_upgraded":0,"win_rate":0.0,"timestamp":1608221675,"path_taken":["M","M","?","?","M","E","R","?","T","M","M","M","M","$","R","BOSS"],"items_purchased_type":["Card","Relic"],"build_version":"2020-12-13","purchased_purges":0,"victory":false,"max_hp_per_floor":[75,75,75,75,75,75,75,75,75,75,75,75,75,75,75,75,75],"card_choices":[{"not_picked":["Sweeping Beam","Conserve Battery"],"picked":"Capacitor","floor":1},{"not_picked":["Compile Driver","Coolheaded"],"picked":"Chaos","floor":2},{"not_picked":["Capacitor","Stack"],"picked":"Reboot","floor":5},{"not_picked":["Rebound","Consume"],"picked":"Redo","floor":6},{"not_picked":["Rebound","Beam Cell"],"picked":"Recycle","floor":10},{"not_picked":["BasicCrystalCard","Go for the Eyes"],"picked":"FIFO Queue","floor":11},{"not_picked":["Defragment","Blizzard"],"picked":"Aggregate","floor":12},{"not_picked":["Compile Driver","Turbo"],"picked":"Steam","floor":13}],"player_experience":183887,"relics_obtained":[{"floor":6,"key":"Bag of Marbles"},{"floor":9,"key":"War Paint"}],"event_choices":[{"damage_healed":0,"gold_gain":75,"player_choice":"Touch","damage_taken":7,"max_hp_gain":0,"max_hp_loss":0,"event_name":"FaceTrader","floor":3,"gold_loss":0},{"cards_removed":["Strike_B"],"damage_healed":0,"gold_gain":0,"player_choice":"Purged","damage_taken":0,"max_hp_gain":0,"max_hp_loss":0,"event_name":"Purifier","floor":8,"gold_loss":0}],"is_beta":false,"boss_relics":[],"items_purged_floors":[],"is_endless":false,"potions_floor_spawned":[5,6,12],"killed_by":"Fading Forest","ascension_level":0}}