{"host":"szp1d6dso4pv7ddl","time":1608222259,"event":{"mods":["AchievementEnabler","Alarm Clock","BaseMod","Bestiary","Block Reminder","Colored Map","Colored Powertips","Curses Come First","Displayed Cursed Tome","Highlight Path","Minty Spire (QoL Compilation)","Permanent Neow","Quick Restart","Relic Stats","StSLib"],"gold_per_floor":[117,117,117,6,25,25,55,70,150,182,199,224,235,246,246,342,342,361,374,62,161,178,178,190,0,0,0,0,15,15,32,32,32,32],"floor_reached":33,"playtime":2804,"items_purged":["Strike_R"],"score":417,"play_id":"d378d9dc-c1ca-4ece-bf7c-c5846d1e3b25","local_time":"20201217082419","is_ascension_mode":true,"campfire_choices":[{"data":"Uppercut","floor":6.0,"key":"SMITH"},{"data":"Offering","floor":15.0,"key":"SMITH"},{"data":"Perfected Strike","floor":23,"key":"SMITH"},{"data":"Pommel Strike","floor":27,"key":"SMITH"},{"floor":32,"key":"REST"}],"circlet_count":0,"master_deck":["AscendersBane","Strike_R","Strike_R","Strike_R","Defend_R","Offering+1","Metallicize","Reaper","Uppercut+1","Clash","Pommel Strike+1","Perfected Strike+1","Dropkick","Sever Soul","Immolate","Injury","Limit Break","Body Slam","Shrug It Off"],"relics":["Burning Blood","Toy Ornithopter","Bottled Flame","Champion Belt","StrikeDummy","Cursed Key","CaptainsWheel","Singing Bowl"],"acts_visited":["Exordium","TheCity"],"potions_floor_usage":[],"damage_taken":[{"damage":5.0,"enemies":"Small Slimes","floor":1.0,"turns":4.0},{"damage":6.0,"enemies":"Jaw Worm","floor":5.0,"turns":2.0},{"damage":18.0,"enemies":"Gremlin Nob","floor":7.0,"turns":4.0},{"damage":7.0,"enemies":"Cultist","floor":8.0,"turns":3.0},{"damage":35.0,"enemies":"Lagavulin","floor":10.0,"turns":5.0},{"damage":13.0,"enemies":"3 Louse","floor":11.0,"turns":4.0},{"damage":12.0,"enemies":"Gremlin Nob","floor":12.0,"turns":4.0},{"damage":10.0,"enemies":"2 Fungi Beasts","floor":13.0,"turns":3.0},{"damage":16.0,"enemies":"Lots of Slimes","floor":14.0,"turns":3.0},{"damage":33.0,"enemies":"Hexaghost","floor":16.0,"turns":7.0},{"damage":16.0,"enemies":"Shell Parasite","floor":18.0,"turns":3.0},{"damage":7,"enemies":"Spheric Guardian","floor":19,"turns":3},{"damage":6,"enemies":"Snake Plant","floor":22,"turns":2},{"damage":16,"enemies":"Centurion and Healer","floor":24,"turns":5},{"damage":15,"enemies":"Shelled Parasite and Fungi","floor":29,"turns":2},{"damage":18,"enemies":"Snake Plant","floor":31,"turns":2},{"damage":111,"enemies":"Collector","floor":33,"turns":7}],"seed_played":"573975984537487171","potions_obtained":[{"floor":7.0,"key":"BlessingOfTheForge"},{"floor":10.0,"key":"FairyPotion"},{"floor":11.0,"key":"SmokeBomb"}],"is_trial":false,"path_per_floor":["M","?","?","$","M","R","E","M","T","E","M","E","M","M","R","B",null,"M","M","$","?","M","R","M","?","T","R","$","M","?","M","R","B"],"character_chosen":"IRONCLAD","items_purchased":["Uppercut","CaptainsWheel"],"campfire_rested":1,"item_purchase_floors":[4,20],"current_hp_per_floor":[72,72,72,72,72,72,66,71,71,48,49,49,49,42,42,21,59,55,54,54,54,54,54,54,54,54,54,54,57,57,45,67,0,0],"gold":32,"neow_bonus":"TRANSFORM_TWO_CARDS","is_daily":false,"chose_seed":false,"campfire_upgraded":4,"win_rate":0.0,"timestamp":1608222259,"path_taken":["M","?","?","?","?","R","E","M","T","E","M","E","M","M","R","BOSS","M","?","$","?","M","R","M","?","T","R","$","M","?","M","R","BOSS"],"items_purchased_type":["Card","Relic"],"build_version":"2020-12-13","purchased_purges":1,"victory":false,"max_hp_per_floor":[72,72,72,72,72,72,72,72,72,72,72,72,72,72,72,72,72,72,72,72,72,72,72,72,72,72,72,72,74,74,74,74,74,74],"relic_stats":{"Singing Bowl":2,"counters":[17,63],"Champion Belt":[18],"Cursed Key":1,"obtain_stats":[{"Bottled Flame":9,"CaptainsWheel":20,"Singing Bowl":26,"Champion Belt":10,"StrikeDummy":12,"Cursed Key":17,"Burning Blood":0,"Toy Ornithopter":7},{"Bottled Flame":4,"CaptainsWheel":12,"Singing Bowl":14,"Champion Belt":5,"StrikeDummy":7,"Cursed Key":10,"Burning Blood":0,"Toy Ornithopter":3},{"Bottled Flame":13,"CaptainsWheel":45,"Singing Bowl":52,"Champion Belt":18,"StrikeDummy":26,"Cursed Key":39,"Burning Blood":0,"Toy Ornithopter":10}],"Burning Blood":95,"Toy Ornithopter":0},"card_choices":[{"not_picked":["Warcry","Heavy Blade","Havoc"],"picked":"SKIP","floor":1.0},{"not_picked":["Flex","Iron Wave","Heavy Blade"],"picked":"SKIP","floor":5.0},{"not_picked":["Anger","Shockwave","Body Slam"],"picked":"SKIP","floor":7.0},{"not_picked":["Berserk","Feel No Pain"],"picked":"Clash","floor":8.0},{"not_picked":["Sentinel","Iron Wave","Feel No Pain"],"picked":"SKIP","floor":10.0},{"not_picked":["Power Through","Juggernaut"],"picked":"Pommel Strike","floor":11.0},{"not_picked":["Rage","Flame Barrier"],"picked":"Perfected Strike","floor":12.0},{"not_picked":["Heavy Blade","Body Slam"],"picked":"Dropkick","floor":13.0},{"not_picked":["Headbutt","Havoc"],"picked":"Sever Soul","floor":14.0},{"not_picked":["Brutality","Barricade"],"picked":"Immolate","floor":16.0},{"not_picked":["Wild Strike+1","Twin Strike+1","Pommel Strike"],"picked":"SKIP","floor":18.0},{"not_picked":["Perfected Strike","Anger","Intimidate"],"picked":"SKIP","floor":19},{"not_picked":["Spot Weakness","Flex+1","Havoc"],"picked":"SKIP","floor":22},{"not_picked":["Clash","Cleave","Rampage+1"],"picked":"SKIP","floor":24},{"not_picked":["Body Slam+1","Shrug It Off","Disarm"],"picked":"Singing Bowl","floor":29},{"not_picked":["Seeing Red","Havoc"],"picked":"Shrug It Off","floor":31}],"player_experience":964291,"relics_obtained":[{"floor":7.0,"key":"Toy Ornithopter"},{"floor":9.0,"key":"Bottled Flame"},{"floor":10.0,"key":"Champion Belt"},{"floor":12.0,"key":"StrikeDummy"},{"floor":26,"key":"Singing Bowl"}],"event_choices":[{"damage_healed":0.0,"max_hp_gain":0.0,"max_hp_loss":0.0,"gold_gain":0.0,"event_name":"Liars Game","player_choice":"Ignored","floor":2.0,"gold_loss":0.0,"damage_taken":0.0},{"damage_healed":0.0,"max_hp_gain":0.0,"max_hp_loss":0.0,"gold_gain":0.0,"cards_transformed":["Defend_R"],"event_name":"Living Wall","player_choice":"Change","floor":3.0,"gold_loss":0.0,"damage_taken":0.0,"cards_obtained":["Reaper"]},{"damage_healed":0,"gold_gain":99,"player_choice":"Stole From Cult","damage_taken":0,"max_hp_gain":0,"max_hp_loss":0,"event_name":"Nest","floor":21,"gold_loss":0},{"damage_healed":0,"gold_gain":0,"player_choice":"Paid Fearfully","damage_taken":0,"max_hp_gain":0,"max_hp_loss":0,"event_name":"Masked Bandits","floor":25,"gold_loss":190},{"damage_healed":0,"gold_gain":0,"cards_transformed":["Bash","Defend_R"],"player_choice":"Became Test Subject","damage_taken":0,"max_hp_gain":0,"max_hp_loss":0,"event_name":"Drug Dealer","floor":30,"gold_loss":0,"cards_obtained":["Limit Break","Body Slam"]}],"is_beta":false,"boss_relics":[{"not_picked":["Ectoplasm","Runic Dome"],"picked":"Cursed Key"}],"items_purged_floors":[4],"is_endless":false,"potions_floor_spawned":[7,10,11,13,19,22,31],"killed_by":"Collector","ascension_level":11}}