{"host":"iptgt7xajlx4idp5","time":1608171699,"event":{"mods":["BaseMod","Bestiary","Colored Map","Minty Spire (QoL Compilation)","Rare Cards Sparkle","Slay-I"],"gold_per_floor":[112,131,145,134,152,184,184,212,212,212,212,212,387,406,406,511,511,491,501,390,400,412,412,337,337,337,337,337,351,351,351,351,351,351],"floor_reached":33,"playtime":2150,"items_purged":["Strike_R"],"score":257,"play_id":"311f4a56-1296-4a9f-8c07-9373081eef7e","local_time":"20201216192139","is_ascension_mode":false,"campfire_choices":[{"floor":10,"key":"REST"},{"data":"Rampage","floor":12,"key":"SMITH"},{"data":"Shrug It Off","floor":15,"key":"SMITH"},{"data":"Anger","floor":23,"key":"SMITH"},{"floor":25,"key":"REST"},{"data":"Inflame","floor":28,"key":"SMITH"},{"data":"Iron Wave","floor":32,"key":"SMITH"}],"circlet_count":0,"master_deck":["Strike_R","Strike_R","Defend_R","Defend_R","Defend_R","Defend_R","Blind","Rampage+1","Shrug It Off+1","Anger+1","Cleave","Iron Wave+1","Feed","Inflame+1"],"relics":["Burning Blood","Omamori","Oddly Smooth Stone","Bronze Scales","SacredBark","Self Forming Clay","Ornamental Fan","Strawberry"],"acts_visited":["Exordium","TheCity"],"potions_floor_usage":[8,16,18,22,29,29],"damage_taken":[{"damage":10,"enemies":"Small Slimes","floor":1,"turns":4},{"damage":6,"enemies":"Jaw Worm","floor":2,"turns":4},{"damage":0,"enemies":"2 Louse","floor":3,"turns":3},{"damage":9,"enemies":"Exordium Thugs","floor":4,"turns":4},{"damage":3,"enemies":"Exordium Wildlife","floor":5,"turns":4},{"damage":30,"enemies":"3 Sentries","floor":6,"turns":7},{"damage":25,"enemies":"Gremlin Nob","floor":8,"turns":4},{"damage":1,"enemies":"Large Slime","floor":14,"turns":5},{"damage":30,"enemies":"Hexaghost","floor":16,"turns":10},{"damage":13,"enemies":"2 Thieves","floor":18,"turns":4},{"damage":22,"enemies":"Shell Parasite","floor":19,"turns":6},{"damage":18,"enemies":"Snake Plant","floor":21,"turns":6},{"damage":13,"enemies":"3 Cultists","floor":22,"turns":4},{"damage":0,"enemies":"Centurion and Healer","floor":29,"turns":5},{"damage":88,"enemies":"Champ","floor":33,"turns":14}],"seed_played":"5329987171069803302","potions_obtained":[{"floor":1,"key":"Ancient Potion"},{"floor":3,"key":"Swift Potion"},{"floor":8,"key":"DuplicationPotion"},{"floor":16,"key":"ColorlessPotion"},{"floor":18,"key":"Energy Potion"},{"floor":19,"key":"Explosive Potion"},{"floor":21,"key":"SteroidPotion"}],"is_trial":false,"path_per_floor":["M","M","M","M","M","E","?","E","T","R","?","R","?","M","R","B",null,"M","M","$","M","M","R","?","R","T","?","R","M","T","?","R","B"],"character_chosen":"IRONCLAD","items_purchased":["Inflame"],"campfire_rested":2,"item_purchase_floors":[20],"current_hp_per_floor":[76,76,80,77,80,56,49,30,30,54,54,54,54,59,59,35,80,73,57,57,48,44,44,44,69,69,69,69,75,75,82,82,0,0],"gold":351,"neow_bonus":"RANDOM_COLORLESS","is_daily":false,"chose_seed":false,"campfire_upgraded":5,"win_rate":0.0,"timestamp":1608171699,"path_taken":["M","M","M","M","M","E","?","E","T","R","?","R","?","?","R","BOSS","M","M","$","M","M","R","?","R","T","?","R","M","?","?","R","BOSS"],"items_purchased_type":["Card"],"build_version":"2020-12-13","purchased_purges":1,"victory":false,"max_hp_per_floor":[80,80,80,80,80,80,80,80,80,80,80,80,80,80,80,80,80,80,80,80,83,86,86,86,86,86,86,86,86,86,93,93,93,93],"card_choices":[{"not_picked":["Madness","Flash of Steel"],"picked":"Blind","floor":0},{"not_picked":["Searing Blow","Seeing Red"],"picked":"Rampage","floor":1},{"not_picked":["Perfected Strike","Sever Soul"],"picked":"Shrug It Off","floor":2},{"not_picked":["Dual Wield","Sword Boomerang","Thunderclap"],"picked":"SKIP","floor":3},{"not_picked":["Havoc","Entrench"],"picked":"Anger","floor":4},{"not_picked":["Whirlwind","Bloodletting"],"picked":"Cleave","floor":5},{"not_picked":["Corruption","Dual Wield","Uppercut"],"picked":"SKIP","floor":6},{"not_picked":["Flex","Headbutt","Cleave"],"picked":"SKIP","floor":8},{"not_picked":["Thunderclap","Perfected Strike"],"picked":"Iron Wave","floor":14},{"not_picked":["Fiend Fire","Limit Break"],"picked":"Feed","floor":16},{"not_picked":["Clothesline","True Grit","Spot Weakness"],"picked":"SKIP","floor":18},{"not_picked":["Warcry","Armaments","Evolve"],"picked":"SKIP","floor":19},{"not_picked":["Body Slam","True Grit","Second Wind"],"picked":"SKIP","floor":21},{"not_picked":["Body Slam","True Grit","Second Wind"],"picked":"SKIP","floor":21},{"not_picked":["Clothesline","Shrug It Off","Combust"],"picked":"SKIP","floor":22},{"not_picked":["Headbutt","Twin Strike+1","Bloodletting+1"],"picked":"SKIP","floor":29}],"player_experience":486814,"relics_obtained":[{"floor":6,"key":"Omamori"},{"floor":8,"key":"Oddly Smooth Stone"},{"floor":9,"key":"Bronze Scales"},{"floor":26,"key":"Self Forming Clay"},{"floor":30,"key":"Ornamental Fan"}],"event_choices":[{"cards_removed":["Bash"],"damage_healed":0,"gold_gain":0,"player_choice":"Card Removal","damage_taken":7,"max_hp_gain":0,"max_hp_loss":0,"event_name":"Golden Wing","floor":7,"gold_loss":0},{"cards_removed":["Strike_R"],"damage_healed":0,"gold_gain":0,"player_choice":"Forget","damage_taken":0,"max_hp_gain":0,"max_hp_loss":0,"event_name":"Living Wall","floor":11,"gold_loss":0},{"damage_healed":0,"gold_gain":175,"player_choice":"AGREE","damage_taken":0,"max_hp_gain":0,"max_hp_loss":0,"event_name":"Liars Game","floor":13,"gold_loss":0,"cards_obtained":["Doubt"]},{"cards_removed":["Strike_R"],"damage_healed":0,"gold_gain":0,"player_choice":"Gave Gold","damage_taken":0,"max_hp_gain":0,"max_hp_loss":0,"event_name":"Beggar","floor":24,"gold_loss":75},{"damage_healed":0,"gold_gain":0,"player_choice":"Ignored","damage_taken":0,"max_hp_gain":0,"max_hp_loss":0,"event_name":"Ghosts","floor":27,"gold_loss":0},{"damage_healed":0,"gold_gain":0,"player_choice":"Opened","damage_taken":0,"relics_obtained":["Strawberry"],"max_hp_gain":0,"max_hp_loss":0,"event_name":"The Mausoleum","floor":31,"gold_loss":0}],"is_beta":false,"boss_relics":[{"not_picked":["Coffee Dripper","Runic Dome"],"picked":"SacredBark"}],"items_purged_floors":[20],"is_endless":false,"potions_floor_spawned":[1,3,8,16,18,19,21],"killed_by":"Champ","ascension_level":0}}