{"host":"y76clbnovzmw9ubx","time":1608163426,"event":{"mods":["AchievementEnabler","BaseMod","Minty Spire (QoL Compilation)","Permanent Neow","Relic Stats"],"gold_per_floor":[115,129,147,160,125,157,157,182,182,182,197,223,223,92,92,169,169,181,192,192,107,118,118,118],"floor_reached":23,"playtime":1205,"items_purged":["Strike_G"],"score":422,"play_id":"cc4ee233-88ae-44bf-9edf-317f4b3aa2c2","local_time":"20201216190346","is_ascension_mode":true,"campfire_choices":[{"data":"Bouncing Flask","floor":7,"key":"SMITH"},{"floor":10,"key":"REST"},{"data":"Deadly Poison","floor":15,"key":"SMITH"}],"circlet_count":0,"master_deck":["AscendersBane","Defend_G+1","Defend_G","Defend_G","Defend_G+1","Survivor","Neutralize","Backstab","Expertise","Deadly Poison+1","Bouncing Flask+1","Quick Slash","Slice","Unload","Poisoned Stab","Malaise","Corpse Explosion+1","Sucker Punch+1","Calculated Gamble+1","All Out Attack","Ghostly","Ghostly","Ghostly","Deadly Poison"],"relics":["Ring of the Snake","Dream Catcher","War Paint","HornCleat","Meat on the Bone","Astrolabe","Dead Branch"],"acts_visited":["Exordium","TheCity"],"potions_floor_usage":[6,6,8,19,23],"damage_taken":[{"damage":10,"enemies":"Jaw Worm","floor":1,"turns":6},{"damage":2,"enemies":"Small Slimes","floor":2,"turns":4},{"damage":0,"enemies":"Cultist","floor":3,"turns":3},{"damage":16,"enemies":"Large Slime","floor":4,"turns":7},{"damage":13,"enemies":"Gremlin Nob","floor":6,"turns":3},{"damage":22,"enemies":"3 Sentries","floor":8,"turns":8},{"damage":3,"enemies":"Looter","floor":11,"turns":2},{"damage":24,"enemies":"Gremlin Nob","floor":12,"turns":4},{"damage":17,"enemies":"Hexaghost","floor":16,"turns":8},{"damage":3,"enemies":"Spheric Guardian","floor":18,"turns":5},{"damage":0,"enemies":"3 Byrds","floor":19,"turns":2},{"damage":2,"enemies":"Centurion and Healer","floor":22,"turns":4},{"damage":32,"enemies":"Gremlin Leader","floor":23,"turns":6}],"seed_played":"5140048260917686608","potions_obtained":[{"floor":1,"key":"Regen Potion"},{"floor":4,"key":"SteroidPotion"},{"floor":6,"key":"AttackPotion"},{"floor":12,"key":"GamblersBrew"},{"floor":16,"key":"GhostInAJar"}],"is_trial":false,"path_per_floor":["M","M","M","M","?","E","R","E","T","R","M","E","?","$","R","B",null,"M","M","?","?","M","E"],"character_chosen":"THE_SILENT","items_purchased":["Block Potion"],"campfire_rested":1,"item_purchase_floors":[14],"current_hp_per_floor":[49,47,47,31,46,45,45,23,23,41,38,14,60,60,60,43,56,53,53,30,30,28,0,0],"gold":118,"neow_bonus":"TRANSFORM_TWO_CARDS","is_daily":false,"chose_seed":false,"campfire_upgraded":2,"win_rate":0.0,"timestamp":1608163426,"path_taken":["M","M","M","M","?","E","R","E","T","R","M","E","?","$","R","BOSS","M","M","?","?","M","E"],"items_purchased_type":["Potion"],"build_version":"2020-12-13","purchased_purges":1,"victory":false,"max_hp_per_floor":[60,60,60,60,60,60,60,60,60,60,60,60,60,60,60,60,60,60,60,30,30,30,30,30],"relic_stats":{"Dream Catcher":1,"counters":[13,62],"Astrolabe":["Corpse Explosion","Sucker Punch","Calculated Gamble"],"Dead Branch":[11],"War Paint":["Defend_G","Defend_G"],"obtain_stats":[{"Dream Catcher":6,"HornCleat":9,"Astrolabe":17,"Dead Branch":21,"War Paint":8,"Ring of the Snake":0,"Meat on the Bone":12},{"Dream Catcher":5,"HornCleat":6,"Astrolabe":9,"Dead Branch":11,"War Paint":6,"Ring of the Snake":0,"Meat on the Bone":8},{"Dream Catcher":23,"HornCleat":31,"Astrolabe":45,"Dead Branch":52,"War Paint":31,"Ring of the Snake":0,"Meat on the Bone":37}],"Ring of the Snake":[26],"Meat on the Bone":0},"card_choices":[{"not_picked":["Expertise","Cloak And Dagger"],"picked":"Deadly Poison","floor":1},{"not_picked":["Prepared","Backflip"],"picked":"Bouncing Flask","floor":2},{"not_picked":["Distraction","Concentrate","Dodge and Roll"],"picked":"SKIP","floor":3},{"not_picked":["Blade Dance","Prepared"],"picked":"Quick Slash","floor":4},{"not_picked":["Sucker Punch","Dodge and Roll"],"picked":"Slice","floor":6},{"not_picked":["Acrobatics","Expertise"],"picked":"Unload","floor":8},{"not_picked":["Bouncing Flask","Acrobatics"],"picked":"Poisoned Stab","floor":10},{"not_picked":["Slice","Quick Slash","Underhanded Strike"],"picked":"SKIP","floor":11},{"not_picked":["Underhanded Strike","Sucker Punch","Reflex"],"picked":"SKIP","floor":12},{"not_picked":["Envenom","A Thousand Cuts"],"picked":"Malaise","floor":16},{"not_picked":["Blade Dance","Sucker Punch"],"picked":"All Out Attack","floor":18},{"not_picked":["Flechettes","Expertise","Terror"],"picked":"SKIP","floor":19},{"not_picked":["Underhanded Strike","Quick Slash"],"picked":"Deadly Poison","floor":22}],"player_experience":2882666,"relics_obtained":[{"floor":6,"key":"Dream Catcher"},{"floor":8,"key":"War Paint"},{"floor":9,"key":"HornCleat"},{"floor":12,"key":"Meat on the Bone"}],"event_choices":[{"damage_healed":15,"gold_gain":0,"player_choice":"Healed","damage_taken":0,"max_hp_gain":0,"max_hp_loss":0,"event_name":"The Cleric","floor":5,"gold_loss":35},{"damage_healed":46,"gold_gain":0,"player_choice":"Full Heal","damage_taken":0,"max_hp_gain":0,"max_hp_loss":0,"event_name":"Wheel of Change","floor":13,"gold_loss":0},{"damage_healed":0,"gold_gain":0,"player_choice":"Became a Ghost","damage_taken":0,"max_hp_gain":0,"max_hp_loss":30,"event_name":"Ghosts","floor":20,"gold_loss":0,"cards_obtained":["Ghostly","Ghostly","Ghostly"]},{"damage_healed":0,"gold_gain":0,"player_choice":"Obtained Relic","damage_taken":0,"relics_obtained":["Dead Branch"],"max_hp_gain":0,"max_hp_loss":0,"event_name":"Addict","floor":21,"gold_loss":85}],"is_beta":false,"boss_relics":[{"not_picked":["WristBlade","Empty Cage"],"picked":"Astrolabe"}],"items_purged_floors":[14],"is_endless":false,"potions_floor_spawned":[1,4,6,12,16,18],"killed_by":"Gremlin Leader","ascension_level":20}}