{"host":"fne7yx97fnz7kq05","time":1608241046,"event":{"mods":["BaseMod","Colored Map","Colored Powertips","Highlight Path","Minty Spire (QoL Compilation)","Relic Stats"],"gold_per_floor":[119,134,10,10,20,50,66,66,66,66,76,101,101,135,135,231,231,241,251,166,191,191,191,225,236,261,286,299,328,328,348,348,446,496,510,732,782,797,797,797,827,843,893,893,906,906,586,611,611,611,611,611,15,45,45,45],"floor_reached":55,"playtime":2698,"items_purged":["Carnage+1","Blood for Blood+1"],"score":1403,"play_id":"df7a09ba-923d-4030-95e5-98fac16a9df8","local_time":"20201217153726","is_ascension_mode":true,"campfire_choices":[{"floor":8,"key":"RECALL"},{"floor":10,"key":"REST"},{"floor":15,"key":"REST"},{"floor":23,"key":"REST"},{"floor":32,"key":"REST"},{"floor":40,"key":"REST"},{"floor":44,"key":"DIG"},{"floor":46,"key":"REST"},{"floor":49,"key":"DIG"},{"floor":52,"key":"DIG"}],"circlet_count":0,"master_deck":["Strike_R","Strike_R","Strike_R","Strike_R","Strike_R","Bash","Clash","Fire Breathing","Disarm","Pommel Strike","Pommel Strike","Perfected Strike","Twin Strike","True Grit","Perfected Strike+1","Feed","Battle Trance+1","Twin Strike","Clash","Pommel Strike+1","Twin Strike+1","Rage","Double Tap","Perfected Strike+1","Impervious","Clothesline+1","Pommel Strike+1","Pommel Strike+1","Trip","Armaments+1","Shrug It Off+1","Twin Strike+1","Violence","Flame Barrier","Berserk","Spot Weakness","Clothesline+1"],"relics":["Fusion Hammer","Sundial","FossilizedHelix","Charon\u0027s Ashes","Happy Flower","Astrolabe","Molten Egg 2","Red Mask","Nunchaku","Lantern","Omamori","Lizard Tail","Shovel","Tiny House","Gambling Chip","Pen Nib","Anchor","Red Skull","Bag of Preparation","Mercury Hourglass","OrangePellets","Ornamental Fan"],"acts_visited":["Exordium","TheCity","TheBeyond","TheEnding"],"potions_floor_usage":[16,24,33,33,50,50,54,55,55],"damage_taken":[{"damage":2,"enemies":"Jaw Worm","floor":1,"turns":4},{"damage":0,"enemies":"Cultist","floor":2,"turns":2},{"damage":8,"enemies":"Small Slimes","floor":5,"turns":3},{"damage":15,"enemies":"3 Sentries","floor":6,"turns":5},{"damage":7,"enemies":"3 Louse","floor":7,"turns":3},{"damage":0,"enemies":"Looter","floor":11,"turns":2},{"damage":0,"enemies":"Gremlin Nob","floor":12,"turns":3},{"damage":0,"enemies":"3 Sentries","floor":14,"turns":5},{"damage":0,"enemies":"Slime Boss","floor":16,"turns":5},{"damage":17,"enemies":"2 Thieves","floor":18,"turns":3},{"damage":5,"enemies":"3 Byrds","floor":19,"turns":6},{"damage":11,"enemies":"Masked Bandits","floor":21,"turns":3},{"damage":14,"enemies":"Gremlin Leader","floor":24,"turns":4},{"damage":8,"enemies":"Snake Plant","floor":25,"turns":2},{"damage":10,"enemies":"Book of Stabbing","floor":27,"turns":3},{"damage":0,"enemies":"Snecko","floor":28,"turns":3},{"damage":20,"enemies":"Gremlin Leader","floor":29,"turns":3},{"damage":4,"enemies":"Chosen and Byrds","floor":31,"turns":3},{"damage":67,"enemies":"Champ","floor":33,"turns":7},{"damage":0,"enemies":"Orb Walker","floor":35,"turns":2},{"damage":43,"enemies":"Mind Bloom Boss Battle","floor":37,"turns":5},{"damage":0,"enemies":"3 Shapes","floor":38,"turns":2},{"damage":0,"enemies":"Reptomancer","floor":41,"turns":4},{"damage":6,"enemies":"Maw","floor":42,"turns":5},{"damage":7,"enemies":"4 Shapes","floor":45,"turns":4},{"damage":0,"enemies":"Nemesis","floor":48,"turns":1},{"damage":32,"enemies":"Awakened One","floor":50,"turns":9},{"damage":12,"enemies":"Shield and Spear","floor":54,"turns":4},{"damage":175,"enemies":"The Heart","floor":55,"turns":6}],"seed_played":"-7213511317640029179","potions_obtained":[{"floor":6,"key":"FearPotion"},{"floor":12,"key":"Energy Potion"},{"floor":16,"key":"FearPotion"},{"floor":21,"key":"SkillPotion"},{"floor":25,"key":"SpeedPotion"},{"floor":31,"key":"Energy Potion"},{"floor":33,"key":"HeartOfIron"},{"floor":34,"key":"LiquidMemories"}],"is_trial":false,"path_per_floor":["M","M","$","?","M","E","M","R","T","R","M","E","?","E","R","B",null,"M","M","?","?","?","R","E","M","T","E","M","E","?","M","R","B",null,"M","?","?","M","?","R","E","M","T","R","M","R","$","E","R","B",null,"R","$","E","B"],"character_chosen":"IRONCLAD","items_purchased":["Fire Breathing","BloodPotion","SteroidPotion","Violence","OrangePellets","Berserk","Spot Weakness","Weak Potion","Block Potion","Clothesline+1"],"campfire_rested":6,"item_purchase_floors":[3,3,47,47,53,53,53,53,53,53],"current_hp_per_floor":[70,70,70,70,62,47,40,40,40,64,64,64,64,64,80,80,80,66,64,64,53,53,78,67,59,59,52,52,32,32,31,59,11,79,79,79,36,39,29,59,59,57,57,57,50,82,82,82,82,50,93,93,93,84,0,0],"gold":45,"neow_bonus":"BOSS_RELIC","is_daily":false,"chose_seed":false,"campfire_upgraded":0,"win_rate":0.0,"timestamp":1608241046,"path_taken":["M","M","$","?","M","E","M","R","T","R","?","E","?","E","R","BOSS","M","M","?","?","?","R","E","?","T","E","M","E","?","M","R","BOSS","M","?","?","M","?","R","E","M","T","R","?","R","$","E","R","BOSS","R","$","E","BOSS"],"items_purchased_type":["Card","Potion","Potion","Card","Relic","Card","Card","Potion","Potion","Card"],"build_version":"2020-12-13","purchased_purges":2,"victory":false,"max_hp_per_floor":[80,80,80,80,80,80,80,80,80,80,80,80,80,80,80,80,80,83,86,86,86,86,86,89,89,89,92,92,92,92,95,95,95,100,100,100,100,103,103,103,103,107,107,107,107,107,107,107,107,107,107,107,107,110,110,110],"relic_stats":{"Happy Flower":[28],"counters":[29,111],"Astrolabe":["Battle Trance","Blood for Blood","Carnage"],"Charon\u0027s Ashes":[125],"Pen Nib":[7],"Bag of Preparation":[6],"Mercury Hourglass":[33],"OrangePellets":[3],"Nunchaku":[18],"Lizard Tail":55,"Shovel":3,"Sundial":[6],"Ornamental Fan":[0],"Gambling Chip":[20],"obtain_stats":[{"Lantern":26,"Tiny House":34,"Happy Flower":14,"Astrolabe":17,"Charon\u0027s Ashes":12,"Pen Nib":41,"Omamori":27,"Bag of Preparation":49,"Burning Blood":0,"Mercury Hourglass":52,"OrangePellets":53,"Nunchaku":24,"Lizard Tail":29,"Anchor":44,"Shovel":30,"Sundial":6,"Ornamental Fan":54,"Gambling Chip":37,"Molten Egg 2":20,"Fusion Hammer":0,"Red Mask":21,"FossilizedHelix":9,"Red Skull":48},{"Lantern":14,"Tiny House":19,"Happy Flower":8,"Astrolabe":9,"Charon\u0027s Ashes":7,"Pen Nib":23,"Omamori":15,"Bag of Preparation":26,"Burning Blood":0,"Mercury Hourglass":27,"OrangePellets":27,"Nunchaku":13,"Lizard Tail":17,"Anchor":24,"Shovel":17,"Sundial":4,"Ornamental Fan":28,"Gambling Chip":21,"Molten Egg 2":11,"Fusion Hammer":0,"Red Mask":12,"FossilizedHelix":5,"Red Skull":26},{"Lantern":50,"Tiny House":69,"Happy Flower":27,"Astrolabe":32,"Charon\u0027s Ashes":22,"Pen Nib":82,"Omamori":53,"Bag of Preparation":92,"Burning Blood":0,"Mercury Hourglass":101,"OrangePellets":101,"Nunchaku":48,"Lizard Tail":59,"Anchor":87,"Shovel":59,"Sundial":14,"Ornamental Fan":105,"Gambling Chip":76,"Molten Egg 2":41,"Fusion Hammer":0,"Red Mask":44,"FossilizedHelix":17,"Red Skull":92}]},"card_choices":[{"not_picked":["Thunderclap","Wild Strike"],"picked":"Clash","floor":1},{"not_picked":["Rage","Flex","Rupture"],"picked":"SKIP","floor":2},{"not_picked":["Second Wind","True Grit"],"picked":"Pommel Strike","floor":5},{"not_picked":["Clothesline","Bloodletting"],"picked":"Perfected Strike","floor":6},{"not_picked":["Anger","Metallicize"],"picked":"Twin Strike","floor":7},{"not_picked":["Clash","Limit Break","Thunderclap"],"picked":"SKIP","floor":11},{"not_picked":["Seeing Red","Warcry"],"picked":"True Grit","floor":12},{"not_picked":["Anger","Spot Weakness"],"picked":"Perfected Strike","floor":14},{"not_picked":["Corruption","Bludgeon"],"picked":"Feed","floor":16},{"not_picked":["Shrug It Off","Cleave"],"picked":"Twin Strike","floor":18},{"not_picked":["Sword Boomerang","Body Slam+1"],"picked":"Clash","floor":19},{"not_picked":["Burning Pact","Havoc+1"],"picked":"Pommel Strike+1","floor":21},{"not_picked":["Entrench","Heavy Blade+1"],"picked":"Twin Strike+1","floor":24},{"not_picked":["True Grit","Dropkick+1"],"picked":"Rage","floor":25},{"not_picked":["Limit Break","Pummel+1","Infernal Blade"],"picked":"SKIP","floor":27},{"not_picked":["Cleave+1","True Grit","Armaments"],"picked":"SKIP","floor":28},{"not_picked":["Blood for Blood+1","Armaments"],"picked":"Double Tap","floor":29},{"not_picked":["Flex","Rampage+1"],"picked":"Perfected Strike+1","floor":31},{"not_picked":["Offering","Corruption"],"picked":"Impervious","floor":33},{"not_picked":["Clash+1","Thunderclap+1"],"picked":"Clothesline+1","floor":34},{"not_picked":["Metallicize","Headbutt+1"],"picked":"Pommel Strike+1","floor":35},{"not_picked":["Havoc+1","Entrench"],"picked":"Pommel Strike+1","floor":37},{"not_picked":["Warcry+1","Heavy Blade+1","Infernal Blade"],"picked":"SKIP","floor":38},{"not_picked":["Bandage Up","Jack Of All Trades"],"picked":"Trip","floor":39},{"not_picked":["Hemokinesis+1","Searing Blow+1"],"picked":"Armaments+1","floor":41},{"not_picked":["Pummel+1","Iron Wave+1"],"picked":"Shrug It Off+1","floor":42},{"not_picked":["Havoc","Bloodletting"],"picked":"Twin Strike+1","floor":45},{"not_picked":["Barricade","Inflame"],"picked":"Flame Barrier","floor":48},{"not_picked":["Uppercut+1","Clash+1","Second Wind+1"],"picked":"SKIP","floor":54}],"player_experience":38444,"relics_obtained":[{"floor":6,"key":"Sundial"},{"floor":9,"key":"FossilizedHelix"},{"floor":12,"key":"Charon\u0027s Ashes"},{"floor":14,"key":"Happy Flower"},{"floor":21,"key":"Red Mask"},{"floor":24,"key":"Nunchaku"},{"floor":26,"key":"Lantern"},{"floor":27,"key":"Omamori"},{"floor":29,"key":"Lizard Tail"},{"floor":37,"key":"Gambling Chip"},{"floor":41,"key":"Pen Nib"},{"floor":44,"key":"Anchor"},{"floor":48,"key":"Red Skull"},{"floor":49,"key":"Bag of Preparation"},{"floor":52,"key":"Mercury Hourglass"},{"floor":54,"key":"Ornamental Fan"}],"event_choices":[{"damage_healed":0,"gold_gain":0,"player_choice":"2 cards matched","damage_taken":0,"max_hp_gain":0,"max_hp_loss":0,"event_name":"Match and Keep!","floor":4,"gold_loss":0,"cards_obtained":["Disarm","Pommel Strike"]},{"damage_healed":0,"gold_gain":0,"player_choice":"Ignored","damage_taken":0,"max_hp_gain":0,"max_hp_loss":0,"event_name":"Liars Game","floor":13,"gold_loss":0},{"damage_healed":0,"gold_gain":0,"player_choice":"Obtained Relic","damage_taken":0,"relics_obtained":["Molten Egg 2"],"max_hp_gain":0,"max_hp_loss":0,"event_name":"Addict","floor":20,"gold_loss":85},{"damage_healed":0,"gold_gain":0,"player_choice":"Fought Bandits","damage_taken":0,"max_hp_gain":0,"max_hp_loss":0,"event_name":"Masked Bandits","floor":21,"gold_loss":0},{"cards_removed":["Defend_R"],"damage_healed":0,"gold_gain":0,"player_choice":"Purged","damage_taken":0,"max_hp_gain":0,"max_hp_loss":0,"event_name":"Purifier","floor":22,"gold_loss":0},{"damage_healed":0,"gold_gain":0,"player_choice":"Opened","damage_taken":0,"relics_obtained":["Shovel"],"max_hp_gain":0,"max_hp_loss":0,"event_name":"The Mausoleum","floor":30,"gold_loss":0},{"damage_healed":0,"gold_gain":222,"player_choice":"Wore Mask","damage_taken":0,"max_hp_gain":0,"max_hp_loss":0,"event_name":"Tomb of Lord Red Mask","floor":36,"gold_loss":0},{"damage_healed":0,"gold_gain":0,"player_choice":"Fight","damage_taken":0,"max_hp_gain":0,"max_hp_loss":0,"event_name":"MindBloom","floor":37,"gold_loss":0},{"damage_healed":0,"gold_gain":0,"player_choice":"Memory 3","damage_taken":10,"max_hp_gain":0,"max_hp_loss":0,"event_name":"SensoryStone","floor":39,"gold_loss":0}],"is_beta":false,"boss_relics":[{"not_picked":["Cursed Key","Mark of Pain"],"picked":"Astrolabe"},{"not_picked":["Runic Dome","SlaversCollar"],"picked":"Tiny House"}],"items_purged_floors":[47,53],"is_endless":false,"potions_floor_spawned":[6,12,16,21,25,28,31,33,35,42,48],"killed_by":"The Heart","ascension_level":7}}