{"host":"qm4rv4rkpk76sbxu","time":1608194858,"event":{"mods":["BaseMod","Bestiary","Block Reminder","DeckTracker","Filter the Spire","Keyboard Shortcuts","Minty Spire (QoL Compilation)","MonsterHotkey","Potion Indicator Mod","Quick Restart","Random Character Button","Relic Stats","Slay-I","StSLib","ojb\u0027s Better Paths Mod"],"gold_per_floor":[109,109,109,17,17,42,42,67,79,107,139,164,192,234,246,329,341,369,392,414,426,438,450,493,530,542,582,15,65,65,74,74,159,159,184,193,221,5,5,5,22,22,22,40,83,101,138,152,152,152,152,152,152,0,26,26],"floor_reached":57,"playtime":4026,"items_purged":["Writhe","Shame"],"score":2957,"play_id":"5e72cc33-4627-4285-8be6-448ac7d4177c","local_time":"20201217094738","is_ascension_mode":true,"campfire_choices":[{"data":"Defragment","floor":7.0,"key":"SMITH"},{"data":"Zap","floor":15.0,"key":"SMITH"},{"data":"Heatsinks","floor":23.0,"key":"SMITH"},{"floor":30.0,"key":"REST"},{"data":"Capacitor","floor":32.0,"key":"SMITH"},{"floor":40.0,"key":"REST"},{"floor":49.0,"key":"RECALL"},{"floor":53.0,"key":"REST"}],"circlet_count":0,"master_deck":["AscendersBane","Strike_B","Strike_B","Defend_B","Defend_B","Defend_B","Zap+1","Dualcast","Ball Lightning","Heatsinks+1","Defragment+1","Ball Lightning","Darkness+1","Stack+1","White Noise+1","Hologram+1","Double Energy+1","Core Surge","Auto Shields+1","Steam+1","Steam+1","Deep Breath+1","Fission+1","Capacitor+1","Secret Technique+1","Machine Learning","Chill+1","Darkness+1","Loop","Deep Breath+1","Hologram+1","Madness+1","Madness+1","Cold Snap","Deep Breath+1","Force Field+1"],"relics":["Cracked Core","NeowsBlessing","HornCleat","Toxic Egg 2","MawBank","Mummified Hand","Sundial","Busted Crown","Pocketwatch","StrikeDummy","Blue Candle","Darkstone Periapt","Membership Card","Pantograph","CeramicFish","Fusion Hammer","TheAbacus","Regal Pillow","Symbiotic Virus","Letter Opener","Centennial Puzzle","InkBottle"],"acts_visited":["Exordium","TheCity","TheBeyond","TheEnding"],"potions_floor_usage":[56,56],"damage_taken":[{"damage":0.0,"enemies":"2 Louse","floor":1.0,"turns":1.0},{"damage":0.0,"enemies":"Gremlin Nob","floor":6.0,"turns":1.0},{"damage":0.0,"enemies":"Lagavulin","floor":8.0,"turns":1.0},{"damage":2.0,"enemies":"Jaw Worm","floor":10.0,"turns":3.0},{"damage":0.0,"enemies":"Small Slimes","floor":11.0,"turns":2.0},{"damage":6.0,"enemies":"Looter","floor":12.0,"turns":2.0},{"damage":8.0,"enemies":"Blue Slaver","floor":13.0,"turns":3.0},{"damage":0.0,"enemies":"Gremlin Nob","floor":14.0,"turns":3.0},{"damage":8.0,"enemies":"Hexaghost","floor":16.0,"turns":5.0},{"damage":11.0,"enemies":"2 Thieves","floor":18.0,"turns":4.0},{"damage":8.0,"enemies":"3 Byrds","floor":19.0,"turns":2.0},{"damage":10.0,"enemies":"Centurion and Healer","floor":20.0,"turns":7.0},{"damage":27.0,"enemies":"Slavers","floor":24.0,"turns":4.0},{"damage":2.0,"enemies":"Gremlin Leader","floor":27.0,"turns":7.0},{"damage":54.0,"enemies":"Collector","floor":33.0,"turns":8.0},{"damage":26.0,"enemies":"3 Shapes","floor":35.0,"turns":4.0},{"damage":3.0,"enemies":"3 Darklings","floor":37.0,"turns":5.0},{"damage":1.0,"enemies":"Sphere and 2 Shapes","floor":41.0,"turns":5.0},{"damage":5.0,"enemies":"Writhing Mass","floor":44.0,"turns":5.0},{"damage":0.0,"enemies":"Nemesis","floor":45.0,"turns":7.0},{"damage":9.0,"enemies":"Reptomancer","floor":47.0,"turns":5.0},{"damage":2.0,"enemies":"3 Darklings","floor":48.0,"turns":4.0},{"damage":46.0,"enemies":"Time Eater","floor":50.0,"turns":8.0},{"damage":44.0,"enemies":"Awakened One","floor":51.0,"turns":10.0},{"damage":15.0,"enemies":"Shield and Spear","floor":55.0,"turns":5.0},{"damage":43,"enemies":"The Heart","floor":56,"turns":8}],"seed_played":"-1423821753544207452","potions_obtained":[{"floor":1.0,"key":"FocusPotion"},{"floor":8.0,"key":"BlessingOfTheForge"},{"floor":13.0,"key":"Swift Potion"},{"floor":20.0,"key":"Dexterity Potion"},{"floor":27.0,"key":"Energy Potion"},{"floor":33.0,"key":"Fruit Juice"},{"floor":35.0,"key":"Regen Potion"},{"floor":39.0,"key":"Weak Potion"},{"floor":48.0,"key":"PowerPotion"},{"floor":55.0,"key":"SteroidPotion"}],"is_trial":false,"path_per_floor":["M","?","?","$","T","E","R","E","T","M","M","M","M","E","R","B",null,"M","M","M","?","?","R","E","T","T","E","$","?","R","?","R","B",null,"M","?","M","$","?","R","M","$","T","M","E","?","E","M","R","B","B",null,"R","$","E","B",null],"character_chosen":"DEFECT","items_purchased":["Defragment","PowerPotion","Membership Card","Deep Breath+1","Fission+1","Capacitor","Pantograph","Secret Technique+1","TheAbacus","Deep Breath+1","Regal Pillow","Deep Breath+1","Force Field+1","PowerPotion"],"campfire_rested":3,"item_purchase_floors":[4,4,28,28,28,28,28,28,38,38,38,54,54,54],"current_hp_per_floor":[64,64,57,57,57,57,57,57,57,55,55,49,41,41,41,33,62,51,43,33,33,33,33,6,6,6,4,4,4,25,31,31,2,58,32,32,29,29,34,73,72,72,72,67,67,52,43,41,41,20,16,66,82,82,67,39],"gold":26,"neow_bonus":"THREE_ENEMY_KILL","is_daily":false,"chose_seed":false,"campfire_upgraded":4,"win_rate":0.0,"timestamp":1608194858,"path_taken":["M","?","?","?","?","E","R","E","T","M","M","?","M","E","R","BOSS","M","M","M","?","?","R","E","?","T","E","$","?","R","?","R","BOSS","M","?","M","?","?","R","M","$","T","?","E","?","E","M","R","BOSS","BOSS","R","$","E","BOSS"],"items_purchased_type":["Card","Potion","Relic","Card","Card","Card","Relic","Card","Relic","Card","Relic","Card","Card","Potion"],"build_version":"2020-12-13","purchased_purges":2,"victory":true,"max_hp_per_floor":[71,71,71,71,71,71,71,71,71,71,71,71,71,71,71,71,71,71,71,71,71,71,71,71,71,71,71,71,71,71,77,77,77,77,77,77,77,77,82,82,82,82,82,82,82,82,82,82,82,82,82,82,82,82,82,82],"relic_stats":{"Darkstone Periapt":6,"Regal Pillow":15,"counters":[26,119],"Blue Candle":[5],"CeramicFish":108,"Letter Opener":[592],"MawBank":240,"Centennial Puzzle":[15],"Busted Crown":28,"TheAbacus":[666],"Mummified Hand":[103],"Sundial":[84],"Pantograph":90,"obtain_stats":[{"Darkstone Periapt":27,"Regal Pillow":38,"NeowsBlessing":0,"Blue Candle":26,"CeramicFish":31,"Letter Opener":45,"MawBank":8,"Centennial Puzzle":47,"HornCleat":5,"Busted Crown":17,"TheAbacus":38,"Mummified Hand":9,"Sundial":14,"Pantograph":28,"Fusion Hammer":34,"Membership Card":28,"Toxic Egg 2":6,"Cracked Core":0,"StrikeDummy":24,"Symbiotic Virus":43,"InkBottle":55,"Pocketwatch":21},{"Darkstone Periapt":14,"Regal Pillow":17,"NeowsBlessing":0,"Blue Candle":13,"CeramicFish":14,"Letter Opener":20,"MawBank":3,"Centennial Puzzle":21,"HornCleat":1,"Busted Crown":9,"TheAbacus":17,"Mummified Hand":3,"Sundial":8,"Pantograph":14,"Fusion Hammer":15,"Membership Card":14,"Toxic Egg 2":2,"Cracked Core":0,"StrikeDummy":13,"Symbiotic Virus":18,"InkBottle":25,"Pocketwatch":12},{"Darkstone Periapt":45,"Regal Pillow":62,"NeowsBlessing":0,"Blue Candle":38,"CeramicFish":45,"Letter Opener":79,"MawBank":3,"Centennial Puzzle":84,"HornCleat":1,"Busted Crown":21,"TheAbacus":62,"Mummified Hand":3,"Sundial":16,"Pantograph":45,"Fusion Hammer":53,"Membership Card":45,"Toxic Egg 2":2,"Cracked Core":0,"StrikeDummy":38,"Symbiotic Virus":67,"InkBottle":111,"Pocketwatch":34}],"InkBottle":[13],"Pocketwatch":[48]},"card_choices":[{"not_picked":["Loop","Gash"],"picked":"Ball Lightning","floor":1.0},{"not_picked":["Force Field+1","Melter"],"picked":"Ball Lightning","floor":6.0},{"not_picked":["Sweeping Beam","Rebound"],"picked":"Darkness+1","floor":8.0},{"not_picked":["Beam Cell","Turbo+1"],"picked":"Stack+1","floor":10.0},{"not_picked":["Compile Driver","Streamline"],"picked":"White Noise+1","floor":11.0},{"not_picked":["BootSequence+1","Chaos+1"],"picked":"Hologram+1","floor":12.0},{"not_picked":["Coolheaded+1","Doom and Gloom"],"picked":"Double Energy+1","floor":13.0},{"not_picked":["Beam Cell","Ball Lightning","FTL"],"picked":"SKIP","floor":14.0},{"not_picked":["Multi-Cast+1","Rainbow+1"],"picked":"Core Surge","floor":16.0},{"not_picked":["Reprogram+1"],"picked":"SKIP","floor":18.0},{"not_picked":[],"picked":"Auto Shields+1","floor":19.0},{"not_picked":["Redo+1"],"picked":"SKIP","floor":20.0},{"not_picked":[],"picked":"Steam+1","floor":24.0},{"not_picked":[],"picked":"Steam+1","floor":27.0},{"not_picked":[],"picked":"Machine Learning","floor":33.0},{"not_picked":[],"picked":"Chill+1","floor":35.0},{"not_picked":[],"picked":"Loop","floor":37.0},{"not_picked":["Turbo+1"],"picked":"SKIP","floor":41.0},{"not_picked":["Beam Cell"],"picked":"SKIP","floor":44.0},{"not_picked":[],"picked":"Hologram+1","floor":45.0},{"not_picked":[],"picked":"Cold Snap","floor":47.0},{"not_picked":["Rebound+1"],"picked":"SKIP","floor":48.0},{"not_picked":["Barrage+1"],"picked":"SKIP","floor":55.0}],"player_experience":1057538,"relics_obtained":[{"floor":5.0,"key":"HornCleat"},{"floor":6.0,"key":"Toxic Egg 2"},{"floor":8.0,"key":"MawBank"},{"floor":9.0,"key":"Mummified Hand"},{"floor":14.0,"key":"Sundial"},{"floor":24.0,"key":"StrikeDummy"},{"floor":26.0,"key":"Blue Candle"},{"floor":27.0,"key":"Darkstone Periapt"},{"floor":43.0,"key":"Symbiotic Virus"},{"floor":45.0,"key":"Letter Opener"},{"floor":47.0,"key":"Centennial Puzzle"},{"floor":55.0,"key":"InkBottle"}],"event_choices":[{"damage_healed":0.0,"max_hp_gain":0.0,"max_hp_loss":0.0,"gold_gain":0.0,"cards_transformed":["Strike_B"],"event_name":"Living Wall","player_choice":"Change","floor":2.0,"gold_loss":0.0,"damage_taken":0.0,"cards_obtained":["Heatsinks"]},{"cards_removed":["Defend_B"],"damage_healed":0.0,"max_hp_gain":0.0,"max_hp_loss":0.0,"gold_gain":0.0,"event_name":"Golden Wing","player_choice":"Card Removal","floor":3.0,"gold_loss":0.0,"damage_taken":7.0},{"damage_healed":0.0,"max_hp_gain":0.0,"max_hp_loss":0.0,"gold_gain":0.0,"event_name":"The Mausoleum","player_choice":"Opened","floor":21.0,"gold_loss":0.0,"damage_taken":0.0,"relics_obtained":["Pocketwatch"],"cards_obtained":["Writhe"]},{"damage_healed":0.0,"max_hp_gain":0.0,"max_hp_loss":0.0,"gold_gain":0.0,"event_name":"Vampires","player_choice":"Ignored","floor":22.0,"gold_loss":0.0,"damage_taken":0.0},{"damage_healed":0.0,"max_hp_gain":0.0,"max_hp_loss":0.0,"gold_gain":50.0,"event_name":"Nest","player_choice":"Stole From Cult","floor":29.0,"gold_loss":0.0,"damage_taken":0.0},{"damage_healed":0.0,"max_hp_gain":0.0,"max_hp_loss":0.0,"gold_gain":0.0,"event_name":"Addict","player_choice":"Stole Relic","floor":31.0,"gold_loss":0.0,"damage_taken":0.0,"relics_obtained":["CeramicFish"],"cards_obtained":["Shame"]},{"damage_healed":0.0,"max_hp_gain":0.0,"max_hp_loss":0.0,"gold_gain":0.0,"cards_transformed":["Strike_B"],"event_name":"Transmorgrifier","player_choice":"Transformed","floor":36.0,"gold_loss":0.0,"damage_taken":0.0,"cards_obtained":["Darkness"]},{"damage_healed":0.0,"max_hp_gain":0.0,"max_hp_loss":0.0,"gold_gain":0.0,"event_name":"Lab","player_choice":"Got Potions","floor":39.0,"gold_loss":0.0,"damage_taken":0.0},{"damage_healed":0.0,"max_hp_gain":0.0,"max_hp_loss":0.0,"gold_gain":0.0,"event_name":"Winding Halls","player_choice":"Embrace Madness","floor":46.0,"gold_loss":0.0,"damage_taken":15.0,"cards_obtained":["Madness","Madness"]}],"is_beta":false,"boss_relics":[{"not_picked":["Sozu","FrozenCore"],"picked":"Busted Crown"},{"not_picked":["Runic Dome","Velvet Choker"],"picked":"Fusion Hammer"}],"items_purged_floors":[28,54],"is_endless":false,"potions_floor_spawned":[1,8,13,20,27,33,35,47,48,55],"ascension_level":20}}