{"host":"mi0eibewekhugwl1","time":1608207918,"event":{"mods":["AchievementEnabler","BaseMod","Colored Map","Colored Powertips","DeckTracker","Keyboard Shortcuts","Minty Spire (QoL Compilation)","Quick Restart","Rare Cards Sparkle","Relic Stats","StSLib","SuperFastMode","everything is the same but u backflip on backflip"],"gold_per_floor":[109,126,126,136,10,10,42,42,42,42,62,77,90,106,106,106,106],"floor_reached":16,"playtime":199,"items_purged":["Strike_R"],"score":233,"play_id":"8f2889b7-5065-40a7-9c0f-88e3410ec37e","local_time":"20201217212518","is_ascension_mode":true,"campfire_choices":[{"data":"Feed","floor":6,"key":"SMITH"},{"data":"Body Slam","floor":8,"key":"SMITH"},{"data":"Wild Strike","floor":15,"key":"SMITH"}],"circlet_count":0,"master_deck":["AscendersBane","Strike_R","Strike_R","Strike_R","Strike_R","Defend_R","Defend_R","Defend_R","Defend_R","Bash","Body Slam+1","Wild Strike+1","Feed+1","Shrug It Off","Cleave","Reckless Charge"],"relics":["Burning Blood","NeowsBlessing","Mummified Hand","Darkstone Periapt"],"acts_visited":["Exordium"],"potions_floor_usage":[16],"damage_taken":[{"damage":0,"enemies":"Small Slimes","floor":1,"turns":1},{"damage":0,"enemies":"Cultist","floor":2,"turns":1},{"damage":0,"enemies":"Jaw Worm","floor":4,"turns":1},{"damage":32,"enemies":"Gremlin Nob","floor":7,"turns":4},{"damage":5,"enemies":"Exordium Wildlife","floor":11,"turns":3},{"damage":17,"enemies":"3 Louse","floor":12,"turns":3},{"damage":8,"enemies":"Blue Slaver","floor":13,"turns":3},{"damage":4,"enemies":"Exordium Thugs","floor":14,"turns":4},{"damage":74,"enemies":"Slime Boss","floor":16,"turns":6}],"seed_played":"8943249277168228840","potions_obtained":[{"floor":2,"key":"BlessingOfTheForge"},{"floor":4,"key":"LiquidBronze"},{"floor":12,"key":"BloodPotion"}],"is_trial":false,"path_per_floor":["M","M","?","M","$","R","E","R","T","$","M","M","M","M","R","B"],"character_chosen":"IRONCLAD","items_purchased":["Shrug It Off"],"campfire_rested":0,"item_purchase_floors":[5],"current_hp_per_floor":[74,75,75,75,75,75,53,53,53,53,58,51,53,59,59,0,0],"gold":106,"neow_bonus":"THREE_ENEMY_KILL","is_daily":false,"chose_seed":false,"campfire_upgraded":3,"win_rate":0.0,"timestamp":1608207918,"path_taken":["M","M","?","M","?","R","E","R","T","$","M","M","M","M","R","BOSS"],"items_purchased_type":["Card"],"build_version":"2020-12-13","purchased_purges":1,"victory":false,"max_hp_per_floor":[75,75,75,75,75,75,79,79,79,79,83,87,91,95,95,95,95],"relic_stats":{"Darkstone Periapt":0,"counters":[9,26],"Mummified Hand":[0],"obtain_stats":[{"Darkstone Periapt":9,"NeowsBlessing":0,"Mummified Hand":7,"Burning Blood":0},{"Darkstone Periapt":4,"NeowsBlessing":0,"Mummified Hand":4,"Burning Blood":0},{"Darkstone Periapt":7,"NeowsBlessing":0,"Mummified Hand":7,"Burning Blood":0}],"Burning Blood":37},"card_choices":[{"not_picked":["True Grit","Disarm"],"picked":"Body Slam","floor":1},{"not_picked":["True Grit","Combust"],"picked":"Wild Strike","floor":2},{"not_picked":["Thunderclap","Rampage"],"picked":"Feed","floor":4},{"not_picked":["Thunderclap","Warcry","Clash"],"picked":"SKIP","floor":7},{"not_picked":["Sword Boomerang","Carnage"],"picked":"Cleave","floor":11},{"not_picked":["Dual Wield","Sentinel"],"picked":"Reckless Charge","floor":12},{"not_picked":["Clothesline","Warcry","Cleave"],"picked":"SKIP","floor":13},{"not_picked":["Intimidate","Flex","Thunderclap"],"picked":"SKIP","floor":14}],"player_experience":1685087,"relics_obtained":[{"floor":7,"key":"Mummified Hand"},{"floor":9,"key":"Darkstone Periapt"}],"event_choices":[{"damage_healed":0,"gold_gain":0,"player_choice":"0 cards matched","damage_taken":0,"max_hp_gain":0,"max_hp_loss":0,"event_name":"Match and Keep!","floor":3,"gold_loss":0,"cards_obtained":[]}],"is_beta":false,"boss_relics":[],"items_purged_floors":[5],"is_endless":false,"potions_floor_spawned":[2,4,11,12],"killed_by":"Slime Boss","ascension_level":20}}