{"host":"nox","time":1608208701,"event":{"mods":["BaseMod","Colored Powertips","Minty Spire (QoL Compilation)","Quick Restart","Replay The Spire","StSLib"],"gold_per_floor":[116,116,134,134,134,165,181,216,216,231,245,245,261,261,261,385,385,373,389,290,290,182,182,227,265,265,265,29,29,128,144,144,263,263,286,286,320,66,130,130,130],"floor_reached":40,"playtime":2477,"items_purged":["Decay","Strike_R"],"score":580,"play_id":"caab498a-199f-4927-b0ad-62be534a485d","local_time":"20201217193821","is_ascension_mode":true,"campfire_choices":[{"floor":12.0,"key":"REST"},{"floor":15.0,"key":"REST"},{"data":"Demon Form","floor":23.0,"key":"SMITH"},{"floor":27.0,"key":"REST"}],"circlet_count":0,"master_deck":["Strike_R","Strike_R","Strike_R","Strike_R","Defend_R","Defend_R","Defend_R","Defend_R","Bash","Shrug It Off","Immolate+1","Demon Form+1","Limit Break","Thunderclap+1","HandOfGreed","Heavy Blade","Blind","Bloodletting","Reckless Charge+1","Barricade","Headbutt+1","Feel No Pain"],"relics":["SlaversCollar","Golden Idol","ReplayTheSpireMod:Spearhead","Question Card","Bag of Preparation","Ancient Tea Set","Busted Crown","ReplayTheSpireMod:CursedCoin","Snack Pack","Omamori","Ring of Fury","Ring of Misfortune","Fusion Hammer","ClockworkSouvenir","Replay:Multitool"],"acts_visited":["Exordium","TheCity","TheBeyond"],"potions_floor_usage":[40],"damage_taken":[{"damage":1.0,"enemies":"Cultist","floor":1.0,"turns":3.0},{"damage":4.0,"enemies":"2 Louse","floor":3.0,"turns":4.0},{"damage":20.0,"enemies":"Lagavulin","floor":6.0,"turns":7.0},{"damage":5.0,"enemies":"Small Slimes","floor":7.0,"turns":2.0},{"damage":4.0,"enemies":"Gremlin Nob","floor":8.0,"turns":3.0},{"damage":0.0,"enemies":"2 Fungi Beasts","floor":10.0,"turns":2.0},{"damage":6.0,"enemies":"Blue Slaver","floor":11.0,"turns":5.0},{"damage":0.0,"enemies":"Lots of Slimes","floor":13.0,"turns":1.0},{"damage":25.0,"enemies":"The Guardian","floor":16.0,"turns":7.0},{"damage":16.0,"enemies":"2 Thieves","floor":18.0,"turns":4.0},{"damage":10.0,"enemies":"3 Byrds","floor":19.0,"turns":3.0},{"damage":18.0,"enemies":"Centurion and Healer","floor":24.0,"turns":3.0},{"damage":45.0,"enemies":"Book of Stabbing","floor":25.0,"turns":5.0},{"damage":8.0,"enemies":"Chosen and Byrds","floor":31.0,"turns":3.0},{"damage":38.0,"enemies":"Collector","floor":33.0,"turns":7.0},{"damage":15,"enemies":"3 Darklings","floor":35,"turns":3},{"damage":10,"enemies":"3 Shapes","floor":37,"turns":3},{"damage":45,"enemies":"2 Orb Walkers","floor":39,"turns":5},{"damage":22,"enemies":"R_Hoarder","floor":40,"turns":2}],"seed_played":"7957239420813778665","potions_obtained":[{"floor":3.0,"key":"GamblersBrew"},{"floor":4.0,"key":"SteroidPotion"},{"floor":4.0,"key":"DuplicationPotion"},{"floor":7.0,"key":"Elixir"},{"floor":11.0,"key":"Explosive Potion"},{"floor":16.0,"key":"Dexterity Potion"},{"floor":18.0,"key":"BlessingOfTheForge"},{"floor":24.0,"key":"Dexterity Potion"},{"floor":39,"key":"Toxic Potion"}],"is_trial":false,"path_per_floor":["M","?","M","?","$","E","M","E","T","M","M","R","M","?","R","B",null,"M","M","$","?","$","R","M","E","T","R","$","?","?","M","R","B",null,"M","?","M","$","?","E"],"character_chosen":"IRONCLAD","items_purchased":["HandOfGreed","ReplayTheSpireMod:CursedCoin","Heavy Blade","Blind","Bloodletting","Omamori","ClockworkSouvenir"],"campfire_rested":3,"item_purchase_floors":[20,20,22,22,28,28,38],"current_hp_per_floor":[71,51,47,47,47,27,22,18,18,18,12,36,36,24,48,23,66,50,40,40,66,66,66,48,3,3,27,27,27,27,25,49,17,64,53,53,43,43,2,0,0],"gold":130,"neow_bonus":"BOSS_RELIC","is_daily":false,"chose_seed":false,"campfire_upgraded":1,"win_rate":0.0,"timestamp":1608208701,"path_taken":["M","?","M","?","$","E","M","E","T","M","M","R","?","?","R","BOSS","M","M","$","?","$","R","M","E","T","R","$","?","?","M","R","BOSS","M","?","M","$","?","E"],"items_purchased_type":["Card","Relic","Card","Card","Card","Relic","Relic"],"build_version":"2020-11-17","purchased_purges":2,"victory":false,"max_hp_per_floor":[80,80,80,80,80,80,80,80,80,80,80,80,80,80,80,80,80,80,80,80,80,80,80,80,80,80,80,80,80,80,80,80,80,80,80,80,80,80,80,80,80],"card_choices":[{"not_picked":["ReplayTheSpireMod:Strike From Hell","Replay:Undeath\u0027s Touch"],"picked":"Shrug It Off","floor":1.0},{"not_picked":["Flex","Thunderclap"],"picked":"Immolate","floor":3.0},{"not_picked":["Pummel","Corruption","Havoc"],"picked":"SKIP","floor":6.0},{"not_picked":["Iron Wave","Perfected Strike","Body Slam"],"picked":"SKIP","floor":7.0},{"not_picked":["Searing Blow","Perfected Strike"],"picked":"Demon Form","floor":8.0},{"not_picked":["Evolve","Iron Wave","Feel No Pain","Sever Soul"],"picked":"SKIP","floor":10.0},{"not_picked":["Sword Boomerang","Entrench","Cleave","Searing Blow"],"picked":"SKIP","floor":11.0},{"not_picked":["Massacre","Headbutt","Seeing Red","Sword Boomerang"],"picked":"SKIP","floor":13.0},{"not_picked":["Corruption","Brutality","Barricade"],"picked":"Limit Break","floor":16.0},{"not_picked":["Perfected Strike"],"picked":"Thunderclap+1","floor":18.0},{"not_picked":["Twin Strike","Combust"],"picked":"SKIP","floor":19.0},{"not_picked":["Warcry","Cleave"],"picked":"SKIP","floor":24.0},{"not_picked":["Blood for Blood+1","Feel No Pain+1"],"picked":"SKIP","floor":25.0},{"not_picked":["Body Slam"],"picked":"Reckless Charge+1","floor":31.0},{"not_picked":["Immolate"],"picked":"Barricade","floor":33.0},{"not_picked":["True Grit","Twin Strike+1"],"picked":"SKIP","floor":35},{"not_picked":["Fire Breathing"],"picked":"Headbutt+1","floor":37},{"not_picked":["Wild Strike+1"],"picked":"Feel No Pain","floor":39}],"player_experience":166676,"relics_obtained":[{"floor":6.0,"key":"ReplayTheSpireMod:Spearhead"},{"floor":8.0,"key":"Question Card"},{"floor":9.0,"key":"Bag of Preparation"},{"floor":25.0,"key":"Snack Pack"},{"floor":29.0,"key":"Ring of Fury"},{"floor":29.0,"key":"Ring of Misfortune"},{"floor":39,"key":"Replay:Multitool"}],"event_choices":[{"damage_healed":0.0,"max_hp_gain":0.0,"max_hp_loss":0.0,"gold_gain":0.0,"event_name":"Golden Idol","player_choice":"Take Damage","floor":2.0,"gold_loss":0.0,"damage_taken":20.0,"relics_obtained":["Golden Idol"]},{"damage_healed":0.0,"max_hp_gain":0.0,"max_hp_loss":0.0,"gold_gain":0.0,"event_name":"Lab","player_choice":"Got Potions","floor":4.0,"gold_loss":0.0,"damage_taken":0.0},{"damage_healed":0.0,"max_hp_gain":0.0,"max_hp_loss":0.0,"gold_gain":0.0,"event_name":"Scrap Ooze","player_choice":"Success","floor":14.0,"gold_loss":0.0,"damage_taken":12.0,"relics_obtained":["Ancient Tea Set"]},{"damage_healed":26.0,"max_hp_gain":0.0,"max_hp_loss":0.0,"gold_gain":0.0,"event_name":"The Library","player_choice":"Heal","floor":21.0,"gold_loss":0.0,"damage_taken":0.0},{"damage_healed":0.0,"max_hp_gain":0.0,"max_hp_loss":0.0,"gold_gain":99.0,"event_name":"Nest","player_choice":"Stole From Cult","floor":30.0,"gold_loss":0.0,"damage_taken":0.0},{"cards_removed":["Strike_R"],"damage_healed":0,"gold_gain":0,"player_choice":"Removed Attack","damage_taken":0,"max_hp_gain":0,"max_hp_loss":0,"event_name":"Falling","floor":36,"gold_loss":0},{"damage_healed":0,"gold_gain":0,"player_choice":"Fight","damage_taken":0,"max_hp_gain":0,"max_hp_loss":0,"event_name":"Mysterious Sphere","floor":39,"gold_loss":0}],"is_beta":true,"boss_relics":[{"not_picked":["Ooze Armor","Runic Dome"],"picked":"Busted Crown"},{"not_picked":["Replay:Wanted Poster","Runic Cube"],"picked":"Fusion Hammer"}],"items_purged_floors":[20,38],"is_endless":false,"potions_floor_spawned":[3,7,11,13,16,18,24,39],"killed_by":"R_Hoarder","ascension_level":8}}