{"host":"cijhj3091wf4aho3","time":1608173670,"event":{"mods":["BaseMod","Colored Map","Colored Powertips","Downfall","Friendly Minions","GifTheSpireLib","Highlight Path","Minty Spire (QoL Compilation)","Permanent Neow","Random Character Button","Relic Sorter","Relic Stats","StSLib","everything is the same but u backflip on backflip","slay the spire mod where everything is the same but ironclad has a cowboy hat"],"gold_per_floor":[0,19,19,347,347,362,362,362,396,321,335,345,40,57,73,173,173,173,205,225,225,225,225,225,225,251,251,271,8,8,20,37,138,138,138,138,153,178,154,164,189,214,214,249,99,99,146,158,175,175],"floor_reached":51,"playtime":3343,"items_purged":["champ:Strike","champ:Strike","champ:Strike","champ:Defend"],"score":1046,"play_id":"7f3e356c-c9ce-43f0-8d5e-2ffae86b1f23","local_time":"20201216185430","is_ascension_mode":true,"campfire_choices":[{"data":"champ:Taunt","floor":1.0,"key":"SMITH"},{"data":"champ:ViciousMockery","floor":3.0,"key":"SMITH"},{"floor":8.0,"key":"RECALL"},{"data":"champ:PreciseThrust","floor":10.0,"key":"SMITH"},{"data":"champ:GladiatorStyle","floor":18.0,"key":"SMITH"},{"data":"champ:CalledShot","floor":23.0,"key":"SMITH"},{"data":"champ:GladiatorsShout","floor":25.0,"key":"SMITH"},{"data":"champ:ArenaPreparation","floor":27.0,"key":"SMITH"},{"data":"champ:VampiricStrike","floor":35,"key":"SMITH"},{"data":"Purity","floor":43,"key":"SMITH"}],"circlet_count":0,"master_deck":["champ:Defend","champ:Defend","champ:Defend","champ:Execute","champ:Taunt+1","champ:ViciousMockery+1","champ:ArenaPreparation+1","champ:GladiatorsShout+1","champ:PreciseThrust+1","champ:CalledShot+1","champ:GladiatorStyle+1","champ:SwordSigil","champ:GladiatorStyle+1","champ:GladiatorStyle+1","champ:VampiricStrike+1","champ:SwordSigil+1","Purity+1","expansioncontent:YouAreMine"],"relics":["champ:ChampionCrown","Gambling Chip","Old Coin","White Beast Statue","Toy Ornithopter","downfall:HeartBlessingRed","Sling","SlaversCollar","Anchor","Frozen Egg 2","Question Card","Bag of Preparation","Busted Crown","Pantograph","Guardian:BottledAnomaly","Nunchaku","Regal Pillow","Thread and Needle","Bag of Marbles"],"acts_visited":["Exordium","TheCity","TheBeyond"],"potions_floor_usage":[29,29,37,38,40,50],"damage_taken":[{"damage":12.0,"enemies":"Cultist","floor":2.0,"turns":5.0},{"damage":28.0,"enemies":"Gremlin Nob","floor":4.0,"turns":5.0},{"damage":11.0,"enemies":"2 Louse","floor":6.0,"turns":2.0},{"damage":10.0,"enemies":"3 Sentries","floor":9.0,"turns":10.0},{"damage":10.0,"enemies":"Small Slimes","floor":11.0,"turns":2.0},{"damage":14.0,"enemies":"3 Louse","floor":12.0,"turns":4.0},{"damage":14.0,"enemies":"downfall:FleeingMerchant","floor":13.0,"turns":4.0},{"damage":10.0,"enemies":"Lots of Slimes","floor":14.0,"turns":5.0},{"damage":11.0,"enemies":"Exordium Thugs","floor":15.0,"turns":8.0},{"damage":29.0,"enemies":"downfall:Defect","floor":16.0,"turns":10.0},{"damage":36.0,"enemies":"Gremlin Leader","floor":19.0,"turns":7.0},{"damage":12.0,"enemies":"Chosen","floor":20.0,"turns":4.0},{"damage":26.0,"enemies":"Slavers","floor":26.0,"turns":7.0},{"damage":10,"enemies":"3 Byrds","floor":28,"turns":7},{"damage":15,"enemies":"downfall:FleeingMerchant","floor":29,"turns":4},{"damage":37,"enemies":"Centurion and Healer","floor":31,"turns":6},{"damage":25,"enemies":"Snake Plant","floor":32,"turns":5},{"damage":25,"enemies":"downfall:Watcher","floor":33,"turns":13},{"damage":7,"enemies":"Orb Walker","floor":37,"turns":2},{"damage":15,"enemies":"Nemesis","floor":38,"turns":5},{"damage":20,"enemies":"downfall:FleeingMerchant","floor":39,"turns":2},{"damage":15,"enemies":"3 Darklings","floor":40,"turns":5},{"damage":35,"enemies":"Reptomancer","floor":42,"turns":3},{"damage":5,"enemies":"Giant Head","floor":44,"turns":5},{"damage":19,"enemies":"Jaw Worm Horde","floor":48,"turns":3},{"damage":20,"enemies":"Spire Growth","floor":49,"turns":3},{"damage":20,"enemies":"downfall:Silent","floor":50,"turns":4}],"seed_played":"-4355107001456940365","potions_obtained":[{"floor":6.0,"key":"sneckomod:MuddlingPotion"},{"floor":9.0,"key":"SteroidPotion"},{"floor":11.0,"key":"GamblersBrew"},{"floor":12.0,"key":"Fire Potion"},{"floor":14.0,"key":"Swift Potion"},{"floor":16.0,"key":"Energy Potion"},{"floor":19.0,"key":"FearPotion"},{"floor":28,"key":"Energy Potion"},{"floor":29,"key":"PowerPotion"},{"floor":31,"key":"LiquidMemories"},{"floor":33,"key":"Fruit Juice"},{"floor":37,"key":"FairyPotion"},{"floor":38,"key":"Fruit Juice"},{"floor":39,"key":"Weak Potion"},{"floor":40,"key":"Fruit Juice"},{"floor":42,"key":"SneckoOil"},{"floor":44,"key":"Swift Potion"}],"is_trial":false,"path_per_floor":["R","M","R","E","?","M","T","R","E","R","M","M","$","M","M","B",null,"R","E","M","?","?","R","T","R","E","R","M","$","?","M","M","B",null,"R","?","M","E","?","M","T","E","R","E","$","?","T","M","M","B",null],"character_chosen":"THE_CHAMP","items_purchased":["champ:GladiatorStyle","Sling","Bag of Preparation","Guardian:BottledAnomaly","Purity"],"campfire_rested":0,"item_purchase_floors":[13,13,29,39,39],"current_hp_per_floor":[90,86,86,68,63,62,62,62,57,57,57,48,45,45,39,40,90,90,84,82,82,82,82,82,82,81,81,81,86,86,69,49,49,90,90,90,95,100,100,105,105,85,85,105,105,95,95,105,105,105],"gold":175,"neow_bonus":"ONE_RARE_RELIC","is_daily":false,"chose_seed":false,"campfire_upgraded":9,"win_rate":0.0,"timestamp":1608173670,"path_taken":["R","?","R","E","?","M","T","R","E","R","M","M","?","M","M","BOSS","R","E","M","?","?","R","T","R","E","R","M","$","?","?","M","BOSS","R","?","M","E","?","?","T","E","R","E","$","?","?","M","M","BOSS"],"items_purchased_type":["Card","Relic","Relic","Relic","Card"],"build_version":"2020-12-13","purchased_purges":4,"victory":true,"max_hp_per_floor":[90,90,90,90,90,90,90,90,90,90,90,90,90,90,90,90,90,90,90,90,90,90,90,90,90,90,90,90,90,90,90,90,90,90,90,90,95,100,100,105,105,105,105,105,105,105,105,105,105,105],"relic_stats":{"Nunchaku":[3],"Regal Pillow":0,"Busted Crown":28,"counters":[27,140],"Gambling Chip":[81],"Pantograph":0,"Bag of Preparation":[24],"Question Card":19,"obtain_stats":[{"Regal Pillow":42,"downfall:HeartBlessingRed":10,"champ:ChampionCrown":0,"Thread and Needle":44,"Bag of Preparation":29,"Frozen Egg 2":24,"Sling":13,"Question Card":26,"White Beast Statue":7,"Old Coin":4,"SlaversCollar":17,"Anchor":19,"Nunchaku":41,"Busted Crown":34,"Gambling Chip":0,"Pantograph":38,"Bag of Marbles":47,"Guardian:BottledAnomaly":39,"Toy Ornithopter":9},{"Regal Pillow":23,"downfall:HeartBlessingRed":4,"champ:ChampionCrown":0,"Thread and Needle":24,"Bag of Preparation":15,"Frozen Egg 2":12,"Sling":7,"Question Card":13,"White Beast Statue":3,"Old Coin":2,"SlaversCollar":10,"Anchor":11,"Nunchaku":22,"Busted Crown":18,"Gambling Chip":0,"Pantograph":20,"Bag of Marbles":24,"Guardian:BottledAnomaly":21,"Toy Ornithopter":4},{"Regal Pillow":125,"downfall:HeartBlessingRed":22,"champ:ChampionCrown":0,"Thread and Needle":130,"Bag of Preparation":84,"Frozen Egg 2":66,"Sling":32,"Question Card":73,"White Beast Statue":12,"Old Coin":10,"SlaversCollar":55,"Anchor":62,"Nunchaku":122,"Busted Crown":108,"Gambling Chip":0,"Pantograph":115,"Bag of Marbles":130,"Guardian:BottledAnomaly":117,"Toy Ornithopter":22}],"Toy Ornithopter":30},"card_choices":[{"not_picked":["champ:PerfectedStrike","champ:GladiatorsShout"],"picked":"champ:ViciousMockery","floor":2.0},{"not_picked":["champ:CrookedStrike","champ:EnragedBash"],"picked":"champ:ArenaPreparation","floor":4.0},{"not_picked":["champ:GutPunch","champ:SwordSigil"],"picked":"champ:GladiatorsShout","floor":6.0},{"not_picked":["champ:BerserkersShout","champ:FlashCut"],"picked":"champ:PreciseThrust","floor":9.0},{"not_picked":["champ:RageSigil","champ:ViciousMockery"],"picked":"champ:CalledShot","floor":11.0},{"not_picked":["champ:CrookedStrike","champ:FlashCut","champ:PreciseThrust"],"picked":"SKIP","floor":12.0},{"not_picked":["champ:Encircle","champ:DeathBlow","champ:HeavySlash"],"picked":"SKIP","floor":13.0},{"not_picked":["champ:EnragedBash","champ:FocusedBerserking","champ:Shatter"],"picked":"SKIP","floor":14.0},{"not_picked":["champ:HeartStrike","champ:Circumvent"],"picked":"champ:SwordSigil","floor":15.0},{"not_picked":["champ:CrookedStrike+1","champ:DeathBlow+1","champ:SwordSigil"],"picked":"SKIP","floor":19.0},{"not_picked":["champ:FanOfKnives","champ:ShieldWall+1","champ:StanceDance+1"],"picked":"SKIP","floor":20.0},{"not_picked":["champ:Shatter","champ:EnGarde","champ:DefensiveShout"],"picked":"SKIP","floor":26.0},{"not_picked":["champ:DeathBlow","champ:CalledShot+1","champ:Duel","champ:FlashCut"],"picked":"SKIP","floor":28},{"not_picked":["champ:AdrenalArmor","champ:ShieldSlam","champ:SkillfulDodge","champ:IronFortress+1"],"picked":"SKIP","floor":29},{"not_picked":["champ:StanceDance","champ:CrookedStrike+1","champ:PerfectedStrike+1","champ:DefensiveShout"],"picked":"SKIP","floor":31},{"not_picked":["champ:GutPunch","champ:FlashCut","champ:BringItOn"],"picked":"champ:GladiatorStyle+1","floor":32},{"not_picked":["champ:ShieldSlam","champ:Improvising+1","champ:CheapShot"],"picked":"champ:VampiricStrike","floor":33},{"not_picked":["champ:ViciousMockery","champ:AdrenalArmor"],"picked":"SKIP","floor":37},{"not_picked":["champ:FanOfKnives","champ:FlashCut+1"],"picked":"SKIP","floor":38},{"not_picked":["champ:FocusedGladiator"],"picked":"champ:SwordSigil+1","floor":39},{"not_picked":["champ:RageSigil+1","champ:BladeFlurry"],"picked":"SKIP","floor":40},{"not_picked":["champ:RageSigil","champ:AdrenalArmor"],"picked":"SKIP","floor":42},{"not_picked":["champ:Circumvent+1","champ:SteelEdge"],"picked":"SKIP","floor":44},{"not_picked":["expansioncontent:Torchfire"],"picked":"expansioncontent:YouAreMine","floor":46},{"not_picked":["champ:ArenaPreparation","champ:CrookedStrike+1"],"picked":"SKIP","floor":48},{"not_picked":["champ:EnGarde","champ:StanceDance"],"picked":"SKIP","floor":49}],"player_experience":440270,"relics_obtained":[{"floor":4.0,"key":"Old Coin"},{"floor":7.0,"key":"White Beast Statue"},{"floor":9.0,"key":"Toy Ornithopter"},{"floor":19.0,"key":"Anchor"},{"floor":24.0,"key":"Frozen Egg 2"},{"floor":26.0,"key":"Question Card"},{"floor":38,"key":"Pantograph"},{"floor":41,"key":"Nunchaku"},{"floor":42,"key":"Regal Pillow"},{"floor":44,"key":"Thread and Needle"},{"floor":47,"key":"Bag of Marbles"}],"event_choices":[{"damage_healed":0,"gold_gain":0,"player_choice":"Copied","damage_taken":0,"max_hp_gain":0,"max_hp_loss":0,"event_name":"Duplicator","floor":30,"gold_loss":0,"cards_obtained":["champ:GladiatorStyle"]}],"is_beta":false,"boss_relics":[{"not_picked":["Cursed Key","Astrolabe"],"picked":"SlaversCollar"},{"not_picked":["Runic Dome","Empty Cage"],"picked":"Busted Crown"}],"items_purged_floors":[13,29,39,45],"is_endless":false,"potions_floor_spawned":[6,9,11,12,13,14,15,16,19,20,26,28,29,31,32,33,37,38,39,40,42,44,48,49],"ascension_level":2}}