{"host":"1c52r9kaxdyo25eq","time":1608228853,"event":{"mods":["AchievementEnabler","BaseMod","Minty Spire (QoL Compilation)","Rare Cards Sparkle","SuperFastMode","everything is the same but u backflip on backflip"],"gold_per_floor":[115,115,115,129,129,129,156,156,156,174,187,187,187,187],"floor_reached":13,"playtime":236,"items_purged":[],"score":166,"play_id":"d5a705e4-fd3f-4310-89eb-deff6a635ea4","local_time":"20201218031413","is_ascension_mode":true,"campfire_choices":[{"data":"Calculated Gamble","floor":6,"key":"SMITH"},{"data":"Terror","floor":8,"key":"SMITH"}],"circlet_count":0,"master_deck":["AscendersBane","Strike_G","Strike_G","Strike_G","Strike_G","Defend_G","Defend_G","Defend_G","Defend_G","Defend_G","Survivor","Neutralize","Phantasmal Killer","Eviscerate","Poisoned Stab","Calculated Gamble+1","Terror+1","Prepared"],"relics":["Ring of the Snake","Omamori","Kunai","Pear"],"acts_visited":["Exordium"],"potions_floor_usage":[7,13],"damage_taken":[{"damage":1.0,"enemies":"2 Louse","floor":1.0,"turns":4.0},{"damage":1.0,"enemies":"Jaw Worm","floor":4.0,"turns":5.0},{"damage":20,"enemies":"Lagavulin","floor":7,"turns":6},{"damage":0,"enemies":"Cultist","floor":10,"turns":2},{"damage":3,"enemies":"Blue Slaver","floor":11,"turns":4},{"damage":41,"enemies":"Gremlin Nob","floor":13,"turns":4}],"seed_played":"5412527827705526990","potions_obtained":[{"floor":1.0,"key":"GhostInAJar"},{"floor":4.0,"key":"Regen Potion"},{"floor":11,"key":"CultistPotion"}],"is_trial":false,"path_per_floor":["M","?","T","M","?","R","E","R","T","M","M","?","E"],"character_chosen":"THE_SILENT","items_purchased":[],"campfire_rested":0,"item_purchase_floors":[],"current_hp_per_floor":[58,32,32,31,31,31,11,11,21,21,18,41,12,12],"gold":187,"neow_bonus":"THREE_RARE_CARDS","is_daily":false,"chose_seed":false,"campfire_upgraded":2,"win_rate":0.0,"timestamp":1608228853,"path_taken":["M","?","?","M","?","R","E","R","T","?","M","?","E"],"items_purchased_type":[],"build_version":"2020-12-13","purchased_purges":0,"victory":false,"max_hp_per_floor":[60,60,60,60,60,60,60,60,70,70,70,70,70,70],"card_choices":[{"not_picked":["Unload","Tools of the Trade"],"picked":"Phantasmal Killer","floor":0.0},{"not_picked":["Dodge and Roll","Quick Slash"],"picked":"Eviscerate","floor":1.0},{"not_picked":["Dagger Spray","PiercingWail"],"picked":"Poisoned Stab","floor":4.0},{"not_picked":["Bane","Setup"],"picked":"Terror","floor":7},{"not_picked":["Blade Dance","Cloak And Dagger"],"picked":"Prepared","floor":10},{"not_picked":["Flechettes","Cloak And Dagger","PiercingWail"],"picked":"SKIP","floor":11}],"player_experience":494594,"relics_obtained":[{"floor":7,"key":"Kunai"},{"floor":9,"key":"Pear"}],"event_choices":[{"damage_healed":0.0,"max_hp_gain":0.0,"max_hp_loss":0.0,"gold_gain":0.0,"event_name":"Scrap Ooze","player_choice":"Success","floor":2.0,"gold_loss":0.0,"damage_taken":26.0,"relics_obtained":["Omamori"]},{"damage_healed":0,"gold_gain":0,"cards_transformed":["Strike_G"],"player_choice":"Transformed","damage_taken":0,"max_hp_gain":0,"max_hp_loss":0,"event_name":"Transmorgrifier","floor":5,"gold_loss":0,"cards_obtained":["Calculated Gamble"]},{"damage_healed":23,"gold_gain":0,"player_choice":"Banana","damage_taken":0,"max_hp_gain":0,"max_hp_loss":0,"event_name":"Big Fish","floor":12,"gold_loss":0}],"is_beta":false,"boss_relics":[],"items_purged_floors":[],"is_endless":false,"potions_floor_spawned":[1,4,11],"killed_by":"Gremlin Nob","ascension_level":20}}