{"host":"87lxh7t77p9km8u4","time":1608232825,"event":{"mods":["BaseMod","Bestiary","Block Reminder","Downfall","Lobotomy","Minty Spire (QoL Compilation)","Permanent Neow","StSLib"],"gold_per_floor":[0,10,35,35,61,61,85,119,119,154,168,2,14,14,31,31,31],"floor_reached":16,"playtime":833,"items_purged":[],"score":134,"play_id":"f6b52dfa-9f7d-4120-82df-e944570a1165","local_time":"20201217202025","is_ascension_mode":true,"campfire_choices":[{"data":"Guardian:TwinSlam","floor":1.0,"key":"SMITH"},{"data":"Guardian:ArmoredProtocol","floor":6.0,"key":"SMITH"},{"floor":9.0,"key":"REST"}],"circlet_count":0,"master_deck":["Guardian:Strike_Guardian","Guardian:Strike_Guardian","Guardian:Strike_Guardian","Guardian:Defend_Guardian","Guardian:Defend_Guardian","Guardian:Defend_Guardian","Guardian:Defend_Guardian","Guardian:CurlUp","Guardian:TwinSlam+1","Guardian:ArmoredProtocol+1","Guardian:Clone","Guardian:Gem_Cyan","Guardian:GuardianWhirl","Guardian:SpikerProtocol","Guardian:Recover"],"relics":["Guardian:ModeShifter","Calipers","Guardian:DefensiveModeMoreBlock","Darkstone Periapt","MealTicket","Singing Bowl","Guardian:StasisCodex","ClockworkSouvenir"],"acts_visited":["Exordium"],"potions_floor_usage":[10,16,16],"damage_taken":[{"damage":0.0,"enemies":"2 Louse","floor":2.0,"turns":2.0},{"damage":23.0,"enemies":"Gremlin Nob","floor":3.0,"turns":5.0},{"damage":16.0,"enemies":"3 Sentries","floor":5.0,"turns":11.0},{"damage":38.0,"enemies":"Lagavulin","floor":8.0,"turns":11.0},{"damage":18,"enemies":"Gremlin Nob","floor":10,"turns":5},{"damage":0,"enemies":"Small Slimes","floor":11,"turns":3},{"damage":0,"enemies":"downfall:FleeingMerchant","floor":12,"turns":4},{"damage":0,"enemies":"Cultist","floor":13,"turns":5},{"damage":0,"enemies":"Blue Slaver","floor":15,"turns":3},{"damage":4,"enemies":"downfall:Silent","floor":16,"turns":4}],"seed_played":"-133470637584637300","potions_obtained":[{"floor":8.0,"key":"Strength Potion"},{"floor":13,"key":"LiquidBronze"},{"floor":15,"key":"champ:CounterPotion"}],"is_trial":false,"path_per_floor":["R","M","E","?","E","R","T","E","R","E","M","$","M","?","M","B"],"character_chosen":"GUARDIAN","items_purchased":["ClockworkSouvenir"],"campfire_rested":1,"item_purchase_floors":[12],"current_hp_per_floor":[80,80,57,57,41,41,41,3,27,9,9,26,26,1,3,0,0],"gold":31,"neow_bonus":"ONE_RARE_RELIC","is_daily":false,"chose_seed":false,"campfire_upgraded":2,"win_rate":0.0,"timestamp":1608232825,"path_taken":["R","M","E","?","E","R","T","E","R","E","M","$","M","?","M","BOSS"],"items_purchased_type":["Relic"],"build_version":"2020-12-13","purchased_purges":0,"victory":false,"max_hp_per_floor":[80,80,80,80,80,80,80,80,80,80,80,82,82,82,84,84,84],"card_choices":[{"not_picked":["Guardian:Gem_Lightblue","Guardian:ShieldCharger"],"picked":"Guardian:ArmoredProtocol","floor":2.0},{"not_picked":["Guardian:TemporalShield","Guardian:Gem_Red","Guardian:Gem_Crimson"],"picked":"SKIP","floor":3.0},{"not_picked":["Guardian:PrimingBeam","Guardian:Gem_White"],"picked":"Guardian:Clone","floor":5.0},{"not_picked":["Guardian:Gem_Red","Guardian:TemporalStrike"],"picked":"Guardian:Gem_Cyan","floor":8.0},{"not_picked":["Guardian:Gem_Cyan","Guardian:WalkerClaw"],"picked":"Guardian:GuardianWhirl","floor":10},{"not_picked":["Guardian:PrimingBeam","Guardian:Reroute"],"picked":"Guardian:SpikerProtocol","floor":11},{"not_picked":["Guardian:Gem_White","Guardian:ChargeUp","Guardian:Gem_Cyan"],"picked":"Singing Bowl","floor":12},{"not_picked":["Guardian:PolyBeam","Guardian:RevengeProtocol"],"picked":"Guardian:Recover","floor":13},{"not_picked":["Guardian:Reroute","Guardian:WalkerClaw","Guardian:Recover"],"picked":"Singing Bowl","floor":15}],"player_experience":323086,"relics_obtained":[{"floor":3.0,"key":"Guardian:DefensiveModeMoreBlock"},{"floor":5.0,"key":"Darkstone Periapt"},{"floor":7.0,"key":"MealTicket"},{"floor":8.0,"key":"Singing Bowl"},{"floor":10,"key":"Guardian:StasisCodex"}],"event_choices":[{"cards_removed":["Guardian:Strike_Guardian"],"damage_healed":0.0,"max_hp_gain":0.0,"max_hp_loss":0.0,"gold_gain":0.0,"event_name":"The Cleric","player_choice":"Card Removal","floor":4.0,"gold_loss":0.0,"damage_taken":0.0},{"damage_healed":0,"gold_gain":0,"player_choice":"Fled","damage_taken":25,"max_hp_gain":0,"max_hp_loss":0,"event_name":"Scrap Ooze","floor":14,"gold_loss":0}],"is_beta":false,"boss_relics":[],"items_purged_floors":[],"is_endless":false,"potions_floor_spawned":[8,13,15],"killed_by":"downfall:Silent","ascension_level":1}}