{"host":"wonp23fsqqcu31ie","time":1608163394,"event":{"mods":["2.2 Compatiblity","AchievementEnabler","Aspiration","BaseMod","Bestiary","Better Altar","Better Match","Better Sensory Stone","Better Skull","Better Third Choice","BetterRewards","Block Reminder","Colored Map","Colored Powertips","Conspire","DeckTracker","Displayed Cursed Tome","Downfall","Hermit","Highlight Path","Hubris","Minty Spire (QoL Compilation)","Permanent Neow","Quick Restart","Rare Cards Sparkle","Relic Stats","Replay The Spire","Shade Mod","Shop Mod","StSLib","SuperFastMode","The Animator","The Cursed","The Gatherer","The Necromancer","The Runesmith","The Servant 0.9.4"],"gold_per_floor":[112,125,136,136,155,155,184,25,98,98,132,132,132,151,151,247,247,258,12,32,32,32,63,63,76,76,76,76,109,32,59,59,157,157,174,64,64,81,101,101,127,127,182,220,252,264,288,331,343,355],"floor_reached":51,"playtime":1465,"items_purged":[],"score":869,"play_id":"b5bb510f-962a-4392-bfc4-bb2fe8cff2fa","local_time":"20201217110314","is_ascension_mode":true,"campfire_choices":[{"floor":6,"key":"RECALL"},{"floor":10,"key":"REST"},{"data":"Death_March_Dance","floor":12,"key":"SMITH"},{"data":"ReplayTheSpireMod:Private Reserves","floor":15,"key":"SMITH"},{"floor":24,"key":"REST"},{"data":"Mind Blast","floor":27,"key":"SMITH"},{"data":"Negative_Energy_Sphere","floor":32,"key":"SMITH"},{"data":"Stop_Heart","floor":40,"key":"SMITH"},{"data":"Madness","floor":42,"key":"SMITH"},{"floor":46,"key":"DIG"},{"floor":49,"key":"DIG"}],"circlet_count":0,"master_deck":["Strike_W","Strike_W","Strike_W","Defend_W","Defend_W","Defend_W+1","Defend_W","Negative_Energy_Arrows","Bone_Wall","ReplayTheSpireMod:Private Reserves+1","Negative_Energy_Sphere+1","Bone_Armor","Bone_Spikes","Plague_Bolt+1","Death_March_Dance+1","Hellfire+1","Hellfire+1","Grasp_Heart+1","Necrotic_Claws","Siphon_Strength+1","Mind Blast+1","expansioncontent:Corrupt+1","Negative_Energy_Burst","Negative_Energy_Javelin+1","Siphon_Strength","Crippling Poison+1","Spectral_Armor","Summon_Death_Knight+1","Toxic_Smoke_Screen","Madness","Madness+1","Bones_to_Steel+1","Stop_Heart+1","Summon_Vampire_Lady+1","Normality","Exploit","Consume_Illness","Death_Knell","Summon_Undead"],"relics":["Vampire_Amulet","Golden Egg","Eternal Feather","Replay:Bottled Flurry","Ring of Chaos","m_SlimeRing","hubris:PeanutButter","aspiration:SeaSaltIceCream","aspiration:AnachronicSnailShell","Red Mask","Cursed Key","MerchantsRug","Mirror","MawBank","Shovel","Pear","Dream Catcher","Replay:Arrowhead"],"acts_visited":["Exordium","TheCity","TheBeyond"],"potions_floor_usage":[3,7,16,16,16,19,25,33,41,41,41,48,48,48],"damage_taken":[{"damage":1,"enemies":"Cultist","floor":1,"turns":4},{"damage":0,"enemies":"Small Slimes","floor":2,"turns":3},{"damage":2,"enemies":"Jaw Worm","floor":3,"turns":5},{"damage":6,"enemies":"Red Slaver","floor":5,"turns":5},{"damage":35,"enemies":"Gremlin Nob","floor":7,"turns":5},{"damage":11,"enemies":"Lagavulin","floor":11,"turns":5},{"damage":11,"enemies":"3 Louse","floor":14,"turns":2},{"damage":43,"enemies":"The Guardian","floor":16,"turns":13},{"damage":22,"enemies":"Shell Parasite","floor":18,"turns":3},{"damage":15,"enemies":"2 Thieves","floor":20,"turns":3},{"damage":42,"enemies":"Book of Stabbing","floor":23,"turns":5},{"damage":1,"enemies":"Centurion and Healer","floor":25,"turns":4},{"damage":0,"enemies":"Masked Bandits","floor":29,"turns":2},{"damage":16,"enemies":"Gremlin Leader","floor":31,"turns":5},{"damage":12,"enemies":"hubris:MusketHawk","floor":33,"turns":7},{"damage":3,"enemies":"3 Shapes","floor":35,"turns":2},{"damage":0,"enemies":"Orb Walker","floor":38,"turns":3},{"damage":29,"enemies":"Sphere and 2 Shapes","floor":39,"turns":5},{"damage":38,"enemies":"Reptomancer","floor":41,"turns":5},{"damage":14,"enemies":"Giant Head","floor":44,"turns":9},{"damage":19,"enemies":"Maw","floor":45,"turns":5},{"damage":0,"enemies":"Spire Growth","floor":47,"turns":4},{"damage":47,"enemies":"Reptomancer","floor":48,"turns":5},{"damage":74,"enemies":"Time Eater","floor":50,"turns":12}],"seed_played":"-8972432370547140773","potions_obtained":[{"floor":2,"key":"GamblersBrew"},{"floor":3,"key":"EntropicBrew"},{"floor":7,"key":"EssenceOfSteel"},{"floor":23,"key":"Explosive Potion"},{"floor":25,"key":"Energy Potion"},{"floor":35,"key":"AttackPotion"},{"floor":41,"key":"SpeedPotion"},{"floor":44,"key":"PowerPotion"},{"floor":47,"key":"Languid Potion"}],"is_trial":false,"path_per_floor":["M","M","M","?","M","R","E","$","T","R","E","R","?","M","R","B",null,"M","$","M","?","$","E","R","M","T","R","?","?","$","E","R","B",null,"M","$","?","M","M","R","E","R","T","E","M","R","M","E","R","B",null],"character_chosen":"NECROMANCER","items_purchased":["Hellfire","aspiration:Nostalgia","EntropicBrew","Crippling Poison","MerchantsRug"],"campfire_rested":2,"item_purchase_floors":[8,19,19,30,36],"current_hp_per_floor":[75,75,75,75,71,71,38,38,38,69,60,69,69,64,73,32,75,55,55,44,44,44,4,38,41,41,53,61,67,67,59,74,69,75,75,75,66,68,45,63,33,51,51,48,31,62,67,53,74,35],"gold":367,"neow_bonus":"RANDOM_COLORLESS","is_daily":false,"chose_seed":false,"campfire_upgraded":6,"win_rate":0.0,"timestamp":1608163394,"path_taken":["M","?","M","?","?","R","E","$","T","R","E","R","?","M","R","BOSS","M","$","M","?","$","E","R","M","T","R","?","?","$","E","R","BOSS","M","$","?","M","M","R","E","R","T","E","M","R","M","E","R","BOSS"],"items_purchased_type":["Card","Relic","Potion","Card","Relic"],"build_version":"2020-12-13","purchased_purges":0,"victory":true,"max_hp_per_floor":[75,75,75,75,75,75,75,75,75,75,75,75,75,75,75,75,75,75,75,75,75,75,75,75,75,75,75,75,75,75,75,75,75,75,75,75,75,75,75,75,75,75,75,75,75,85,85,85,85,85],"relic_stats":{"Dream Catcher":0,"Shovel":2,"counters":[24,121],"Eternal Feather":144,"Cursed Key":1,"MawBank":96,"obtain_stats":[{"Golden Egg":7,"MerchantsRug":36,"Pear":46,"aspiration:Nostalgia":19,"Eternal Feather":9,"Ring of Chaos":17,"aspiration:SeaSaltIceCream":26,"War Paint":31,"Cursed Key":34,"MawBank":43,"Replay:Arrowhead":49,"m_SlimeRing":19,"Dream Catcher":48,"Shovel":44,"aspiration:AnachronicSnailShell":26,"hubris:PeanutButter":23,"Vampire_Amulet":0,"Replay:Bottled Flurry":11,"Red Mask":29,"Mirror":41},{"Golden Egg":5,"MerchantsRug":16,"Pear":21,"aspiration:Nostalgia":9,"Eternal Feather":5,"Ring of Chaos":8,"aspiration:SeaSaltIceCream":12,"War Paint":14,"Cursed Key":15,"MawBank":19,"Replay:Arrowhead":23,"m_SlimeRing":9,"Dream Catcher":23,"Shovel":20,"aspiration:AnachronicSnailShell":12,"hubris:PeanutButter":11,"Vampire_Amulet":0,"Replay:Bottled Flurry":6,"Red Mask":13,"Mirror":19},{"Golden Egg":22,"MerchantsRug":73,"Pear":100,"aspiration:Nostalgia":45,"Eternal Feather":22,"Ring of Chaos":42,"aspiration:SeaSaltIceCream":57,"War Paint":64,"Cursed Key":71,"MawBank":86,"Replay:Arrowhead":109,"m_SlimeRing":45,"Dream Catcher":109,"Shovel":95,"aspiration:AnachronicSnailShell":57,"hubris:PeanutButter":53,"Vampire_Amulet":0,"Replay:Bottled Flurry":27,"Red Mask":59,"Mirror":86}]},"card_choices":[{"not_picked":["Flash of Steel","ReplayTheSpireMod:Uncanny Aura"],"picked":"ReplayTheSpireMod:Private Reserves","floor":0},{"not_picked":["Blood_Whip","Negative_Energy_Mist"],"picked":"Negative_Energy_Sphere","floor":1},{"not_picked":["Blood_for_Blood","Negative_Energy_Shield"],"picked":"Bone_Armor","floor":2},{"not_picked":["Summon_Undead_Army","Bone_Shift"],"picked":"Bone_Spikes","floor":3},{"not_picked":["Bones_to_Steel","Bone_Spikes"],"picked":"Plague_Bolt","floor":5},{"not_picked":["Acid_Javelin","Negative_Energy_Shield"],"picked":"Death_March_Dance","floor":7},{"not_picked":["Negative_Energy_Mist","Death_Coil","Blood_for_Blood"],"picked":"SKIP","floor":11},{"not_picked":["Slay_Living","Uncharnel"],"picked":"Hellfire","floor":14},{"not_picked":["Negative_Energy_Bomb","Reap_The_Weak"],"picked":"Grasp_Heart","floor":16},{"not_picked":["Bone_Bullets","Negative_Energy_Shield"],"picked":"Necrotic_Claws","floor":18},{"not_picked":["Deadly Poison","Scare"],"picked":"Siphon_Strength","floor":20},{"not_picked":["Swift Strike","expansioncontent:DefensiveMode"],"picked":"Mind Blast","floor":21},{"not_picked":["Forethought","hubris:Insight"],"picked":"expansioncontent:Corrupt","floor":21},{"not_picked":["Violent_Necrosis","Strike_from_Beyond"],"picked":"Negative_Energy_Burst","floor":23},{"not_picked":["Thousand_Bone_Knives","Whirlwind_of_Bones+1"],"picked":"Negative_Energy_Javelin+1","floor":25},{"not_picked":["Violent_Necrosis","Chill_Blood"],"picked":"Siphon_Strength","floor":29},{"not_picked":["Bone_Spikes+1","Bane"],"picked":"Spectral_Armor","floor":31},{"not_picked":["Requiem","Detonate_Bones"],"picked":"Summon_Death_Knight","floor":33},{"not_picked":["Scare+1","Chill_Blood"],"picked":"Toxic_Smoke_Screen","floor":35},{"not_picked":["Shackles_Of_Pain","Death_Coil"],"picked":"Bones_to_Steel+1","floor":38},{"not_picked":["Finger_Of_Death+1","Bone_Shift"],"picked":"Stop_Heart","floor":39},{"not_picked":["Negative_Energy_Shield+1","Bone_Prison"],"picked":"Summon_Vampire_Lady","floor":41},{"not_picked":["Negative_Energy_Mist+1","Vampiric_Strike+1"],"picked":"Exploit","floor":44},{"not_picked":["Scare","Vampiric_Strike"],"picked":"Consume_Illness","floor":45},{"not_picked":["Negative_Energy_Shield","Exploit+1"],"picked":"Death_Knell","floor":47},{"not_picked":["Violent_Necrosis","Blood_Curse"],"picked":"Summon_Undead","floor":48}],"player_experience":622025,"relics_obtained":[{"floor":7,"key":"Golden Egg"},{"floor":9,"key":"Eternal Feather"},{"floor":11,"key":"Replay:Bottled Flurry"},{"floor":23,"key":"hubris:PeanutButter"},{"floor":26,"key":"aspiration:SeaSaltIceCream"},{"floor":29,"key":"Red Mask"},{"floor":31,"key":"War Paint"},{"floor":41,"key":"Mirror"},{"floor":43,"key":"MawBank"},{"floor":44,"key":"Shovel"},{"floor":46,"key":"Pear"},{"floor":48,"key":"Dream Catcher"},{"floor":49,"key":"Replay:Arrowhead"}],"event_choices":[{"cards_removed":["Strike_W"],"damage_healed":0,"gold_gain":0,"player_choice":"Offered Basic","damage_taken":0,"max_hp_gain":0,"max_hp_loss":0,"event_name":"Bonfire Elementals","floor":4,"gold_loss":0},{"damage_healed":0,"gold_gain":0,"player_choice":"Upgraded","damage_taken":0,"max_hp_gain":0,"max_hp_loss":0,"event_name":"Upgrade Shrine","floor":13,"gold_loss":0,"cards_upgraded":["Plague_Bolt"]},{"damage_healed":0,"gold_gain":2,"player_choice":"1","damage_taken":0,"max_hp_gain":0,"max_hp_loss":0,"event_name":"betterStone:BetterStone","floor":21,"gold_loss":0},{"damage_healed":0,"gold_gain":0,"player_choice":"Fought Bandits","damage_taken":0,"max_hp_gain":0,"max_hp_loss":0,"event_name":"Masked Bandits","floor":29,"gold_loss":0},{"damage_healed":0,"gold_gain":0,"player_choice":"Embrace Madness","damage_taken":9,"max_hp_gain":0,"max_hp_loss":0,"event_name":"Winding Halls","floor":37,"gold_loss":0,"cards_obtained":["Madness","Madness"]}],"is_beta":false,"boss_relics":[{"not_picked":["Runesmith:UraniumAnvil","Snecko Eye"],"picked":"Ring of Chaos"},{"not_picked":["Kintsugi","Velvet Choker"],"picked":"Cursed Key"}],"items_purged_floors":[],"is_endless":false,"potions_floor_spawned":[2,3,7,14,23,25,31,35,41,44,47],"ascension_level":1}}