{"host":"4cz9gr89nglr7k8k","time":1608242973,"event":{"mods":["BaseMod","Minty Spire (QoL Compilation)","Relic Stats","Slay-I"],"gold_per_floor":[116,116,129,17,80,80,108,108,177,177,327,359,376,17,17,88,88,98,108,23,42,14,14,25,25,50,67,67,67,77,89,89,168,168,186,146,161,171,191,191,222,222,222,222,232,232,258,258,258],"floor_reached":48,"playtime":2014,"items_purged":[],"score":1050,"play_id":"ba6e55a0-d12c-4420-bc55-6f0b6d4728ec","local_time":"20201217230933","is_ascension_mode":true,"campfire_choices":[{"floor":6,"key":"REST"},{"floor":8,"key":"REST"},{"floor":10,"key":"REST"},{"data":"Streamline","floor":15,"key":"SMITH"},{"data":"Chill","floor":23,"key":"SMITH"},{"data":"Streamline","floor":25,"key":"SMITH"},{"floor":29,"key":"REST"},{"floor":32,"key":"REST"},{"floor":40,"key":"REST"},{"floor":42,"key":"REST"},{"data":"Creative AI","floor":44,"key":"SMITH"}],"circlet_count":0,"master_deck":["AscendersBane","Zap","Dualcast","Hello World+1","Melter","Ball Lightning","Beam Cell","Darkness","Doubt","Lockon","Streamline+1","Streamline+1","Go for the Eyes","Electrodynamics","Reinforced Body","Rip and Tear","Auto Shields","Force Field","Steam","Ball Lightning","Compile Driver","White Noise","Chill+1","Gash","Streamline","Ball Lightning","Ball Lightning","Amplify","Rebound","Decay","Beam Cell","Beam Cell","Rainbow","Steam","Capacitor","Capacitor","Creative AI+1","Sweeping Beam+1","Shame","Hello World","Hyperbeam"],"relics":["Cracked Core","Sundial","HornCleat","Eternal Feather","Cables","Pandora\u0027s Box","Potion Belt","Cursed Key","PreservedInsect","Strawberry","Pen Nib"],"acts_visited":["Exordium","TheCity","TheBeyond"],"potions_floor_usage":[12,19,21,33,33,33,33,38,41,45,47,47,48,48,48,48,48],"damage_taken":[{"damage":10,"enemies":"Small Slimes","floor":1,"turns":2},{"damage":12,"enemies":"Jaw Worm","floor":3,"turns":2},{"damage":27,"enemies":"3 Sentries","floor":7,"turns":5},{"damage":18,"enemies":"Lagavulin","floor":12,"turns":5},{"damage":0,"enemies":"Cultist","floor":13,"turns":3},{"damage":33,"enemies":"Slime Boss","floor":16,"turns":10},{"damage":0,"enemies":"3 Byrds","floor":18,"turns":2},{"damage":8,"enemies":"2 Thieves","floor":19,"turns":4},{"damage":13,"enemies":"Snake Plant","floor":21,"turns":3},{"damage":15,"enemies":"Snecko","floor":24,"turns":4},{"damage":22,"enemies":"Centurion and Healer","floor":27,"turns":8},{"damage":21,"enemies":"Snake Plant","floor":30,"turns":4},{"damage":42,"enemies":"Cultist and Chosen","floor":31,"turns":6},{"damage":55,"enemies":"Automaton","floor":33,"turns":8},{"damage":0,"enemies":"Orb Walker","floor":35,"turns":3},{"damage":11,"enemies":"3 Shapes","floor":37,"turns":4},{"damage":6,"enemies":"Maw","floor":38,"turns":5},{"damage":16,"enemies":"4 Shapes","floor":39,"turns":7},{"damage":34,"enemies":"Nemesis","floor":41,"turns":11},{"damage":24,"enemies":"3 Darklings","floor":45,"turns":5},{"damage":85,"enemies":"Reptomancer","floor":47,"turns":7},{"damage":35,"enemies":"Transient","floor":48,"turns":5}],"seed_played":"-4439510361515539627","potions_obtained":[{"floor":1,"key":"GamblersBrew"},{"floor":16,"key":"Block Potion"},{"floor":19,"key":"FearPotion"},{"floor":21,"key":"SteroidPotion"},{"floor":24,"key":"Strength Potion"},{"floor":30,"key":"DuplicationPotion"},{"floor":31,"key":"Ancient Potion"},{"floor":36,"key":"FocusPotion"},{"floor":36,"key":"SneckoOil"},{"floor":36,"key":"Block Potion"},{"floor":37,"key":"Ancient Potion"},{"floor":39,"key":"Explosive Potion"},{"floor":41,"key":"Weak Potion"},{"floor":47,"key":"EntropicBrew"}],"is_trial":false,"path_per_floor":["M","?","M","$","?","R","E","R","T","R","?","E","M","$","R","B",null,"M","M","$","M","$","R","M","R","T","M","?","R","M","M","R","B",null,"M","?","M","M","M","R","E","R","T","R","M","?","E","M"],"character_chosen":"DEFECT","items_purchased":["Ball Lightning","Beam Cell","Streamline","Cables","Go for the Eyes","Gash","Streamline","Ball Lightning"],"campfire_rested":7,"item_purchase_floors":[4,4,14,14,14,20,20,22],"current_hp_per_floor":[61,38,26,26,26,49,22,45,45,68,68,50,50,50,62,29,66,66,58,58,45,45,60,45,60,60,38,38,78,57,15,56,1,59,59,59,48,42,26,70,36,78,85,85,61,95,10,0,0],"gold":258,"neow_bonus":"TEN_PERCENT_HP_BONUS","is_daily":false,"chose_seed":false,"campfire_upgraded":4,"win_rate":0.0,"timestamp":1608242973,"path_taken":["M","?","M","$","?","R","E","R","T","R","?","E","?","$","R","BOSS","M","?","?","?","$","R","M","R","T","M","?","R","M","M","R","BOSS","M","?","?","M","?","R","E","R","T","R","M","?","E","M"],"items_purchased_type":["Card","Card","Card","Relic","Card","Card","Card","Card"],"build_version":"2020-12-13","purchased_purges":0,"victory":false,"max_hp_per_floor":[78,78,78,78,78,78,78,78,78,78,78,78,78,78,78,78,78,78,78,78,78,78,78,78,78,78,78,78,78,78,78,78,78,78,78,78,78,78,78,78,78,78,85,85,85,95,95,95,95],"relic_stats":{"counters":[22,113],"Sundial":[4],"Eternal Feather":120,"Pandora\u0027s Box":["Reinforced Body","Rip and Tear","Auto Shields","Core Surge","Force Field","Steam","Ball Lightning","Compile Driver"],"PreservedInsect":63,"Pen Nib":[1],"Cursed Key":1,"obtain_stats":[{"Potion Belt":26,"HornCleat":9,"Sundial":7,"Strawberry":43,"Eternal Feather":12,"Pandora\u0027s Box":17,"PreservedInsect":41,"Pen Nib":47,"Cracked Core":0,"Cursed Key":34,"Cables":14},{"Potion Belt":10,"HornCleat":3,"Sundial":3,"Strawberry":19,"Eternal Feather":4,"Pandora\u0027s Box":6,"PreservedInsect":19,"Pen Nib":21,"Cracked Core":0,"Cursed Key":14,"Cables":5},{"Potion Belt":40,"HornCleat":9,"Sundial":9,"Strawberry":96,"Eternal Feather":14,"Pandora\u0027s Box":27,"PreservedInsect":96,"Pen Nib":108,"Cracked Core":0,"Cursed Key":66,"Cables":17}],"Cables":[80,51,25,4,0]},"card_choices":[{"not_picked":["Stack","Melter"],"picked":"Hello World","floor":1},{"not_picked":["Barrage","Steam"],"picked":"Melter","floor":3},{"not_picked":["All For One","Capacitor"],"picked":"Darkness","floor":7},{"not_picked":["Chaos","Thunder Strike"],"picked":"Lockon","floor":12},{"not_picked":["Hologram","Go for the Eyes"],"picked":"Streamline","floor":13},{"not_picked":["Seek","Fission"],"picked":"Electrodynamics","floor":16},{"not_picked":["Compile Driver","Stack"],"picked":"White Noise","floor":18},{"not_picked":["Conserve Battery","Steam"],"picked":"Chill","floor":19},{"not_picked":["Heatsinks","Scrape"],"picked":"Ball Lightning","floor":21},{"not_picked":["Compile Driver","Redo"],"picked":"Amplify","floor":24},{"not_picked":["Turbo","Blizzard"],"picked":"Rebound","floor":27},{"not_picked":["Hologram","Turbo"],"picked":"Beam Cell","floor":30},{"not_picked":["Compile Driver","Recycle"],"picked":"Beam Cell","floor":31},{"not_picked":["Amplify","All For One"],"picked":"Rainbow","floor":33},{"not_picked":["Coolheaded","Streamline"],"picked":"Steam","floor":35},{"not_picked":["Aggregate","Chaos"],"picked":"Capacitor","floor":37},{"not_picked":["Beam Cell","Turbo"],"picked":"Capacitor","floor":38},{"not_picked":["Go for the Eyes+1","Double Energy"],"picked":"Creative AI","floor":39},{"not_picked":["Loop","Redo"],"picked":"Sweeping Beam+1","floor":41},{"not_picked":["Hologram","Steam Power"],"picked":"Hello World","floor":45},{"not_picked":["Melter","Steam+1"],"picked":"Hyperbeam","floor":47}],"player_experience":1447170,"relics_obtained":[{"floor":7,"key":"Sundial"},{"floor":9,"key":"HornCleat"},{"floor":12,"key":"Eternal Feather"},{"floor":26,"key":"Potion Belt"},{"floor":41,"key":"PreservedInsect"},{"floor":43,"key":"Strawberry"},{"floor":47,"key":"Pen Nib"}],"event_choices":[{"damage_healed":0,"gold_gain":0,"player_choice":"Entered Light","damage_taken":23,"max_hp_gain":0,"max_hp_loss":0,"event_name":"Shining Light","floor":2,"gold_loss":0,"cards_upgraded":["Defend_B","Hello World"]},{"damage_healed":0,"gold_gain":63,"player_choice":"Gained Gold","damage_taken":0,"max_hp_gain":0,"max_hp_loss":0,"event_name":"Golden Wing","floor":5,"gold_loss":0},{"damage_healed":0,"gold_gain":150,"player_choice":"AGREE","damage_taken":0,"max_hp_gain":0,"max_hp_loss":0,"event_name":"Liars Game","floor":11,"gold_loss":0,"cards_obtained":["Doubt"]},{"damage_healed":0,"gold_gain":0,"player_choice":"Smashed Altar","damage_taken":0,"max_hp_gain":0,"max_hp_loss":0,"event_name":"Forgotten Altar","floor":28,"gold_loss":0,"cards_obtained":["Decay"]},{"damage_healed":0,"gold_gain":0,"player_choice":"Bought 3 Potions","damage_taken":0,"max_hp_gain":0,"max_hp_loss":0,"event_name":"The Woman in Blue","floor":36,"gold_loss":0},{"cards_removed":["Core Surge"],"damage_healed":24,"gold_gain":0,"player_choice":"Offered Rare","damage_taken":0,"max_hp_gain":10,"max_hp_loss":0,"event_name":"Bonfire Elementals","floor":46,"gold_loss":0}],"is_beta":false,"boss_relics":[{"not_picked":["Philosopher\u0027s Stone","Runic Dome"],"picked":"Pandora\u0027s Box"},{"not_picked":["Fusion Hammer","SlaversCollar"],"picked":"Cursed Key"}],"items_purged_floors":[],"is_endless":false,"potions_floor_spawned":[1,16,19,21,24,30,31,37,39,41,47],"killed_by":"Transient","ascension_level":19}}