{"host":"i41n6wh529970c2c","time":1608177904,"event":{"mods":["Act Like it!","BaseMod","BetterRewards","Friendly Minions","Gold Saver","Hermit","Minty Spire (QoL Compilation)","Replay The Spire","Shop Mod","StSLib"],"gold_per_floor":[457,647,647,659,671,706,706,733,733,733,703,730,174,189,189,189,189],"floor_reached":16,"playtime":15288,"items_purged":["Defend_R"],"score":183,"play_id":"759b2ca9-8fc7-427a-a666-67360000fea4","local_time":"20201216230504","is_ascension_mode":true,"campfire_choices":[{"floor":10.0,"key":"REST"},{"data":"Whirlwind","floor":15,"key":"SMITH"}],"circlet_count":0,"master_deck":["AscendersBane","Strike_R","Strike_R","Strike_R","Strike_R+1","Strike_R","Defend_R","Defend_R","Defend_R","Bash","ReplayTheSpireMod:Stacked+1","Heavy Blade","Perfected Strike","Whirlwind+1","Entrench+1","Perfected Strike","Flex+1","Reaper","Rupture"],"relics":["Burning Blood","NeowsBlessing","Toxic Egg 2","Eternal Feather","Replay:Towering Pillar of Hats","MerchantsRug","Replay:Bottled Flurry"],"acts_visited":["Exordium"],"potions_floor_usage":[14,14,16],"damage_taken":[{"damage":0.0,"enemies":"Cultist","floor":1.0,"turns":1.0},{"damage":0.0,"enemies":"Small Slimes","floor":4.0,"turns":1.0},{"damage":0.0,"enemies":"Jaw Worm","floor":5.0,"turns":1.0},{"damage":28.0,"enemies":"Lagavulin","floor":6.0,"turns":8.0},{"damage":33.0,"enemies":"3 Sentries","floor":8.0,"turns":8.0},{"damage":34.0,"enemies":"Gremlin Nob","floor":12.0,"turns":5.0},{"damage":9,"enemies":"Exordium Thugs","floor":14,"turns":4},{"damage":19,"enemies":"Hexaghost","floor":16,"turns":5}],"seed_played":"-2546553021099381655","potions_obtained":[{"floor":1.0,"key":"EssenceOfSteel"},{"floor":5.0,"key":"Fire Potion"},{"floor":11.0,"key":"Fruit Juice"},{"floor":11.0,"key":"Languid Potion"},{"floor":14,"key":"Adrenaline Potion"}],"is_trial":false,"path_per_floor":["M","?","?","M","M","E","?","E","T","R","?","E","$","M","R","B"],"character_chosen":"IRONCLAD","items_purchased":["BargainBundle","Flex+1","MerchantsRug","Reaper","Replay:Bottled Flurry","Block Potion","Swift Potion"],"campfire_rested":1,"item_purchase_floors":[13,13,13,13,13,13,13],"current_hp_per_floor":[78,58,58,64,70,48,48,21,21,54,54,31,31,28,37,26,26],"gold":189,"neow_bonus":"THREE_ENEMY_KILL","is_daily":false,"chose_seed":false,"campfire_upgraded":1,"win_rate":0.0,"timestamp":1608177904,"path_taken":["M","?","?","?","M","E","?","E","T","R","?","E","$","M","R","BOSS"],"items_purchased_type":["Relic","Card","Relic","Card","Relic","Potion","Potion"],"build_version":"2020-12-13","purchased_purges":1,"victory":false,"max_hp_per_floor":[80,80,80,80,80,80,80,80,80,80,80,85,85,85,85,85,85],"card_choices":[{"not_picked":["Intimidate","Entrench"],"picked":"ReplayTheSpireMod:Stacked","floor":1.0},{"not_picked":["Wild Strike","ReplayReversal"],"picked":"Heavy Blade","floor":2.0},{"not_picked":["Anger","Cleave","Pommel Strike"],"picked":"SKIP","floor":4.0},{"not_picked":["Abandon","Run Through"],"picked":"Perfected Strike","floor":5.0},{"not_picked":["Dropkick","True Grit"],"picked":"Whirlwind","floor":6.0},{"not_picked":["Iron Wave","Corruption"],"picked":"Entrench+1","floor":8.0},{"not_picked":["Dropkick","Whirlwind"],"picked":"Perfected Strike","floor":12.0},{"not_picked":["Body Slam","Pommel Strike"],"picked":"Rupture","floor":14}],"player_experience":799442,"relics_obtained":[{"floor":6.0,"key":"Pet Ghost"},{"floor":8.0,"key":"Toxic Egg 2"},{"floor":9.0,"key":"Eternal Feather"},{"floor":12.0,"key":"Replay:Towering Pillar of Hats"}],"event_choices":[{"damage_healed":0.0,"max_hp_gain":0.0,"max_hp_loss":0.0,"gold_gain":0.0,"event_name":"Upgrade Shrine","player_choice":"Upgraded","floor":3.0,"gold_loss":0.0,"damage_taken":0.0,"cards_upgraded":["ReplayTheSpireMod:Stacked"]},{"damage_healed":0.0,"max_hp_gain":0.0,"max_hp_loss":0.0,"gold_gain":0.0,"event_name":"The Woman in Blue","player_choice":"Bought 2 Potions","floor":11.0,"gold_loss":0.0,"damage_taken":0.0}],"is_beta":false,"boss_relics":[],"items_purged_floors":[13],"is_endless":false,"potions_floor_spawned":[1,5,14],"killed_by":"Hexaghost","ascension_level":11}}