{"host":"qgwlv9366poilr0p","time":1608198470,"event":{"mods":["BaseMod","Colored Powertips","Dota2Spire","Friendly Minions","Halation","Hubris","Infinite Spire","Minty Spire (QoL Compilation)","Relic Stats","Replay The Spire","Shop Mod","StSLib","The Blue Laboratory","vexMod"],"gold_per_floor":[116,34,34,34,53,53,80,80,103,103,118,145,145,70,70,145,145,158,158,171,191,171,196,196,209,209,228,228,241,275,275,275],"floor_reached":31,"playtime":1698,"items_purged":["Strike_B","Strike_B"],"score":539,"play_id":"a505e655-f9f9-4687-b400-f054cc86ff63","local_time":"20201217104750","is_ascension_mode":true,"campfire_choices":[{"data":"Zap","floor":6,"key":"SMITH"},{"data":"Dualcast","floor":8,"key":"SMITH"},{"data":"Compile Driver","floor":10,"key":"SMITH"},{"data":"Coolheaded","floor":13,"key":"SMITH"},{"data":"Steam Power","floor":15,"key":"SMITH"},{"data":"Echo Form","floor":24,"key":"SMITH"}],"circlet_count":0,"master_deck":["AscendersBane","Strike_B","Strike_B","Defend_B","Defend_B","Defend_B","Zap+1","Dualcast+1","Ball Lightning","Genetic Algorithm","Compile Driver+1","Steam Power+1","Coolheaded+1","Echo Form+1","Reinforced Body+1","Static Discharge+1","infinitespire:UltimateForm+1","Thunder Strike+1","Chaos+1","hubris:NaturalOne","Turbo"],"relics":["Cracked Core","NeowsBlessing","Toy Ornithopter","Happy Flower","Solar Panel","vexMod:CursedCompass","hubris:Icosahedron","Dota2Spire:HeartOfTarrasque","Dota2Spire:Butterfly","vexMod:ImprovementManual","Girya","hubris:BottledRain"],"acts_visited":["Exordium","TheCity"],"potions_floor_usage":[16,16,16,23,29,29,30],"damage_taken":[{"damage":0,"enemies":"Cultist","floor":1,"turns":1},{"damage":0,"enemies":"Small Slimes","floor":5,"turns":1},{"damage":0,"enemies":"3 Sentries","floor":7,"turns":1},{"damage":2,"enemies":"Jaw Worm","floor":11,"turns":3},{"damage":27,"enemies":"Gremlin Nob","floor":12,"turns":4},{"damage":29,"enemies":"The Guardian","floor":16,"turns":10},{"damage":0,"enemies":"Spheric Guardian","floor":18,"turns":3},{"damage":10,"enemies":"Shell Parasite","floor":20,"turns":5},{"damage":8,"enemies":"Shelled Parasite and Fungi","floor":21,"turns":4},{"damage":40,"enemies":"Nightmare","floor":23,"turns":8},{"damage":22,"enemies":"Snake Plant","floor":25,"turns":4},{"damage":0,"enemies":"Snecko","floor":27,"turns":4},{"damage":13,"enemies":"Centurion and Healer","floor":29,"turns":13},{"damage":46,"enemies":"Slavers","floor":30,"turns":6},{"damage":8,"enemies":"Snake Plant","floor":31,"turns":2}],"seed_played":"7645147588426408985","potions_obtained":[{"floor":7,"key":"blueLaboratory:SavagePotion"},{"floor":11,"key":"SteroidPotion"},{"floor":12,"key":"EntropicBrew"},{"floor":21,"key":"Reflective Coating"},{"floor":25,"key":"blueLaboratory:AbyssPotion"},{"floor":27,"key":"blueLaboratory:RecallPotion"},{"floor":29,"key":"blueLaboratory:RememoryPotion"},{"floor":30,"key":"FearPotion"}],"is_trial":false,"path_per_floor":["M","$","?","$","M","R","E","R","T","R","M","E","R","$","R","B",null,"M","?","M","M","?","NM","R","M","T","M","AVR","M","E","M"],"character_chosen":"DEFECT","items_purchased":["Genetic Algorithm"],"campfire_rested":0,"item_purchase_floors":[2],"current_hp_per_floor":[64,64,64,64,64,64,64,64,64,64,62,35,35,35,35,23,59,61,61,55,51,51,33,33,17,17,25,25,46,5,0,0],"gold":275,"neow_bonus":"THREE_ENEMY_KILL","is_daily":false,"chose_seed":false,"campfire_upgraded":6,"win_rate":0.0,"timestamp":1608198470,"path_taken":["M","?","?","$","M","R","E","R","T","R","M","E","R","$","R","BOSS","M","?","M","M","?","NM","R","M","T","?","AVR","M","E","M"],"items_purchased_type":["Card"],"build_version":"2020-12-13","purchased_purges":2,"victory":false,"max_hp_per_floor":[71,71,71,71,71,71,71,71,71,71,71,71,71,71,71,71,71,71,71,71,71,71,79,79,79,79,79,79,79,79,79,79],"relic_stats":{"Happy Flower":[22],"counters":[15,69],"obtain_stats":[{"Solar Panel":12,"Girya":28,"hubris:Icosahedron":19,"Dota2Spire:Butterfly":26,"NeowsBlessing":0,"Happy Flower":9,"vexMod:CursedCompass":17,"Dota2Spire:HeartOfTarrasque":23,"Cracked Core":0,"Toy Ornithopter":7,"vexMod:ImprovementManual":28,"hubris:BottledRain":30},{"Solar Panel":5,"Girya":12,"hubris:Icosahedron":7,"Dota2Spire:Butterfly":11,"NeowsBlessing":0,"Happy Flower":3,"vexMod:CursedCompass":6,"Dota2Spire:HeartOfTarrasque":10,"Cracked Core":0,"Toy Ornithopter":3,"vexMod:ImprovementManual":12,"hubris:BottledRain":14},{"Solar Panel":10,"Girya":48,"hubris:Icosahedron":23,"Dota2Spire:Butterfly":44,"NeowsBlessing":0,"Happy Flower":3,"vexMod:CursedCompass":20,"Dota2Spire:HeartOfTarrasque":40,"Cracked Core":0,"Toy Ornithopter":3,"vexMod:ImprovementManual":48,"hubris:BottledRain":67}],"Toy Ornithopter":35},"card_choices":[{"not_picked":["Force Field","Coolheaded"],"picked":"Ball Lightning","floor":1},{"not_picked":["Steam","White Noise"],"picked":"Compile Driver","floor":5},{"not_picked":["Leap","Rebound","Compile Driver"],"picked":"SKIP","floor":7},{"not_picked":["Steam","Force Field"],"picked":"Steam Power","floor":11},{"not_picked":["Cold Snap","Beam Cell"],"picked":"Coolheaded","floor":12},{"not_picked":["Electrodynamics","hubris:SpecializedCircuitry"],"picked":"Echo Form","floor":16},{"not_picked":["Turbo","Redo+1","Coolheaded"],"picked":"SKIP","floor":18},{"not_picked":["Gash+1","Compile Driver"],"picked":"Reinforced Body","floor":20},{"not_picked":["ReplayTheSpireMod:Calculation Training","Compile Driver"],"picked":"Static Discharge","floor":21},{"not_picked":["infinitespire:Punishment","ReplayTheSpireMod:Black Plague"],"picked":"infinitespire:UltimateForm","floor":23},{"not_picked":["Chaos","Beam Cell"],"picked":"Thunder Strike","floor":23},{"not_picked":["hubris:Ukulele","Conserve Battery"],"picked":"Chaos","floor":25},{"not_picked":["Gash","Steam","Hello World"],"picked":"SKIP","floor":27},{"not_picked":["FTL","Beam Cell"],"picked":"Turbo","floor":29},{"not_picked":["Lockon","Streamline","Rebound"],"picked":"SKIP","floor":30}],"player_experience":1057048,"relics_obtained":[{"floor":7,"key":"Toy Ornithopter"},{"floor":9,"key":"Happy Flower"},{"floor":12,"key":"Solar Panel"},{"floor":23,"key":"Dota2Spire:HeartOfTarrasque"},{"floor":26,"key":"Dota2Spire:Butterfly"},{"floor":30,"key":"hubris:BottledRain"}],"event_choices":[{"damage_healed":0,"gold_gain":0,"player_choice":"Bought 1 Potion","damage_taken":0,"max_hp_gain":0,"max_hp_loss":0,"event_name":"The Woman in Blue","floor":22,"gold_loss":0}],"is_beta":false,"boss_relics":[{"not_picked":["Busted Crown","Abe\u0027s Treasure"],"picked":"vexMod:CursedCompass"}],"items_purged_floors":[14,28],"is_endless":false,"potions_floor_spawned":[7,11,12,21,25,27,29,30],"killed_by":"Snake Plant","ascension_level":15}}