{"host":"4a0j9lay3ec96yoz","time":1608227960,"event":{"mods":["BaseMod","Marisa????????","Minty Spire (QoL Compilation)","Shop Mod","StSLib","The Cursed","The Necromancer","The Runesmith","The Servant 0.9.4"],"gold_per_floor":[110,110,27,27,50,50,60,60,60,79,95,95,115,145,145,240,240,259,248,18,18,18,18,18,18,69,69,88,88,13,28,28,28,28],"floor_reached":33,"playtime":2689,"items_purged":[],"score":235,"play_id":"dfff9f1f-9213-4ede-b899-b9b6e933e738","local_time":"20201217125920","is_ascension_mode":false,"campfire_choices":[{"data":"Runesmith:Repurpose","floor":6,"key":"SMITH"},{"data":"Runesmith:FieryHammer","floor":8,"key":"SMITH"},{"floor":12,"key":"REST"},{"floor":15,"key":"REST"},{"floor":23,"key":"REST"},{"floor":29,"key":"REST"},{"floor":32,"key":"REST"}],"circlet_count":0,"master_deck":["Runesmith:Strike_RS","Runesmith:Strike_RS","Runesmith:Strike_RS","Runesmith:Strike_RS","Runesmith:Defend_RS","Runesmith:Defend_RS+1","Runesmith:Defend_RS","Runesmith:Defend_RS+1","Runesmith:CraftFirestone","Runesmith:Fortify","Runesmith:FrozenChisel","Runesmith:HammerTime+1","Runesmith:Repurpose+1","Runesmith:FieryHammer+1","Runesmith:PoweredAnvil","Runesmith:RuneHurl","Runesmith:RunicBlueprint","Runesmith:GrandSlam","Runesmith:BackupBattery","Runesmith:HeatedChisel","Chrysalis","Runesmith:FieryHammer","Writhe","Runesmith:NegativeSpace+1","Shame","Runesmith:FieryHammer+1","Runesmith:Grindstone+1","Runesmith:ChiselStab","Runesmith:Grindstone+1","Runesmith:Grindstone+1"],"relics":["Runesmith:BrokenRuby","NeowsBlessing","Ancient Tea Set","Potion Belt","Runic Pyramid","Dream Catcher","Toxic Egg 2","Oddly Smooth Stone","Shuriken"],"acts_visited":["Exordium","TheCity"],"potions_floor_usage":[16,16,16,18,22,33],"damage_taken":[{"damage":0,"enemies":"Cultist","floor":1,"turns":1},{"damage":0,"enemies":"2 Louse","floor":7,"turns":1},{"damage":0,"enemies":"Jaw Worm","floor":10,"turns":1},{"damage":33,"enemies":"Gremlin Gang","floor":11,"turns":5},{"damage":0,"enemies":"Exordium Wildlife","floor":13,"turns":3},{"damage":49,"enemies":"Slime Boss","floor":16,"turns":9},{"damage":0,"enemies":"Chosen","floor":18,"turns":4},{"damage":17,"enemies":"2 Thieves","floor":19,"turns":4},{"damage":14,"enemies":"Snecko","floor":22,"turns":4},{"damage":23,"enemies":"Centurion and Healer","floor":28,"turns":9},{"damage":31,"enemies":"Snake Plant","floor":31,"turns":6},{"damage":63,"enemies":"Collector","floor":33,"turns":5}],"seed_played":"-1715511068779714821","potions_obtained":[{"floor":1,"key":"SpeedPotion"},{"floor":10,"key":"Swift Potion"},{"floor":13,"key":"LiquidBronze"},{"floor":16,"key":"Weak Potion"},{"floor":18,"key":"SmokeBomb"}],"is_trial":false,"path_per_floor":["M","?","$","?","T","R","M","R","T","M","M","R","M","?","R","B",null,"M","M","$","?","M","R","$","?","T","T","M","R","$","M","R","B"],"character_chosen":"RUNESMITH_CLASS","items_purchased":["Runesmith:HammerTime","Runesmith:Repurpose","Chrysalis","Runesmith:FieryHammer","Runesmith:ChiselStab","PowerPotion"],"campfire_rested":5,"item_purchase_floors":[3,3,20,20,30,30],"current_hp_per_floor":[70,56,56,56,56,56,56,56,56,56,23,44,44,44,65,16,70,70,53,53,53,39,60,60,60,60,60,37,58,58,27,48,0,0],"gold":28,"neow_bonus":"THREE_ENEMY_KILL","is_daily":false,"chose_seed":false,"campfire_upgraded":2,"win_rate":0.0,"timestamp":1608227960,"path_taken":["M","?","$","?","?","R","M","R","T","M","M","R","?","?","R","BOSS","M","M","$","?","M","R","$","?","T","?","M","R","?","M","R","BOSS"],"items_purchased_type":["Card","Card","Card","Card","Card","Potion"],"build_version":"2020-12-13","purchased_purges":0,"victory":false,"max_hp_per_floor":[70,70,70,70,70,70,70,70,70,70,70,70,70,70,70,70,70,70,70,70,70,70,70,70,70,70,70,70,70,70,70,70,70,70],"card_choices":[{"not_picked":["Runesmith:Permafrost","Runesmith:Grindstone"],"picked":"Runesmith:FrozenChisel","floor":1},{"not_picked":["Runesmith:EarthShield","Runesmith:BackupBattery"],"picked":"Runesmith:FieryHammer","floor":7},{"not_picked":["Runesmith:MakeshiftArmor","Runesmith:BackupBattery"],"picked":"Runesmith:PoweredAnvil","floor":10},{"not_picked":["Runesmith:EnergizedChisel","Runesmith:CraftObretio"],"picked":"Runesmith:RuneHurl","floor":11},{"not_picked":["Runesmith:Repurpose","Runesmith:UnstableHammer"],"picked":"Runesmith:RunicBlueprint","floor":13},{"not_picked":["Runesmith:LastStand","Runesmith:LightningRod"],"picked":"Runesmith:GrandSlam","floor":16},{"not_picked":["Runesmith:CraftVitae","Runesmith:HammerThrow"],"picked":"Runesmith:BackupBattery","floor":18},{"not_picked":["Runesmith:Overpower","Runesmith:RuneHurl"],"picked":"Runesmith:HeatedChisel","floor":19},{"not_picked":["Runesmith:HeatedChisel","Runesmith:CraftMagma"],"picked":"Runesmith:NegativeSpace+1","floor":23},{"not_picked":["Runesmith:Attraction+1","Runesmith:ChiselStab+1"],"picked":"Runesmith:FieryHammer+1","floor":28},{"not_picked":["Runesmith:Augment+1","Runesmith:Electrocute"],"picked":"Runesmith:Grindstone+1","floor":29},{"not_picked":["Runesmith:PoweredAnvil","Runesmith:HammerThrow"],"picked":"Runesmith:Grindstone+1","floor":31},{"not_picked":["Runesmith:CraftReservo+1","Runesmith:HammerThrow"],"picked":"Runesmith:Grindstone+1","floor":32}],"player_experience":7464,"relics_obtained":[{"floor":5,"key":"Ancient Tea Set"},{"floor":9,"key":"Potion Belt"},{"floor":26,"key":"Oddly Smooth Stone"},{"floor":27,"key":"Shuriken"}],"event_choices":[{"damage_healed":0,"gold_gain":0,"player_choice":"Entered Light","damage_taken":14,"max_hp_gain":0,"max_hp_loss":0,"event_name":"Shining Light","floor":2,"gold_loss":0,"cards_upgraded":["Runesmith:Defend_RS","Runesmith:Defend_RS"]},{"damage_healed":0,"gold_gain":0,"player_choice":"Grow","damage_taken":0,"max_hp_gain":0,"max_hp_loss":0,"event_name":"Living Wall","floor":4,"gold_loss":0,"cards_upgraded":["Runesmith:HammerTime"]},{"damage_healed":0,"gold_gain":30,"player_choice":"Searched \u00271\u0027 times","damage_taken":0,"max_hp_gain":0,"max_hp_loss":0,"event_name":"Dead Adventurer","floor":14,"gold_loss":0},{"damage_healed":0,"gold_gain":0,"player_choice":"Opened","damage_taken":0,"relics_obtained":["Dream Catcher"],"max_hp_gain":0,"max_hp_loss":0,"event_name":"The Mausoleum","floor":21,"gold_loss":0,"cards_obtained":["Writhe"]},{"damage_healed":0,"gold_gain":0,"player_choice":"Stole Relic","damage_taken":0,"relics_obtained":["Toxic Egg 2"],"max_hp_gain":0,"max_hp_loss":0,"event_name":"Addict","floor":25,"gold_loss":0,"cards_obtained":["Shame"]}],"is_beta":false,"boss_relics":[{"not_picked":["Coffee Dripper","Black Star"],"picked":"Runic Pyramid"}],"items_purged_floors":[],"is_endless":false,"potions_floor_spawned":[1,10,13,16,18],"killed_by":"Collector","ascension_level":0}}