{"host":"wonp23fsqqcu31ie","time":1608197792,"event":{"mods":["2.2 Compatiblity","AchievementEnabler","Aspiration","BaseMod","Bestiary","Better Altar","Better Match","Better Sensory Stone","Better Skull","Better Third Choice","BetterRewards","Block Reminder","Colored Map","Colored Powertips","Conspire","DeckTracker","Displayed Cursed Tome","Downfall","Hermit","Highlight Path","Hubris","Minty Spire (QoL Compilation)","Permanent Neow","Quick Restart","Rare Cards Sparkle","Relic Stats","Replay The Spire","Shade Mod","Shop Mod","StSLib","SuperFastMode","The Animator","The Cursed","The Gatherer","The Necromancer","The Runesmith","The Servant 0.9.4"],"gold_per_floor":[110,130,130,148,148,180,180,18,18,35,53,73,85,101,101,199,199,209,209,209,224,55,80,80,97,124,124,167,179,179,201,201,311,311,324,333,352,81,95,136,136,159,205,205,205,249,269,279,279,279,279,279,11,47,47],"floor_reached":56,"playtime":2414,"items_purged":["Gatherer:Strike_Gatherer","Overencumbered"],"score":1714,"play_id":"d19dda67-94b5-4734-b87e-4cee344af4c0","local_time":"20201217203632","is_ascension_mode":true,"metric_token":2385,"campfire_choices":[{"floor":7,"key":"REST"},{"floor":15,"key":"REST"},{"floor":24,"key":"RECALL"},{"floor":27,"key":"REST"},{"floor":32,"key":"REST"},{"floor":45,"key":"REST"},{"data":"Gatherer:Herbalism","floor":49,"key":"SMITH"},{"data":"Gatherer:FlowerWhip+1","floor":52,"key":"SMITH"}],"circlet_count":0,"master_deck":["Gatherer:Strike_Gatherer","Gatherer:Strike_Gatherer","Gatherer:Strike_Gatherer","Gatherer:Defend_Gatherer","Gatherer:Defend_Gatherer","Gatherer:Defend_Gatherer","Gatherer:Defend_Gatherer","Gatherer:Defend_Gatherer","Gatherer:Centralize","Gatherer:FlowerWhip+2","Gatherer:EnergyBasket","Gatherer:TacticalStrike+1","Gatherer:TreeGrowth","Gatherer:PotentialSlash+1","Gatherer:ScherryThrow","Gatherer:BigPouch","Gatherer:BomberForm","Gatherer:Nutrients+1","Gatherer:FlowerShield+1","Gatherer:Photoscythe","Gatherer:Herbalism+1","expansioncontent:YouAreMine+1","ReplayTheSpireMod:Private Reserves","Gatherer:FruitForce","Gatherer:ScherryThrow","Gatherer:CollectorsShot+1","Gatherer:BlackTea","Gatherer:QuickSynthesis","Gatherer:FlamingBottle","Gatherer:CollectorsShot+1","Runesmith:EnergizedChisel+1","Gatherer:Duality+1","Runesmith:CreatorForm","Runesmith:CraftMagma","Gatherer:Photoscythe","Gatherer:Duplicator","Gatherer:Duplicator","Gatherer:UpgradeBag","Swift Strike","Gatherer:AlchemyTrial+1"],"relics":["Gatherer:AlchemyBag","Membership Card","Gremlin Food","CaptainsWheel","ReplayTheSpireMod:Shallot","Tiny Chest","hubris:TenFootPole","Centennial Puzzle","MerchantsRug","hubris:SphereOfDissonance","Regal Pillow","hubris:Metronome","SlaversCollar","Ornamental Fan","hubris:BundleOfHerbs","Replay:Baseball","Replay:WaspNest","Gatherer:MistGenerator","Vajra","CeramicFish","Enchiridion","aspiration:RunesmithSkillbook","aspiration:ChemicalBlood","aspiration:FetidBarrel","Orichalcum","hubris:Icosahedron","Happy Flower","ReplayTheSpireMod:CursedCoin","Pear","Blue Candle","conspire:DeflatedDodgeball"],"acts_visited":["Exordium","TheCity","TheBeyond","TheEnding"],"potions_floor_usage":[16,16,28,33,35,40,40,50,50,50,50,50,50,50,50,50,54,55,55,55,55,55],"damage_taken":[{"damage":0,"enemies":"Cultist","floor":1,"turns":4},{"damage":0,"enemies":"Jaw Worm","floor":2,"turns":3},{"damage":0,"enemies":"2 Louse","floor":4,"turns":3},{"damage":30,"enemies":"3 Sentries","floor":6,"turns":13},{"damage":5,"enemies":"Large Slime","floor":10,"turns":3},{"damage":0,"enemies":"Blue Slaver","floor":11,"turns":2},{"damage":7,"enemies":"3 Louse","floor":12,"turns":3},{"damage":0,"enemies":"Exordium Thugs","floor":13,"turns":2},{"damage":5,"enemies":"conspire:2 RoseBushes","floor":14,"turns":4},{"damage":2,"enemies":"The Guardian","floor":16,"turns":7},{"damage":10,"enemies":"Shell Parasite","floor":18,"turns":3},{"damage":0,"enemies":"3 Byrds","floor":21,"turns":6},{"damage":27,"enemies":"Slavers","floor":23,"turns":3},{"damage":10,"enemies":"Centurion and Healer","floor":25,"turns":5},{"damage":13,"enemies":"Replay:Snechameleon","floor":28,"turns":3},{"damage":2,"enemies":"Cultist and Chosen","floor":29,"turns":3},{"damage":3,"enemies":"Chosen and Byrds","floor":31,"turns":3},{"damage":14,"enemies":"hubris:MusketHawk","floor":33,"turns":4},{"damage":47,"enemies":"3 Darklings","floor":35,"turns":5},{"damage":0,"enemies":"Orb Walker","floor":37,"turns":1},{"damage":12,"enemies":"Spire Growth","floor":39,"turns":3},{"damage":5,"enemies":"Reptomancer","floor":40,"turns":4},{"damage":8,"enemies":"Writhing Mass","floor":42,"turns":3},{"damage":1,"enemies":"R_Hoarder","floor":46,"turns":4},{"damage":4,"enemies":"3 Darklings","floor":47,"turns":2},{"damage":0,"enemies":"Jaw Worm Horde","floor":48,"turns":2},{"damage":74,"enemies":"conspire:OrnateMirror","floor":50,"turns":6},{"damage":4,"enemies":"Shield and Spear","floor":54,"turns":5},{"damage":67,"enemies":"The Heart","floor":55,"turns":6}],"seed_played":"-6047607396370565234","potions_obtained":[{"floor":6,"key":"Milkshake"},{"floor":10,"key":"SpeedPotion"},{"floor":11,"key":"Strength Potion"},{"floor":23,"key":"Guardian:BlockOnCardUsePotion"},{"floor":25,"key":"Adrenaline Potion"},{"floor":28,"key":"conspire:TimeTravelPotion"},{"floor":29,"key":"BlessingOfTheForge"},{"floor":33,"key":"Guardian:BlockOnCardUsePotion"},{"floor":35,"key":"SteroidPotion"},{"floor":37,"key":"Languid Potion"},{"floor":46,"key":"Dexterity Potion"},{"floor":48,"key":"Adrenaline Potion"},{"floor":54,"key":"Fire Potion"}],"is_trial":false,"path_per_floor":["M","M","?","M","?","E","R","$","T","M","M","M","M","M","R","B",null,"M","?","T","M","$","E","R","M","T","R","E","M","?","M","R","B",null,"M","?","M","$","M","E","T","M","T","?","R","E","M","M","R","B",null,"R","$","E","B",null],"character_chosen":"THE_GATHERER","items_purchased":["Membership Card","Gremlin Food","Matryoshka","MerchantsRug","hubris:SphereOfDissonance","Replay:Baseball","Replay:WaspNest","Gatherer:FruitForce","Lee\u0027s Waffle","aspiration:ChemicalBlood","Pet Ghost","ReplayTheSpireMod:CursedCoin","Pear","Blue Candle","BloodPotion","GamblersBrew","Milkshake","Gatherer:Duplicator","Gatherer:UpgradeBag","Swift Strike"],"campfire_rested":5,"item_purchase_floors":[0,0,0,8,8,22,22,22,38,38,38,53,53,53,53,53,53,53,53,53],"current_hp_per_floor":[54,54,13,13,37,7,28,28,28,23,23,16,16,11,47,45,72,62,62,62,62,66,54,54,44,44,76,63,61,54,51,76,62,76,45,45,45,83,71,66,66,58,58,58,83,82,78,78,78,4,83,83,93,89,72],"gold":47,"neow_bonus":"","is_daily":false,"chose_seed":false,"campfire_upgraded":2,"win_rate":0.0,"timestamp":1608197792,"path_taken":["M","?","?","?","?","E","R","$","T","M","M","M","M","M","R","BOSS","M","?","?","M","$","E","R","M","T","R","E","M","?","M","R","BOSS","M","?","?","$","M","E","?","M","T","?","R","E","M","M","R","BOSS","R","$","E","BOSS"],"items_purchased_type":["Relic","Relic","Relic","Relic","Relic","Relic","Relic","Card","Relic","Relic","Relic","Relic","Relic","Relic","Potion","Potion","Potion","Card","Card","Card"],"build_version":"2020-12-13","purchased_purges":2,"victory":true,"max_hp_per_floor":[72,72,72,72,72,72,72,72,72,72,72,72,72,72,72,72,72,72,72,72,72,76,76,76,76,76,76,76,76,76,76,76,76,76,76,76,76,83,83,83,83,83,83,83,83,83,83,83,83,83,83,83,93,93,93],"relic_stats":{"Centennial Puzzle":[60],"Regal Pillow":29,"Happy Flower":[7],"counters":[45,177],"Ornamental Fan":[128],"CeramicFish":135,"Blue Candle":[0],"Tiny Chest":2,"Orichalcum":[0],"obtain_stats":[{"CeramicFish":28,"hubris:VirtuousBlindfold":34,"Vajra":26,"Boot":31,"Ring of Searing":20,"Centennial Puzzle":6,"aspiration:BabyByrd":12,"hexamod:SpiritBrand":0,"conspire:Dentures":28,"MerchantsRug":31,"Pear":53,"Happy Flower":46,"aspiration:Nostalgia":0,"ReplayTheSpireMod:CursedCoin":53,"Blue Candle":53,"hubris:SphereOfDissonance":8,"War Paint":19,"SlaversCollar":17,"Replay:Baseball":22,"ReplayTheSpireMod:Shallot":0,"aspiration:RunesmithSkillbook":34,"hubris:TenFootPole":30,"aspiration:Lifesprig":23,"Regal Pillow":9,"hubris:Metronome":9,"Enchiridion":30,"hubris:RunicObelisk":17,"PrismaticShard":31,"Ancient Tea Set":3,"Pet Ghost":38,"Gatherer:FlyingFruit":6,"Nunchaku":8,"Replay:Bandana":20,"hubris:Icosahedron":4,"Matryoshka":0,"Tiny Chest":3,"aspiration:ChemicalBlood":38,"Gremlin Food":0,"Lee\u0027s Waffle":38,"Golden Idol":20,"aspiration:FetidBarrel":40,"Gatherer:MistGenerator":31,"PreservedInsect":9,"Replay:WaspNest":22,"Ring of Greed":20,"Orichalcum":43,"Anchor":26,"CaptainsWheel":0,"Ornamental Fan":20,"hubris:BundleOfHerbs":20,"Snack Pack":13,"Membership Card":19,"conspire:DeflatedDodgeball":54,"Gatherer:AlchemyBag":0},{"CeramicFish":31,"hubris:VirtuousBlindfold":12,"Vajra":30,"Boot":11,"Ring of Searing":8,"Centennial Puzzle":20,"aspiration:BabyByrd":4,"hexamod:SpiritBrand":0,"conspire:Dentures":10,"MerchantsRug":11,"Pear":43,"Happy Flower":40,"aspiration:Nostalgia":0,"ReplayTheSpireMod:CursedCoin":43,"Blue Candle":43,"hubris:SphereOfDissonance":20,"War Paint":8,"SlaversCollar":26,"Replay:Baseball":28,"ReplayTheSpireMod:Shallot":16,"aspiration:RunesmithSkillbook":34,"hubris:TenFootPole":11,"aspiration:Lifesprig":9,"Regal Pillow":20,"hubris:Metronome":20,"Enchiridion":32,"hubris:RunicObelisk":7,"PrismaticShard":11,"Ancient Tea Set":18,"Pet Ghost":36,"Gatherer:FlyingFruit":4,"Nunchaku":4,"Replay:Bandana":8,"hubris:Icosahedron":2,"Matryoshka":16,"Tiny Chest":18,"aspiration:ChemicalBlood":36,"Gremlin Food":16,"Lee\u0027s Waffle":36,"Golden Idol":8,"aspiration:FetidBarrel":38,"Gatherer:MistGenerator":11,"PreservedInsect":4,"Replay:WaspNest":28,"Ring of Greed":8,"Orichalcum":39,"Anchor":9,"CaptainsWheel":16,"Ornamental Fan":27,"hubris:BundleOfHerbs":27,"Snack Pack":5,"Membership Card":8,"conspire:DeflatedDodgeball":44,"Gatherer:AlchemyBag":0},{"CeramicFish":126,"hubris:VirtuousBlindfold":52,"Vajra":123,"Boot":45,"Ring of Searing":34,"Centennial Puzzle":85,"aspiration:BabyByrd":12,"hexamod:SpiritBrand":0,"conspire:Dentures":42,"MerchantsRug":45,"Pear":166,"Happy Flower":156,"aspiration:Nostalgia":0,"ReplayTheSpireMod:CursedCoin":166,"Blue Candle":166,"hubris:SphereOfDissonance":85,"War Paint":34,"SlaversCollar":106,"Replay:Baseball":115,"ReplayTheSpireMod:Shallot":62,"aspiration:RunesmithSkillbook":136,"hubris:TenFootPole":45,"aspiration:Lifesprig":38,"Regal Pillow":85,"hubris:Metronome":85,"Enchiridion":129,"hubris:RunicObelisk":31,"PrismaticShard":45,"Ancient Tea Set":69,"Pet Ghost":142,"Gatherer:FlyingFruit":12,"Nunchaku":12,"Replay:Bandana":34,"hubris:Icosahedron":7,"Matryoshka":62,"Tiny Chest":69,"aspiration:ChemicalBlood":142,"Gremlin Food":62,"Lee\u0027s Waffle":142,"Golden Idol":34,"aspiration:FetidBarrel":149,"Gatherer:MistGenerator":45,"PreservedInsect":12,"Replay:WaspNest":115,"Ring of Greed":34,"Orichalcum":152,"Anchor":38,"CaptainsWheel":62,"Ornamental Fan":109,"hubris:BundleOfHerbs":109,"Snack Pack":18,"Membership Card":34,"conspire:DeflatedDodgeball":171,"Gatherer:AlchemyBag":0}]},"card_choices":[{"not_picked":["Gatherer:CarefulStrike","Gatherer:CollectorsShot"],"picked":"Gatherer:EnergyBasket","floor":1},{"not_picked":["Gatherer:AlchemyTrial","Gatherer:GatherMaterial"],"picked":"Gatherer:TacticalStrike","floor":2},{"not_picked":["Gatherer:Frenzy","Gatherer:Polymorphism"],"picked":"Gatherer:TreeGrowth","floor":4},{"not_picked":["Gatherer:RecipeChange","Gatherer:CarefulStrike"],"picked":"Gatherer:PotentialSlash","floor":6},{"not_picked":["Gatherer:MiningStrike","Gatherer:Duality"],"picked":"Gatherer:ScherryThrow","floor":10},{"not_picked":["Gatherer:Snatch","Gatherer:PotentialSlash"],"picked":"Gatherer:BigPouch","floor":11},{"not_picked":["Gatherer:FeelingFine","Gatherer:BigPouch"],"picked":"Gatherer:BomberForm","floor":12},{"not_picked":["Gatherer:BambuSword","Gatherer:PotentialSlash"],"picked":"Gatherer:Nutrients","floor":13},{"not_picked":["Gatherer:ScentOfRosmari","Gatherer:Nutrients"],"picked":"Gatherer:FlowerShield","floor":14},{"not_picked":["Gatherer:GrowBook","Gatherer:Examine"],"picked":"Gatherer:Photoscythe","floor":16},{"not_picked":["Gatherer:Frenzy","Gatherer:EnergyBasket"],"picked":"Gatherer:Herbalism","floor":18},{"not_picked":["Replay:BasicMightCard","Replay:SS_hec_4"],"picked":"expansioncontent:YouAreMine","floor":19},{"not_picked":["Replay:SS_forest_5","Survey Options"],"picked":"ReplayTheSpireMod:Private Reserves","floor":19},{"not_picked":["Gatherer:WoolGloves+1","Gatherer:Polymorphism+1","Gatherer:PotentialSlash"],"picked":"SKIP","floor":21},{"not_picked":["Gatherer:AcidicSpray","Gatherer:OddSpoils"],"picked":"Gatherer:ScherryThrow","floor":23},{"not_picked":["Gatherer:QuickSynthesis","Gatherer:AlchemyTrial"],"picked":"Gatherer:CollectorsShot+1","floor":25},{"not_picked":["Gatherer:FragileHammer+1","Gatherer:BambuSword"],"picked":"Gatherer:BlackTea","floor":28},{"not_picked":["Gatherer:TacticalStrike","Gatherer:Solidify","Gatherer:BigPouch"],"picked":"SKIP","floor":29},{"not_picked":["Gatherer:RecipeChange","Gatherer:AromaProtection"],"picked":"Gatherer:QuickSynthesis","floor":31},{"not_picked":["Gatherer:GrowBook","Gatherer:StoneFence"],"picked":"Gatherer:FlamingBottle","floor":33},{"not_picked":["Runesmith:HeatedChisel+1","Gatherer:CarefulStrike+1","Runesmith:NegativeSpace+1","Gatherer:FragileHammer"],"picked":"SKIP","floor":35},{"not_picked":["Gatherer:Snatch","Runesmith:UnstableHammer","Runesmith:CraftProtectio"],"picked":"Runesmith:EnergizedChisel+1","floor":37},{"not_picked":["Runesmith:Overpower+1","Gatherer:SaveValuables","Gatherer:Frenzy+1","Gatherer:BambuSword"],"picked":"SKIP","floor":39},{"not_picked":["Runesmith:CraftReservo","Gatherer:Enchant","Gatherer:BambuSword"],"picked":"Gatherer:Duality+1","floor":40},{"not_picked":["Gatherer:OddSpoils","Gatherer:AcidicSpray+1","Gatherer:SaveValuables+1"],"picked":"Runesmith:CreatorForm","floor":42},{"not_picked":["Runesmith:ShiftingStrike+1","Gatherer:BigPouch","Runesmith:EarthShield"],"picked":"Runesmith:CraftMagma","floor":46},{"not_picked":["Runesmith:Accelerate+1","Runesmith:HeatedChisel","Gatherer:TacticalStrike+1"],"picked":"Gatherer:Photoscythe","floor":47},{"not_picked":["Gatherer:GatherMaterial+1","Runesmith:OneForEveryone","Runesmith:BackupBattery+1","Runesmith:Firewall+1"],"picked":"SKIP","floor":48},{"not_picked":["Gatherer:SealedBomb","Runesmith:MakeshiftArmor+1","Runesmith:Grindstone+1"],"picked":"Gatherer:AlchemyTrial+1","floor":54}],"player_experience":626344,"relics_obtained":[{"floor":6,"key":"Centennial Puzzle"},{"floor":9,"key":"Regal Pillow"},{"floor":9,"key":"hubris:Metronome"},{"floor":20,"key":"Ornamental Fan"},{"floor":20,"key":"hubris:BundleOfHerbs"},{"floor":23,"key":"Gatherer:MistGenerator"},{"floor":26,"key":"Vajra"},{"floor":28,"key":"CeramicFish"},{"floor":40,"key":"aspiration:FetidBarrel"},{"floor":43,"key":"Orichalcum"},{"floor":46,"key":"Happy Flower"},{"floor":54,"key":"conspire:DeflatedDodgeball"}],"event_choices":[{"damage_healed":0,"gold_gain":0,"player_choice":"RE RE RE ","damage_taken":58,"relics_obtained":["Tiny Chest","hubris:TenFootPole","Ancient Tea Set"],"max_hp_gain":0,"max_hp_loss":0,"event_name":"betterSkull:BetterSkull","floor":3,"gold_loss":0,"cards_upgraded":[]},{"damage_healed":24,"gold_gain":0,"player_choice":"Banana","damage_taken":0,"max_hp_gain":0,"max_hp_loss":0,"event_name":"Big Fish","floor":5,"gold_loss":0},{"damage_healed":0,"gold_gain":2,"player_choice":"1","damage_taken":0,"max_hp_gain":0,"max_hp_loss":0,"event_name":"betterStone:BetterStone","floor":19,"gold_loss":0},{"damage_healed":0,"gold_gain":0,"player_choice":"Obtained Book","damage_taken":16,"max_hp_gain":0,"max_hp_loss":0,"event_name":"Cursed Tome","floor":30,"gold_loss":0},{"damage_healed":0,"gold_gain":0,"player_choice":"Copied","damage_taken":0,"max_hp_gain":0,"max_hp_loss":0,"event_name":"Duplicator","floor":36,"gold_loss":0,"cards_obtained":["Gatherer:CollectorsShot"]}],"is_beta":false,"boss_relics":[{"not_picked":["Replay:Wanted Poster","Runic Dome"],"picked":"SlaversCollar"},{"not_picked":["Pandora\u0027s Box","ChewingGum"],"picked":"aspiration:RunesmithSkillbook"}],"items_purged_floors":[38,53],"is_endless":false,"potions_floor_spawned":[6,10,11,23,25,28,29,33,35,37,39,46,48],"ascension_level":1}}