{"host":"3mdjmozz5rahgtdc","time":1608217241,"event":{"mods":["AchievementEnabler","BaseMod","Better Silent Start","Better-Laid Plans","Colored Map","Colored Powertips","Custom Start","DeckTracker","Emptier Cage","KOR Keyword Fix","Keyboard Shortcuts","Minty Spire (QoL Compilation)","Permanent Neow","Quick Restart","StSLib","SuperFastMode"],"gold_per_floor":[12,27,44,44,63,63,88,88,88,118,132,132,53,68,68,163,163,179,194,212,65,79,112,112,112,139,153,182,182,182],"floor_reached":29,"playtime":746,"items_purged":["Bash"],"score":388,"play_id":"29ceece1-d211-4cd1-add5-d344ec9a90a6","local_time":"20201218000041","is_ascension_mode":true,"campfire_choices":[{"data":"Immolate","floor":6.0,"key":"SMITH"},{"data":"Pommel Strike","floor":8,"key":"SMITH"},{"data":"Battle Trance","floor":12,"key":"SMITH"},{"data":"Twin Strike","floor":15,"key":"SMITH"},{"data":"Second Wind","floor":24,"key":"SMITH"}],"circlet_count":0,"master_deck":["Defend_R","Defend_R","Defend_R","Clash","Immolate+1","Pommel Strike+1","Battle Trance+1","Fire Breathing","Combust+1","Inflame+1","Second Wind+1","Twin Strike+1","Body Slam+1","Feel No Pain+1","Sentinel","Battle Trance+1","Headbutt"],"relics":["Burning Blood","MealTicket","Nunchaku","Frozen Egg 2","Empty Cage","Darkstone Periapt","Akabeko","HornCleat"],"acts_visited":["Exordium","TheCity"],"potions_floor_usage":[23,23,28],"damage_taken":[{"damage":0.0,"enemies":"2 Louse","floor":1.0,"turns":1.0},{"damage":0.0,"enemies":"Cultist","floor":2.0,"turns":2.0},{"damage":0.0,"enemies":"Small Slimes","floor":3.0,"turns":2.0},{"damage":10.0,"enemies":"Gremlin Gang","floor":5.0,"turns":2.0},{"damage":8,"enemies":"Gremlin Nob","floor":7,"turns":3},{"damage":10,"enemies":"3 Sentries","floor":10,"turns":3},{"damage":8,"enemies":"Looter","floor":11,"turns":3},{"damage":0,"enemies":"3 Louse","floor":14,"turns":1},{"damage":66,"enemies":"Hexaghost","floor":16,"turns":6},{"damage":2,"enemies":"Chosen","floor":18,"turns":3},{"damage":8,"enemies":"Spheric Guardian","floor":19,"turns":3},{"damage":22,"enemies":"Snecko","floor":20,"turns":4},{"damage":14,"enemies":"3 Cultists","floor":22,"turns":4},{"damage":20,"enemies":"Slavers","floor":23,"turns":3},{"damage":3,"enemies":"Centurion and Healer","floor":27,"turns":4},{"damage":51,"enemies":"Book of Stabbing","floor":28,"turns":6},{"damage":13,"enemies":"Chosen and Byrds","floor":29,"turns":1}],"seed_played":"8778302476446525431","potions_obtained":[{"floor":3.0,"key":"Strength Potion"},{"floor":11,"key":"Regen Potion"},{"floor":18,"key":"GamblersBrew"},{"floor":20,"key":"Fire Potion"},{"floor":23,"key":"Energy Potion"},{"floor":28,"key":"Fire Potion"}],"is_trial":false,"path_per_floor":["M","M","M","?","M","R","E","R","T","E","M","R","$","M","R","B",null,"M","M","M","$","M","E","R","?","T","M","E","M"],"character_chosen":"IRONCLAD","items_purchased":["Second Wind","Feel No Pain+1"],"campfire_rested":0,"item_purchase_floors":[13,21],"current_hp_per_floor":[78,80,80,80,76,76,74,74,74,70,68,68,80,80,80,20,65,69,67,51,66,58,53,53,53,53,56,11,0,0],"gold":182,"neow_bonus":"TRANSFORM_TWO_CARDS","is_daily":false,"chose_seed":false,"campfire_upgraded":5,"win_rate":0.0,"timestamp":1608217241,"path_taken":["M","M","M","?","M","R","E","R","T","E","?","R","$","M","R","BOSS","M","M","M","$","M","E","R","?","T","M","E","M"],"items_purchased_type":["Card","Card"],"build_version":"2020-12-13","purchased_purges":1,"victory":false,"max_hp_per_floor":[80,80,80,80,80,80,80,80,80,80,80,80,80,80,80,80,80,80,80,80,80,80,80,80,80,80,80,80,80,80],"card_choices":[{"not_picked":["Clothesline","Wild Strike"],"picked":"Pommel Strike","floor":1.0},{"not_picked":["Havoc","True Grit","Whirlwind"],"picked":"SKIP","floor":2.0},{"not_picked":["Combust","Havoc","Pommel Strike"],"picked":"SKIP","floor":3.0},{"not_picked":["Rupture","Second Wind"],"picked":"Battle Trance","floor":5.0},{"not_picked":["Body Slam","Feel No Pain"],"picked":"Fire Breathing","floor":7},{"not_picked":["Sever Soul","Thunderclap"],"picked":"Combust+1","floor":10},{"not_picked":["Heavy Blade","Demon Form+1"],"picked":"Inflame+1","floor":11},{"not_picked":["Body Slam","Whirlwind"],"picked":"Twin Strike","floor":14},{"not_picked":["Cleave","Clothesline"],"picked":"Body Slam+1","floor":18},{"not_picked":["Body Slam","Intimidate","Heavy Blade"],"picked":"SKIP","floor":19},{"not_picked":["Flame Barrier","Iron Wave+1","Thunderclap"],"picked":"SKIP","floor":20},{"not_picked":["Perfected Strike","Dual Wield+1"],"picked":"Sentinel","floor":22},{"not_picked":["Shockwave","Hemokinesis+1"],"picked":"Battle Trance+1","floor":23},{"not_picked":["Battle Trance","Perfected Strike"],"picked":"Headbutt","floor":27},{"not_picked":["Reaper","Flex","Body Slam"],"picked":"SKIP","floor":28}],"player_experience":303329,"relics_obtained":[{"floor":7,"key":"MealTicket"},{"floor":9,"key":"Nunchaku"},{"floor":10,"key":"Frozen Egg 2"},{"floor":23,"key":"Darkstone Periapt"},{"floor":26,"key":"Akabeko"},{"floor":28,"key":"HornCleat"}],"event_choices":[{"cards_removed":["Strike_R"],"damage_healed":0.0,"max_hp_gain":0.0,"max_hp_loss":0.0,"gold_gain":0.0,"event_name":"Bonfire Elementals","player_choice":"Offered Basic","floor":4.0,"gold_loss":0.0,"damage_taken":0.0},{"damage_healed":0,"gold_gain":0,"player_choice":"Ignored","damage_taken":0,"max_hp_gain":0,"max_hp_loss":0,"event_name":"The Mausoleum","floor":25,"gold_loss":0}],"is_beta":false,"boss_relics":[{"not_picked":["Tiny House","Pandora\u0027s Box"],"picked":"Empty Cage"}],"items_purged_floors":[21],"is_endless":false,"potions_floor_spawned":[3,11,18,20,23,28],"killed_by":"Chosen and Byrds","ascension_level":8}}