{"host":"mvlqq966zh3ccmv5","time":1608231310,"event":{"mods":["AchievementEnabler","BaseMod","DeckTracker","Minty Spire (QoL Compilation)","SuperFastMode"],"gold_per_floor":[114,68,68,143,24,24,24,39,39,39,69,69,69,99,99,199,199,214,61,61,76,76],"floor_reached":21,"playtime":331,"items_purged":[],"score":233,"play_id":"06a2461a-5a2d-45ec-b88d-b549020c7cbf","local_time":"20201218035510","daily_mods":["Specialized","Flight","Lethality"],"is_ascension_mode":false,"campfire_choices":[{"data":"White Noise","floor":6,"key":"SMITH"},{"data":"Dualcast","floor":7,"key":"SMITH"},{"data":"Go for the Eyes","floor":12,"key":"SMITH"},{"data":"White Noise","floor":15,"key":"SMITH"}],"circlet_count":0,"master_deck":["Strike_B","Defend_B","Defend_B","Defend_B","Zap+1","Dualcast+1","White Noise+1","White Noise+1","White Noise","White Noise","White Noise","Self Repair","Gash","Gash","Go for the Eyes+1","Steam","Fission","Auto Shields+1","Conserve Battery+1","Beam Cell+1","Seek"],"relics":["Cracked Core","Pear","Strawberry","Pantograph","HornCleat","Astrolabe"],"acts_visited":["Exordium","TheCity"],"potions_floor_usage":[16],"damage_taken":[{"damage":9,"enemies":"Cultist","floor":1,"turns":3},{"damage":3,"enemies":"2 Louse","floor":8,"turns":2},{"damage":20,"enemies":"3 Sentries","floor":11,"turns":4},{"damage":17,"enemies":"Gremlin Nob","floor":14,"turns":3},{"damage":29,"enemies":"Hexaghost","floor":16,"turns":6},{"damage":47,"enemies":"3 Byrds","floor":18,"turns":3},{"damage":32,"enemies":"Chosen","floor":21,"turns":5}],"seed_played":"-4230686447748436371","potions_obtained":[{"floor":11,"key":"Dexterity Potion"},{"floor":14,"key":"PotionOfCapacity"},{"floor":21,"key":"Energy Potion"}],"is_trial":false,"path_per_floor":["M","$","?","?","$","R","R","M","T","?","E","R","?","E","R","B",null,"M","$","?","M"],"character_chosen":"DEFECT","items_purchased":["Gash","Gash","Go for the Eyes","Steam","Seek"],"campfire_rested":0,"item_purchase_floors":[2,5,5,5,19],"current_hp_per_floor":[66,66,66,55,55,55,55,59,69,69,63,63,38,21,21,24,92,52,52,52,27,27],"gold":76,"neow_bonus":"","is_daily":true,"chose_seed":false,"campfire_upgraded":4,"win_rate":0.0,"timestamp":1608231310,"path_taken":["M","$","?","?","?","R","R","M","T","?","E","R","?","E","R","BOSS","M","$","?","?"],"items_purchased_type":["Card","Card","Card","Card","Card"],"build_version":"2020-12-13","purchased_purges":0,"victory":false,"max_hp_per_floor":[75,75,75,75,75,75,75,75,85,85,92,92,92,92,92,92,92,92,92,92,92,92],"card_choices":[{"not_picked":["Redo","Ball Lightning"],"picked":"Self Repair","floor":1},{"not_picked":["Leap","Barrage","Lockon"],"picked":"SKIP","floor":8},{"not_picked":["Cold Snap","Rebound","Conserve Battery"],"picked":"SKIP","floor":11},{"not_picked":["Undo","Streamline","Stack"],"picked":"SKIP","floor":14},{"not_picked":["Core Surge","Meteor Strike"],"picked":"Fission","floor":16},{"not_picked":["Recycle+1","Compile Driver","Stack"],"picked":"SKIP","floor":18},{"not_picked":["Beam Cell","Reinforced Body+1","Reprogram+1"],"picked":"SKIP","floor":21}],"player_experience":212730,"relics_obtained":[{"floor":9,"key":"Pear"},{"floor":11,"key":"Strawberry"},{"floor":14,"key":"HornCleat"}],"event_choices":[{"damage_healed":0,"gold_gain":0,"player_choice":"Grow","damage_taken":0,"max_hp_gain":0,"max_hp_loss":0,"event_name":"Living Wall","floor":3,"gold_loss":0,"cards_upgraded":["Zap"]},{"damage_healed":0,"gold_gain":75,"player_choice":"Gather Gold","damage_taken":11,"max_hp_gain":0,"max_hp_loss":0,"event_name":"World of Goop","floor":4,"gold_loss":0},{"damage_healed":0,"gold_gain":0,"player_choice":"Leave","damage_taken":0,"max_hp_gain":0,"max_hp_loss":0,"event_name":"The Cleric","floor":10,"gold_loss":0},{"damage_healed":0,"gold_gain":0,"player_choice":"Success","damage_taken":25,"relics_obtained":["Pantograph"],"max_hp_gain":0,"max_hp_loss":0,"event_name":"Scrap Ooze","floor":13,"gold_loss":0},{"cards_removed":["Strike_B"],"damage_healed":0,"gold_gain":0,"player_choice":"Purged","damage_taken":0,"max_hp_gain":0,"max_hp_loss":0,"event_name":"Purifier","floor":20,"gold_loss":0}],"is_beta":false,"boss_relics":[{"not_picked":["Runic Pyramid","Busted Crown"],"picked":"Astrolabe"}],"items_purged_floors":[],"is_endless":false,"potions_floor_spawned":[11,14,21],"killed_by":"Chosen","ascension_level":0}}