{"host":"0o7wltl8wg416oq2","time":1608210599,"event":{"mods":["BaseMod","Curses Come First","Downfall","Minty Spire (QoL Compilation)","StSLib"],"gold_per_floor":[99,127,127,127,127,127,127,127,156,156,169,8,23,8,27,132,132,132,132,132,132,132,151,151,151,151,151,164,177,187,206,219,314,364,364,377,377,377,405,405,431,445,112,112,112,22,22,41,58,58,58],"floor_reached":50,"playtime":4645,"items_purged":["Guardian:Defend_Guardian"],"score":551,"play_id":"dadc2066-1eb6-4937-9cc4-b1026f050a08","local_time":"20201217210959","is_ascension_mode":false,"campfire_choices":[{"data":"Guardian:CurlUp","floor":1.0,"key":"SMITH"},{"data":"Guardian:Preprogram","floor":3.0,"key":"SMITH"},{"data":"Guardian:ArmoredProtocol","floor":8.0,"key":"SMITH"},{"data":"Guardian:DonusPower","floor":10.0,"key":"SMITH"},{"data":"Guardian:StasisField","floor":18.0,"key":"SMITH"},{"data":"Guardian:TimeBomb","floor":22.0,"key":"SMITH"},{"floor":25.0,"key":"RECALL"},{"data":"Guardian:RevengeProtocol","floor":27.0,"key":"SMITH"},{"data":"Guardian:TemporalShield","floor":35.0,"key":"SMITH"},{"data":"RitualDagger","floor":38,"key":"SMITH"},{"data":"Guardian:SentryBeam","floor":40,"key":"SMITH"},{"data":"Guardian:Incinerate","floor":44,"key":"SMITH"}],"circlet_count":0,"master_deck":["Guardian:Defend_Guardian","Guardian:Defend_Guardian","Guardian:CurlUp+1","Guardian:TwinSlam","Guardian:Preprogram+1","Guardian:ArmoredProtocol+1","Guardian:DonusPower+1","Guardian:TimeBomb+1","Guardian:SentryBeam+1","Guardian:RevengeProtocol+1","Guardian:StasisField+1","RitualDagger+1","Bite","Bite","Bite","Bite+1","Bite","Guardian:Incinerate+1","Guardian:RollAttack+1","Guardian:TemporalShield+1","Guardian:BronzeOrb+1","Guardian:Gem_White","expansioncontent:SuperHexaguard","Guardian:TimeBomb","Guardian:TemporalShield"],"relics":["Guardian:ModeShifter","downfall:HeartsMalice","Pear","Meat on the Bone","Strawberry","Lantern","SlaversCollar","Tiny House","Ornamental Fan","Ancient Tea Set"],"acts_visited":["Exordium","TheCity","TheBeyond"],"potions_floor_usage":[50,50],"damage_taken":[{"damage":0.0,"enemies":"Lagavulin","floor":2.0,"turns":1.0},{"damage":0.0,"enemies":"Jaw Worm","floor":4.0,"turns":1.0},{"damage":0.0,"enemies":"Gremlin Nob","floor":9.0,"turns":1.0},{"damage":2.0,"enemies":"2 Louse","floor":11.0,"turns":3.0},{"damage":7.0,"enemies":"downfall:FleeingMerchant","floor":12.0,"turns":4.0},{"damage":5.0,"enemies":"Cultist","floor":13.0,"turns":4.0},{"damage":8.0,"enemies":"downfall:FleeingMerchant","floor":14.0,"turns":4.0},{"damage":9.0,"enemies":"Blue Slaver","floor":15.0,"turns":3.0},{"damage":20.0,"enemies":"downfall:Defect","floor":16.0,"turns":7.0},{"damage":0.0,"enemies":"Chosen","floor":23.0,"turns":6.0},{"damage":8.0,"enemies":"Shell Parasite","floor":28.0,"turns":6.0},{"damage":5.0,"enemies":"Snake Plant","floor":29.0,"turns":4.0},{"damage":18.0,"enemies":"Centurion and Healer","floor":30.0,"turns":8.0},{"damage":17.0,"enemies":"Shelled Parasite and Fungi","floor":31.0,"turns":5.0},{"damage":7.0,"enemies":"Snecko","floor":32.0,"turns":5.0},{"damage":43.0,"enemies":"downfall:Watcher","floor":33.0,"turns":9.0},{"damage":0.0,"enemies":"3 Shapes","floor":36.0,"turns":3.0},{"damage":17,"enemies":"Reptomancer","floor":39,"turns":4},{"damage":0,"enemies":"3 Darklings","floor":42,"turns":5},{"damage":2,"enemies":"downfall:FleeingMerchant","floor":46,"turns":4},{"damage":6,"enemies":"Jaw Worm Horde","floor":48,"turns":4},{"damage":5,"enemies":"4 Shapes","floor":49,"turns":3},{"damage":91,"enemies":"downfall:Silent","floor":50,"turns":5}],"seed_played":"8476040467873969307","potions_obtained":[{"floor":9.0,"key":"DistilledChaos"},{"floor":11.0,"key":"GamblersBrew"},{"floor":13.0,"key":"Energy Potion"},{"floor":16.0,"key":"champ:CounterPotion"},{"floor":30.0,"key":"Regen Potion"},{"floor":31.0,"key":"Fire Potion"},{"floor":32.0,"key":"Strength Potion"},{"floor":34.0,"key":"Guardian:BlockOnCardUsePotion"},{"floor":39,"key":"hexamod:EctoCoolerPotion"},{"floor":42,"key":"champ:CounterPotion"}],"is_trial":false,"path_per_floor":["R","E","R","M","?","?","T","R","E","R","M","$","M","$","M","B",null,"R","?","?","?","R","M","T","R","?","R","M","M","M","M","M","B",null,"R","M","?","R","E","R","T","M","?","R","?","$","?","M","M","B"],"character_chosen":"GUARDIAN","items_purchased":["Lantern"],"campfire_rested":0,"item_purchase_floors":[12],"current_hp_per_floor":[80,90,90,90,90,90,90,90,97,97,95,88,83,75,66,58,97,97,97,91,91,91,91,91,91,67,67,63,67,59,56,65,45,72,72,72,72,72,62,62,62,72,81,81,81,81,81,81,77,0,0],"gold":58,"neow_bonus":"THREE_ENEMY_KILL","is_daily":false,"chose_seed":false,"campfire_upgraded":11,"win_rate":0.0,"timestamp":1608210599,"path_taken":["R","E","R","M","?","?","T","R","E","R","?","$","M","$","M","BOSS","R","?","?","?","R","M","T","R","?","R","M","M","M","?","M","BOSS","R","M","?","R","E","R","T","M","?","R","?","?","?","M","M","BOSS"],"items_purchased_type":["Relic"],"build_version":"2020-12-13","purchased_purges":1,"victory":false,"max_hp_per_floor":[80,90,90,90,90,90,90,90,97,97,97,97,97,97,97,97,97,97,97,97,97,97,97,97,97,67,67,67,67,67,67,67,67,72,72,72,72,72,72,72,72,72,81,81,81,81,81,81,81,81,81],"card_choices":[{"not_picked":["Guardian:Incinerate","Guardian:PrismaticBarrier"],"picked":"Guardian:Preprogram","floor":2.0},{"not_picked":["Guardian:Planning","Guardian:ShieldSpikes"],"picked":"Guardian:ArmoredProtocol","floor":4.0},{"not_picked":["Guardian:RefractedBeam","Guardian:Reroute"],"picked":"Guardian:DonusPower","floor":9.0},{"not_picked":["Guardian:Gem_Cyan","Guardian:TimeCapacitor"],"picked":"Guardian:TimeBomb","floor":11.0},{"not_picked":["Guardian:Gem_Green","Guardian:ShieldCharger"],"picked":"Guardian:Gem_Red","floor":12.0},{"not_picked":["Guardian:ChargeCore","Guardian:Reroute"],"picked":"Guardian:SentryBeam","floor":13.0},{"not_picked":["Guardian:FastForward","Guardian:FloatingOrbs"],"picked":"Guardian:RevengeProtocol","floor":14.0},{"not_picked":["Guardian:VentSteam","Guardian:Gem_Green"],"picked":"Guardian:Gem_Lightblue","floor":15.0},{"not_picked":["Guardian:RevengeProtocol","Guardian:BaubleBeam"],"picked":"Guardian:StasisField","floor":16.0},{"not_picked":["Guardian:TemporalStrike","Guardian:ChargeCore"],"picked":"Guardian:Gem_Fragmented","floor":23.0},{"not_picked":["Guardian:Reroute","Guardian:PiercingHide+1"],"picked":"Guardian:Incinerate","floor":28.0},{"not_picked":["Guardian:Harden","Guardian:Planning","Guardian:PiercingHide+1"],"picked":"SKIP","floor":29.0},{"not_picked":["Guardian:ChargeUp","Guardian:Harden"],"picked":"Guardian:RollAttack+1","floor":30.0},{"not_picked":["Guardian:FloatingOrbs","Guardian:Recover"],"picked":"Guardian:Gem_Cyan","floor":31.0},{"not_picked":["Guardian:PiercingHide+1","Guardian:Planning","Guardian:Harden"],"picked":"SKIP","floor":32.0},{"not_picked":["Guardian:StasisStrike","Guardian:RevengeProtocol"],"picked":"Guardian:Gem_Orange","floor":33.0},{"not_picked":["Guardian:ChargeCore","Guardian:Planning"],"picked":"Guardian:TemporalShield","floor":34.0},{"not_picked":["Guardian:Gem_Cyan","Guardian:PrimingBeam+1"],"picked":"Guardian:BronzeOrb+1","floor":36.0},{"not_picked":["Guardian:ChargeCore+1","Guardian:Suspension"],"picked":"Guardian:Gem_White","floor":39},{"not_picked":["Guardian:Planning","Guardian:WalkerClaw","Guardian:ShieldCharger"],"picked":"SKIP","floor":42},{"not_picked":["Guardian:RollAttack","Guardian:ChargeCore+1","Guardian:WalkerClaw+1"],"picked":"SKIP","floor":46},{"not_picked":["expansioncontent:HyperBeam","expansioncontent:FaceSlap"],"picked":"expansioncontent:SuperHexaguard","floor":47},{"not_picked":["Guardian:Gem_Cyan","Guardian:Recover+1"],"picked":"Guardian:TimeBomb","floor":48},{"not_picked":["Guardian:VentSteam","Guardian:RefractedBeam+1"],"picked":"Guardian:TemporalShield","floor":49}],"player_experience":39533,"relics_obtained":[{"floor":2.0,"key":"Pear"},{"floor":7.0,"key":"Meat on the Bone"},{"floor":9.0,"key":"Strawberry"},{"floor":39,"key":"Ornamental Fan"},{"floor":41,"key":"Ancient Tea Set"}],"event_choices":[{"damage_healed":0.0,"max_hp_gain":0.0,"max_hp_loss":30.0,"gold_gain":0.0,"event_name":"Vampires","player_choice":"Became a vampire","floor":26.0,"gold_loss":0.0,"damage_taken":0.0,"cards_obtained":["Bite","Bite","Bite","Bite","Bite"]},{"damage_healed":0,"gold_gain":0,"player_choice":"Ignored","damage_taken":0,"max_hp_gain":0,"max_hp_loss":0,"event_name":"Mysterious Sphere","floor":37,"gold_loss":0},{"cards_removed":["Guardian:Defend_Guardian"],"damage_healed":0,"gold_gain":0,"player_choice":"Removed Skill","damage_taken":0,"max_hp_gain":0,"max_hp_loss":0,"event_name":"Falling","floor":45,"gold_loss":0}],"is_beta":false,"boss_relics":[{"not_picked":["Ectoplasm","Guardian:ModeShifterPlus"],"picked":"SlaversCollar"},{"not_picked":["Guardian:StasisSlotReductionRelic","Sozu"],"picked":"Tiny House"}],"items_purged_floors":[46],"is_endless":false,"potions_floor_spawned":[9,11,13,16,29,30,31,32,39,42],"killed_by":"downfall:Silent","ascension_level":0}}