{"host":"uv231blk40vjdojr","time":1608244234,"event":{"mods":["BaseMod","Minty Spire (QoL Compilation)","Relic Stats"],"gold_per_floor":[118,118,131,147,147,172,6,6,31,63,63,13,57,57,57,139,139,160,171,180,2,2,2,28,52,77,123,153,181,229,131,143,155,155],"floor_reached":33,"playtime":1953,"items_purged":["Strike_B","Decay"],"score":542,"play_id":"4eac84cb-5cb8-4075-9bce-ecdcbfa1501c","local_time":"20201217233034","is_ascension_mode":true,"campfire_choices":[{"floor":8.0,"key":"REST"},{"data":"Recycle","floor":11.0,"key":"SMITH"},{"data":"Dualcast","floor":15.0,"key":"SMITH"},{"floor":23.0,"key":"REST"},{"floor":32.0,"key":"REST"}],"circlet_count":0,"master_deck":["AscendersBane","Strike_B","Defend_B","Defend_B","Defend_B","Zap+1","Dualcast+1","Echo Form","Self Repair","Doom and Gloom+1","Melter","Electrodynamics","Recycle+1","Cold Snap","Biased Cognition","Cold Snap+1","Steam Power","Glacier","Coolheaded+1","Stack","Core Surge","Conserve Battery"],"relics":["Cracked Core","CultistMask","Smiling Mask","Ancient Tea Set","Pen Nib","Strawberry","CeramicFish","Fusion Hammer","Eternal Feather","MawBank","Mercury Hourglass","Boot"],"acts_visited":["Exordium","TheCity"],"potions_floor_usage":[],"damage_taken":[{"damage":5.0,"enemies":"2 Louse","floor":1.0,"turns":3.0},{"damage":12.0,"enemies":"Cultist","floor":3.0,"turns":4.0},{"damage":17.0,"enemies":"Jaw Worm","floor":4.0,"turns":4.0},{"damage":20.0,"enemies":"Lagavulin","floor":6.0,"turns":4.0},{"damage":10.0,"enemies":"3 Sentries","floor":10.0,"turns":3.0},{"damage":32.0,"enemies":"Gremlin Nob","floor":13.0,"turns":4.0},{"damage":18.0,"enemies":"Hexaghost","floor":16.0,"turns":6.0},{"damage":6.0,"enemies":"Chosen","floor":18.0,"turns":4.0},{"damage":18.0,"enemies":"3 Byrds","floor":19.0,"turns":3.0},{"damage":15.0,"enemies":"Centurion and Healer","floor":24.0,"turns":3.0},{"damage":11.0,"enemies":"Snecko","floor":25.0,"turns":6.0},{"damage":23.0,"enemies":"Slavers","floor":27.0,"turns":4.0},{"damage":7.0,"enemies":"Cultist and Chosen","floor":29.0,"turns":4.0},{"damage":28.0,"enemies":"Book of Stabbing","floor":30.0,"turns":5.0},{"damage":67,"enemies":"Champ","floor":33,"turns":13}],"seed_played":"-8273811362343842799","potions_obtained":[{"floor":3.0,"key":"FearPotion"},{"floor":4.0,"key":"PowerPotion"},{"floor":6.0,"key":"EssenceOfSteel"},{"floor":27.0,"key":"ColorlessPotion"},{"floor":30.0,"key":"ColorlessPotion"}],"is_trial":false,"path_per_floor":["M","?","M","M","?","E","$","R","T","E","R","$","E","?","R","B",null,"M","M","?","$","?","R","M","M","T","E","?","M","E","?","R","B"],"character_chosen":"DEFECT","items_purchased":["Ancient Tea Set","Steam Power","PowerPotion"],"campfire_rested":3,"item_purchase_floors":[7,21,21],"current_hp_per_floor":[59,59,54,51,44,24,24,45,45,42,42,42,24,24,24,6,60,61,43,43,43,43,78,70,66,66,43,43,36,15,15,50,0,0],"gold":155,"neow_bonus":"THREE_RARE_CARDS","is_daily":false,"chose_seed":false,"campfire_upgraded":2,"win_rate":0.0,"timestamp":1608244234,"path_taken":["M","?","M","?","?","E","$","R","T","E","R","$","E","?","R","BOSS","M","?","?","$","?","R","M","?","T","E","?","M","E","?","R","BOSS"],"items_purchased_type":["Relic","Card","Potion"],"build_version":"2020-12-13","purchased_purges":2,"victory":false,"max_hp_per_floor":[71,71,71,71,71,71,71,71,71,78,78,78,78,78,78,78,78,78,78,78,78,78,78,78,78,78,78,78,78,78,78,78,78,78],"relic_stats":{"counters":[15,70],"CeramicFish":90,"Eternal Feather":24,"Pen Nib":[7],"Smiling Mask":75,"MawBank":84,"Boot":[2],"obtain_stats":[{"Strawberry":10,"CeramicFish":13,"Eternal Feather":22,"CultistMask":2,"Pen Nib":9,"Fusion Hammer":17,"Cracked Core":0,"Smiling Mask":6,"Ancient Tea Set":7,"MawBank":26,"Boot":30,"Mercury Hourglass":27},{"Strawberry":5,"CeramicFish":6,"Eternal Feather":9,"CultistMask":1,"Pen Nib":4,"Fusion Hammer":7,"Cracked Core":0,"Smiling Mask":4,"Ancient Tea Set":4,"MawBank":11,"Boot":14,"Mercury Hourglass":12},{"Strawberry":18,"CeramicFish":22,"Eternal Feather":35,"CultistMask":3,"Pen Nib":15,"Fusion Hammer":28,"Cracked Core":0,"Smiling Mask":15,"Ancient Tea Set":15,"MawBank":44,"Boot":57,"Mercury Hourglass":48}],"Mercury Hourglass":[57]},"card_choices":[{"not_picked":["Multi-Cast","Creative AI"],"picked":"Echo Form","floor":0.0},{"not_picked":["Auto Shields","Gash"],"picked":"Self Repair","floor":1.0},{"not_picked":["Turbo","Conserve Battery"],"picked":"Doom and Gloom","floor":3.0},{"not_picked":["Stack","Coolheaded"],"picked":"Melter","floor":4.0},{"not_picked":["Doom and Gloom","Streamline"],"picked":"Electrodynamics","floor":6.0},{"not_picked":["Scrape","Steam Power"],"picked":"Recycle","floor":10.0},{"not_picked":["Steam Power","Compile Driver"],"picked":"Cold Snap","floor":13.0},{"not_picked":["Amplify","Electrodynamics"],"picked":"Biased Cognition","floor":16.0},{"not_picked":["Steam Power","Compile Driver"],"picked":"Cold Snap+1","floor":18.0},{"not_picked":["White Noise","Redo","Sweeping Beam"],"picked":"SKIP","floor":19.0},{"not_picked":["Leap","Redo"],"picked":"Glacier","floor":24.0},{"not_picked":["Redo+1","Beam Cell"],"picked":"Coolheaded+1","floor":25.0},{"not_picked":["Rip and Tear","Steam","Darkness"],"picked":"SKIP","floor":27.0},{"not_picked":["Turbo","Glacier","Stack"],"picked":"SKIP","floor":29.0},{"not_picked":["Storm","Leap"],"picked":"Conserve Battery","floor":30.0}],"player_experience":492912,"relics_obtained":[{"floor":6.0,"key":"Smiling Mask"},{"floor":9.0,"key":"Pen Nib"},{"floor":10.0,"key":"Strawberry"},{"floor":13.0,"key":"CeramicFish"},{"floor":26.0,"key":"MawBank"},{"floor":27.0,"key":"Mercury Hourglass"},{"floor":30.0,"key":"Boot"}],"event_choices":[{"damage_healed":0.0,"max_hp_gain":0.0,"max_hp_loss":0.0,"gold_gain":0.0,"event_name":"FaceTrader","player_choice":"Trade","floor":2.0,"gold_loss":0.0,"damage_taken":0.0,"relics_obtained":["CultistMask"]},{"cards_removed":["Pain"],"damage_healed":0.0,"max_hp_gain":0.0,"max_hp_loss":0.0,"gold_gain":0.0,"event_name":"Golden Wing","player_choice":"Card Removal","floor":5.0,"gold_loss":0.0,"damage_taken":7.0},{"damage_healed":0.0,"max_hp_gain":0.0,"max_hp_loss":0.0,"gold_gain":0.0,"event_name":"Upgrade Shrine","player_choice":"Upgraded","floor":14.0,"gold_loss":0.0,"damage_taken":0.0,"cards_upgraded":["Zap"]},{"damage_healed":0.0,"max_hp_gain":0.0,"max_hp_loss":0.0,"gold_gain":0.0,"event_name":"Forgotten Altar","player_choice":"Smashed Altar","floor":20.0,"gold_loss":0.0,"damage_taken":0.0,"cards_obtained":["Decay"]},{"damage_healed":0.0,"max_hp_gain":0.0,"max_hp_loss":0.0,"gold_gain":0.0,"event_name":"WeMeetAgain","player_choice":"Gave Potion","floor":22.0,"gold_loss":0.0,"damage_taken":0.0,"relics_obtained":["Eternal Feather"]},{"damage_healed":0.0,"max_hp_gain":0.0,"max_hp_loss":0.0,"gold_gain":0.0,"cards_transformed":["Strike_B","Defend_B"],"event_name":"Drug Dealer","player_choice":"Became Test Subject","floor":28.0,"gold_loss":0.0,"damage_taken":0.0,"cards_obtained":["Stack","Core Surge"]},{"cards_removed":["Strike_B"],"damage_healed":0.0,"max_hp_gain":0.0,"max_hp_loss":0.0,"gold_gain":0.0,"event_name":"Designer","player_choice":"Upgrade and Remove","floor":31.0,"gold_loss":110.0,"damage_taken":0.0,"cards_upgraded":["Doom and Gloom"]}],"is_beta":false,"boss_relics":[{"not_picked":["FrozenCore","SlaversCollar"],"picked":"Fusion Hammer"}],"items_purged_floors":[12,21],"is_endless":false,"potions_floor_spawned":[3,4,6,13,27,30],"killed_by":"Champ","ascension_level":16}}