{"host":"bxn2em57qlx5u4i0","time":1608180069,"event":{"mods":["BaseMod","Colored Map","Colored Powertips","Highlight Path","Minty Spire (QoL Compilation)","Random Character Button","Relic Sorter","Relic Stats","StSLib","SuperFastMode"],"gold_per_floor":[118,118,131,146,171,171,171,215,215,230,230,266,266,280,280,280,280],"floor_reached":16,"playtime":396,"items_purged":[],"score":224,"play_id":"f64e0555-6d4f-4680-9519-cfb65f3c0410","local_time":"20201216234109","is_ascension_mode":true,"campfire_choices":[{"data":"All Out Attack","floor":6.0,"key":"SMITH"},{"data":"Crippling Poison","floor":11.0,"key":"SMITH"},{"data":"Blade Dance","floor":13.0,"key":"SMITH"},{"floor":15,"key":"REST"}],"circlet_count":0,"master_deck":["AscendersBane","Strike_G","Strike_G","Strike_G","Strike_G","Strike_G","Defend_G","Defend_G","Defend_G","Defend_G","Defend_G","Survivor","Neutralize","Crippling Poison+1","All Out Attack+1","Deadly Poison","Blade Dance+1","Blade Dance","PiercingWail"],"relics":["Ring of the Snake","Pen Nib","Golden Idol","Akabeko","Toy Ornithopter","Mummified Hand"],"acts_visited":["Exordium"],"potions_floor_usage":[16],"damage_taken":[{"damage":0.0,"enemies":"Jaw Worm","floor":1.0,"turns":5.0},{"damage":10.0,"enemies":"Small Slimes","floor":3.0,"turns":4.0},{"damage":0.0,"enemies":"Cultist","floor":4.0,"turns":4.0},{"damage":7.0,"enemies":"Gremlin Gang","floor":5.0,"turns":2.0},{"damage":27.0,"enemies":"Lagavulin","floor":8.0,"turns":6.0},{"damage":0.0,"enemies":"Exordium Wildlife","floor":10.0,"turns":1.0},{"damage":10.0,"enemies":"3 Sentries","floor":12.0,"turns":6.0},{"damage":3,"enemies":"Red Slaver","floor":14,"turns":3},{"damage":32,"enemies":"The Guardian","floor":16,"turns":7}],"seed_played":"9200461612374795230","potions_obtained":[{"floor":1.0,"key":"SkillPotion"},{"floor":3.0,"key":"Explosive Potion"},{"floor":4.0,"key":"DuplicationPotion"},{"floor":8.0,"key":"SkillPotion"},{"floor":14,"key":"Fire Potion"}],"is_trial":false,"path_per_floor":["M","?","M","M","M","R","?","E","T","M","R","E","R","M","R","B"],"character_chosen":"THE_SILENT","items_purchased":[],"campfire_rested":1,"item_purchase_floors":[],"current_hp_per_floor":[59,59,49,49,42,42,42,15,15,15,15,10,10,7,25,0,0],"gold":280,"neow_bonus":"RANDOM_COMMON_RELIC","is_daily":false,"chose_seed":false,"campfire_upgraded":3,"win_rate":0.0,"timestamp":1608180069,"path_taken":["M","?","M","M","M","R","?","E","T","M","R","E","R","?","R","BOSS"],"items_purchased_type":[],"build_version":"2020-12-13","purchased_purges":0,"victory":false,"max_hp_per_floor":[66,60,60,60,60,60,60,60,60,60,60,60,60,60,60,60,60],"relic_stats":{"counters":[9,38],"Golden Idol":33,"Mummified Hand":[0],"Pen Nib":[7],"obtain_stats":[{"Golden Idol":2,"Mummified Hand":12,"Pen Nib":0,"Akabeko":8,"Toy Ornithopter":9,"Ring of the Snake":0},{"Golden Idol":1,"Mummified Hand":7,"Pen Nib":0,"Akabeko":5,"Toy Ornithopter":5,"Ring of the Snake":0},{"Golden Idol":5,"Mummified Hand":28,"Pen Nib":0,"Akabeko":21,"Toy Ornithopter":21,"Ring of the Snake":0}],"Toy Ornithopter":10,"Ring of the Snake":[18]},"card_choices":[{"not_picked":["Bane","Dagger Throw"],"picked":"Crippling Poison","floor":1.0},{"not_picked":["Dagger Throw","Quick Slash"],"picked":"All Out Attack","floor":3.0},{"not_picked":["Sucker Punch","Unload"],"picked":"Deadly Poison","floor":4.0},{"not_picked":["Infinite Blades","Caltrops"],"picked":"Blade Dance","floor":5.0},{"not_picked":["Expertise","Acrobatics","Flying Knee"],"picked":"SKIP","floor":8.0},{"not_picked":["Slice","Predator","Bane"],"picked":"SKIP","floor":10.0},{"not_picked":["Blade Dance","Glass Knife"],"picked":"PiercingWail","floor":12.0},{"not_picked":["Expertise","Dagger Spray","Deflect"],"picked":"SKIP","floor":14}],"player_experience":2801819,"relics_obtained":[{"floor":8.0,"key":"Akabeko"},{"floor":9.0,"key":"Toy Ornithopter"},{"floor":12.0,"key":"Mummified Hand"}],"event_choices":[{"damage_healed":0.0,"max_hp_gain":0.0,"max_hp_loss":6.0,"gold_gain":0.0,"event_name":"Golden Idol","player_choice":"Lose Max HP","floor":2.0,"gold_loss":0.0,"damage_taken":0.0,"relics_obtained":["Golden Idol"]},{"damage_healed":0.0,"max_hp_gain":0.0,"max_hp_loss":0.0,"gold_gain":0.0,"event_name":"Match and Keep!","player_choice":"1 cards matched","floor":7.0,"gold_loss":0.0,"damage_taken":0.0,"cards_obtained":["Blade Dance"]}],"is_beta":false,"boss_relics":[],"items_purged_floors":[],"is_endless":false,"potions_floor_spawned":[1,3,4,8,14],"killed_by":"The Guardian","ascension_level":20}}