{"host":"oc5h2hqz0xgb0igf","time":1608196114,"event":{"mods":["AchievementEnabler","BaseMod","Card Forge","Colored Map","Colored Powertips","Minty Spire (QoL Compilation)","Prisma Mod","Rare Cards Sparkle","StSLib"],"gold_per_floor":[110,110,124,143,154,188,204,204,204,230,247,247,247],"floor_reached":12,"playtime":883,"items_purged":[],"score":92,"play_id":"a8751a55-dce8-47ce-a3ff-3edf716248b5","local_time":"20201217010834","is_ascension_mode":false,"campfire_choices":[{"data":"PrismaMod:ChloeGaeBolg","floor":8,"key":"SMITH"}],"circlet_count":0,"master_deck":["PrismaMod:ChloeEyeOfTheEuryale+1","PrismaMod:ChloeRuleBreaker+1","PrismaMod:ChloeEyeOfTheEuryale+1","PrismaMod:ChloeEyeOfTheEuryale+1","PrismaMod:ChloeGaeBolg+1"],"relics":["PrismaMod:PrismaTraceOn","Hammer of Thor","Seething Fire","Anvil of the Gods","Lantern","Oddly Smooth Stone"],"acts_visited":["Exordium"],"potions_floor_usage":[],"damage_taken":[{"damage":0,"enemies":"Jaw Worm","floor":1,"turns":4},{"damage":0,"enemies":"Small Slimes","floor":3,"turns":2},{"damage":0,"enemies":"2 Louse","floor":4,"turns":1},{"damage":0,"enemies":"2 Fungi Beasts","floor":5,"turns":2},{"damage":31,"enemies":"Lagavulin","floor":6,"turns":5},{"damage":0,"enemies":"Large Slime","floor":7,"turns":3},{"damage":27,"enemies":"3 Sentries","floor":10,"turns":5},{"damage":0,"enemies":"Exordium Wildlife","floor":11,"turns":3},{"damage":0,"enemies":"Gremlin Nob","floor":12,"turns":1}],"seed_played":"-8079326638070638151","potions_obtained":[{"floor":1,"key":"ColorlessPotion"},{"floor":5,"key":"ColorlessPotion"},{"floor":7,"key":"CultistPotion"}],"is_trial":false,"path_per_floor":["M","?","M","M","M","E","M","R","T","E","M","E"],"character_chosen":"CHLOE","items_purchased":[],"campfire_rested":0,"item_purchase_floors":[],"current_hp_per_floor":[82,82,82,82,82,51,51,51,51,24,24,24,24],"gold":247,"neow_bonus":"TEN_PERCENT_HP_BONUS","is_daily":false,"chose_seed":false,"campfire_upgraded":1,"win_rate":0.0,"timestamp":1608196114,"path_taken":["M","?","M","M","M","E","M","R","T","E","M","E"],"items_purchased_type":[],"build_version":"2020-12-13","purchased_purges":0,"victory":false,"max_hp_per_floor":[82,82,82,82,82,82,82,82,82,82,82,82,82],"card_choices":[{"not_picked":["PrismaMod:ChloeRitsuka","PrismaMod:ChloeCheapAttack"],"picked":"PrismaMod:ChloeGaeBolg","floor":1},{"not_picked":["PrismaMod:ChloeCheapAttack","PrismaMod:ChloeCheapAttackTwo","PrismaMod:ChloeExhaustOne"],"picked":"SKIP","floor":3},{"not_picked":["PrismaMod:ChloeCommonAOEAttack","PrismaMod:ChloeCheapAttackTwo","PrismaMod:ChloeExhaustOne"],"picked":"SKIP","floor":4},{"not_picked":["PrismaMod:ChloeCheapAttackTwo","PrismaMod:ChloeRhongomyniad"],"picked":"PrismaMod:ChloeGaeBolg","floor":5},{"not_picked":["PrismaMod:ChloeExhaustTwo","PrismaMod:ChloeMaid","PrismaMod:ChloeUncommonDefend"],"picked":"SKIP","floor":6},{"not_picked":["PrismaMod:ChloeCheapAttack","PrismaMod:ChloeGaeBolg","PrismaMod:ChloeCheapDefendTwo"],"picked":"SKIP","floor":7},{"not_picked":["PrismaMod:ChloeCheapDefend","PrismaMod:ChloeAnySkillTrace","PrismaMod:ChloeCheapAttackTwo"],"picked":"SKIP","floor":10},{"not_picked":["PrismaMod:ChloeEyeOfTheEuryale","PrismaMod:ChloeDiscardRecovery","PrismaMod:ChloeExhaustOne"],"picked":"SKIP","floor":11}],"player_experience":121820,"relics_obtained":[{"floor":6,"key":"Lantern"},{"floor":10,"key":"Oddly Smooth Stone"}],"event_choices":[{"cards_removed":["PrismaMod:ChloeEyeOfTheEuryale"],"damage_healed":0,"gold_gain":0,"player_choice":"Forget","damage_taken":0,"max_hp_gain":0,"max_hp_loss":0,"event_name":"Living Wall","floor":2,"gold_loss":0}],"is_beta":false,"boss_relics":[],"items_purged_floors":[],"is_endless":false,"potions_floor_spawned":[1,5,7],"killed_by":"Gremlin Nob","ascension_level":0}}