{"host":"0jm2u9rma46qko29","time":1608226012,"event":{"mods":["Act Like it!","BaseMod","Better Note","Better Skull","CapriCore","Friendly Minions","Hermit","Minty Spire (QoL Compilation)","Robot Space Explorer","Shop Mod","StSLib","UnlockEverythingMod"],"gold_per_floor":[116,116,3,19,19,19,19,36,113,129,139,139,167,274,274,376,376,376,376,376,74,74,74,74,74,74,74,74,74,74,74,74,74,74,74,54,54,54,54,54,54,54,54,54,4,4,4,4,4,4],"floor_reached":51,"playtime":2669,"items_purged":["Decay","Strike_G+1"],"score":991,"play_id":"80816ba0-57a3-4cee-b9e3-c06fc3ca9faa","local_time":"20201217112652","is_ascension_mode":true,"campfire_choices":[{"data":"Footwork","floor":6,"key":"SMITH"},{"data":"Cloak And Dagger","floor":15,"key":"SMITH"},{"floor":28,"key":"REST"},{"data":"Adrenaline","floor":30,"key":"SMITH"},{"data":"Phantasmal Killer","floor":32,"key":"SMITH"},{"data":"Terror","floor":42,"key":"SMITH"},{"data":"Cloak And Dagger","floor":49,"key":"SMITH"}],"circlet_count":0,"master_deck":["Strike_G+1","Defend_G+1","Defend_G+1","Defend_G+1","Defend_G+1","Defend_G+1","Survivor+1","Neutralize","CurseOfTheBell","Blur","Adrenaline+1","Footwork+1","Backflip","Cloak And Dagger+1","Blade Dance","Cloak And Dagger+1","Envenom+1","Deflect","Phantasmal Killer+1","Terror+1","Prepared+1","Infinite Blades+1","Prepared+1","Dagger Spray","Sucker Punch+1","Accuracy+1","After Image+1","PiercingWail","Backflip+1","Escape Plan+1","Blur","Sucker Punch+1","Madness","Madness"],"relics":["Calling Bell","War Paint","Letter Opener","Ginger","Frozen Egg 2","Mercury Hourglass","Ectoplasm","Sling","Omamori","Centennial Puzzle","Pantograph","Kunai","Empty Cage","Bird Faced Urn","Art of War","MealTicket","Smiling Mask"],"acts_visited":["Exordium","TheCity","TheBeyond"],"potions_floor_usage":[13,16,25,27,39,50],"damage_taken":[{"damage":2,"enemies":"2 Louse","floor":1,"turns":3},{"damage":0,"enemies":"Cultist","floor":4,"turns":6},{"damage":0,"enemies":"Small Slimes","floor":8,"turns":4},{"damage":0,"enemies":"3 Louse","floor":10,"turns":4},{"damage":0,"enemies":"Red Slaver","floor":11,"turns":4},{"damage":14,"enemies":"Gremlin Nob","floor":13,"turns":4},{"damage":27,"enemies":"Slime Boss","floor":16,"turns":12},{"damage":12,"enemies":"Chosen","floor":18,"turns":6},{"damage":8,"enemies":"Shell Parasite","floor":19,"turns":5},{"damage":0,"enemies":"Gremlin Leader","floor":23,"turns":4},{"damage":12,"enemies":"Snecko","floor":24,"turns":6},{"damage":12,"enemies":"Shelled Parasite and Fungi","floor":25,"turns":5},{"damage":11,"enemies":"Book of Stabbing","floor":27,"turns":5},{"damage":0,"enemies":"Gremlin Leader","floor":31,"turns":4},{"damage":4,"enemies":"Automaton","floor":33,"turns":9},{"damage":0,"enemies":"Orb Walker","floor":35,"turns":4},{"damage":0,"enemies":"3 Shapes","floor":37,"turns":4},{"damage":5,"enemies":"Writhing Mass","floor":38,"turns":6},{"damage":0,"enemies":"Mind Bloom Boss Battle","floor":39,"turns":4},{"damage":3,"enemies":"Nemesis","floor":40,"turns":5},{"damage":17,"enemies":"Reptomancer","floor":44,"turns":5},{"damage":8,"enemies":"Spire Growth","floor":46,"turns":5},{"damage":6,"enemies":"Maw","floor":47,"turns":7},{"damage":14,"enemies":"Awakened One","floor":50,"turns":12}],"seed_played":"-3806664929350060601","potions_obtained":[{"floor":10,"key":"SteroidPotion"},{"floor":13,"key":"EssenceOfSteel"},{"floor":19,"key":"EssenceOfSteel"},{"floor":24,"key":"FairyPotion"},{"floor":25,"key":"Weak Potion"},{"floor":33,"key":"FearPotion"},{"floor":35,"key":"ColorlessPotion"},{"floor":36,"key":"SkillPotion"}],"is_trial":false,"path_per_floor":["M","?","$","M","?","R","$","M","T","M","M","?","E","?","R","B",null,"M","M","?","$","?","E","M","M","T","E","R","?","R","E","R","B",null,"M","?","M","M","?","E","T","R","T","E","$","M","M","?","R","B",null],"character_chosen":"THE_SILENT","items_purchased":["Footwork","Backflip","Sling","Infinite Blades+1"],"campfire_rested":1,"item_purchase_floors":[3,3,21,21],"current_hp_per_floor":[68,68,68,68,68,68,68,68,68,68,68,73,59,52,52,25,75,63,55,55,55,55,55,43,31,31,20,42,42,42,42,42,63,75,75,75,75,70,75,75,75,75,75,62,75,73,75,66,66,65],"gold":4,"neow_bonus":"BOSS_RELIC","is_daily":false,"chose_seed":false,"campfire_upgraded":6,"win_rate":0.0,"timestamp":1608226012,"path_taken":["M","?","?","?","?","R","$","M","T","M","?","?","E","?","R","BOSS","M","M","?","?","?","E","M","M","T","E","R","?","R","E","R","BOSS","M","?","M","?","?","E","?","R","T","E","$","M","M","?","R","BOSS"],"items_purchased_type":["Card","Card","Relic","Card"],"build_version":"2020-12-13","purchased_purges":2,"victory":true,"max_hp_per_floor":[70,70,70,70,70,70,70,70,70,70,70,75,75,75,75,75,75,75,75,75,75,75,75,75,75,75,75,75,75,75,75,75,75,75,75,75,75,75,75,75,75,75,75,75,75,75,75,75,75,75],"card_choices":[{"not_picked":["Finisher","Acrobatics"],"picked":"Blur","floor":1},{"not_picked":["Finisher","Blade Dance"],"picked":"Cloak And Dagger","floor":4},{"not_picked":["Choke","Finisher"],"picked":"Blade Dance","floor":8},{"not_picked":["Setup","Slice"],"picked":"Cloak And Dagger","floor":10},{"not_picked":["Blade Dance","Setup"],"picked":"Envenom+1","floor":11},{"not_picked":["Distraction","Bouncing Flask"],"picked":"Deflect","floor":13},{"not_picked":["Grand Finale","Unload"],"picked":"Phantasmal Killer","floor":16},{"not_picked":["Underhanded Strike","Sucker Punch"],"picked":"Terror","floor":18},{"not_picked":["Predator","Bouncing Flask"],"picked":"Prepared+1","floor":19},{"not_picked":["Flying Knee","Poisoned Stab"],"picked":"Prepared+1","floor":23},{"not_picked":["Underhanded Strike","Prepared"],"picked":"Dagger Spray","floor":24},{"not_picked":["Deflect","Dagger Throw"],"picked":"Sucker Punch+1","floor":25},{"not_picked":["Sucker Punch","Leg Sweep"],"picked":"Accuracy+1","floor":27},{"not_picked":["Night Terror","Dagger Throw","Prepared"],"picked":"SKIP","floor":31},{"not_picked":["Night Terror","Tools of the Trade+1"],"picked":"After Image+1","floor":33},{"not_picked":["Concentrate+1","Slice"],"picked":"PiercingWail","floor":35},{"not_picked":["Underhanded Strike","Caltrops+1"],"picked":"Backflip+1","floor":37},{"not_picked":["Deflect","Backflip+1"],"picked":"Escape Plan+1","floor":38},{"not_picked":["Prepared","Underhanded Strike+1","Corpse Explosion"],"picked":"SKIP","floor":40},{"not_picked":["Outmaneuver","Eviscerate+1","Setup+1"],"picked":"SKIP","floor":44},{"not_picked":["Dagger Spray+1","Blade Dance+1"],"picked":"Blur","floor":46},{"not_picked":["Prepared","Bane"],"picked":"Sucker Punch+1","floor":47}],"player_experience":128384,"relics_obtained":[{"floor":0,"key":"War Paint"},{"floor":0,"key":"Letter Opener"},{"floor":0,"key":"Ginger"},{"floor":9,"key":"Frozen Egg 2"},{"floor":13,"key":"Mercury Hourglass"},{"floor":23,"key":"Omamori"},{"floor":26,"key":"Centennial Puzzle"},{"floor":27,"key":"Pantograph"},{"floor":31,"key":"Kunai"},{"floor":39,"key":"Bird Faced Urn"},{"floor":40,"key":"Art of War"},{"floor":41,"key":"MealTicket"},{"floor":44,"key":"Smiling Mask"}],"event_choices":[{"damage_healed":0,"gold_gain":0,"player_choice":"1 cards matched","damage_taken":0,"max_hp_gain":0,"max_hp_loss":0,"event_name":"Match and Keep!","floor":2,"gold_loss":0,"cards_obtained":["Adrenaline"]},{"damage_healed":0,"gold_gain":0,"player_choice":"Cursed","damage_taken":0,"max_hp_gain":0,"max_hp_loss":0,"event_name":"Wheel of Change","floor":5,"gold_loss":0,"cards_obtained":["Decay"]},{"damage_healed":0,"gold_gain":0,"player_choice":"Donut","damage_taken":0,"max_hp_gain":5,"max_hp_loss":0,"event_name":"Big Fish","floor":12,"gold_loss":0},{"damage_healed":0,"gold_gain":107,"player_choice":"GO ","damage_taken":8,"relics_obtained":[],"max_hp_gain":0,"max_hp_loss":0,"event_name":"betterSkull:BetterSkull","floor":14,"gold_loss":0,"cards_upgraded":[]},{"cards_removed":["Footwork"],"damage_healed":0,"gold_gain":0,"player_choice":"Give","damage_taken":0,"max_hp_gain":0,"max_hp_loss":0,"event_name":"betterNote:BetterNote","floor":20,"gold_loss":0,"cards_obtained":["LikeWater"]},{"damage_healed":0,"gold_gain":0,"player_choice":"Simplicity","damage_taken":0,"max_hp_gain":0,"max_hp_loss":0,"event_name":"Back to Basics","floor":22,"gold_loss":0,"cards_upgraded":["Strike_G","Strike_G","Strike_G","Strike_G","Strike_G","Defend_G","Defend_G","Defend_G","Defend_G"]},{"cards_removed":["Strike_G"],"damage_healed":0,"gold_gain":0,"player_choice":"Offered Basic","damage_taken":0,"max_hp_gain":0,"max_hp_loss":0,"event_name":"Bonfire Elementals","floor":29,"gold_loss":0},{"damage_healed":0,"gold_gain":0,"player_choice":"Bought 1 Potion","damage_taken":0,"max_hp_gain":0,"max_hp_loss":0,"event_name":"The Woman in Blue","floor":36,"gold_loss":0},{"damage_healed":0,"gold_gain":0,"player_choice":"Fight","damage_taken":0,"max_hp_gain":0,"max_hp_loss":0,"event_name":"MindBloom","floor":39,"gold_loss":0},{"damage_healed":0,"gold_gain":0,"player_choice":"Embrace Madness","damage_taken":9,"max_hp_gain":0,"max_hp_loss":0,"event_name":"Winding Halls","floor":48,"gold_loss":0,"cards_obtained":["Madness","Madness"]}],"is_beta":false,"boss_relics":[{"not_picked":["Tiny House","HoveringKite"],"picked":"Ectoplasm"},{"not_picked":["Pandora\u0027s Box","Philosopher\u0027s Stone"],"picked":"Empty Cage"}],"items_purged_floors":[21,45],"is_endless":false,"potions_floor_spawned":[10,13,19,24,25,33,35,37,38],"ascension_level":4}}