{"host":"99ad87xtd5ypi7ii","time":1608248963,"event":{"mods":["BaseMod","Hermit","Highlight Path","Marisa????????","Minty Spire (QoL Compilation)","Robot Space Explorer","StSLib","The Bladedancer","The Construct","The Cursed","The Disciple","The Gatherer","The Hierophant","The Runesmith","The Servant 0.9.4","TheVacant"],"gold_per_floor":[116,116,135,135,148,148,162,162,162,189,189,208,241,241,241,343,343,353,387,387,118,118,118,118,143,143,143,155,190,190,207,207,312,312,332,343,343,343,360,394,445,445,445,445,455,468,493,493,493,493],"floor_reached":51,"playtime":3907,"items_purged":[],"score":826,"play_id":"8de03799-bf8c-43b5-a2e8-cb4cdd7c5add","local_time":"20201218004923","is_ascension_mode":false,"campfire_choices":[{"data":"PowerUp","floor":6,"key":"SMITH"},{"data":"MysteriousBeam","floor":8,"key":"SMITH"},{"data":"MaximisePower","floor":11,"key":"SMITH"},{"data":"EnergyFlow","floor":15,"key":"SMITH"},{"data":"SporeBomb","floor":23,"key":"SMITH"},{"data":"OortCloud","floor":27,"key":"SMITH"},{"floor":30,"key":"REST"},{"data":"Singularity","floor":32,"key":"SMITH"},{"floor":42,"key":"REST"},{"floor":44,"key":"REST"},{"floor":49,"key":"REST"}],"circlet_count":0,"master_deck":["Defend_MRS","MasterSpark","UpSweep+1","MysteriousBeam+1","EnergyFlow+1","PowerUp+1","EarthLightRay","MaximisePower+1","SporeBomb+1","StarBarrage","DeepEcoloBomb+1","GalacticHalo+1","6A+1","FairyDestructionRay+1","OortCloud+1","Singularity+1","GalacticHalo","MilkyWay+1","PowerUp","EarthLightRay+1","MilkyWay+1","Panacea","LuminesStrike+1","PulseMagic","OrrerysSun+1"],"relics":["MiniHakkero","PreservedInsect","The Courier","Pear","WingedGreaves","Astrolabe","Red Mask","Anchor","Gremlin Horn","Ginger","Matryoshka","Dream Catcher","Fusion Hammer","Runesmith:Nanobots","Lizard Tail","Happy Flower","construct:FoamFinger","Molten Egg 2"],"acts_visited":["Exordium","TheCity","TheBeyond"],"potions_floor_usage":[12,12,13,16,19,25,29,40,40,41,50],"damage_taken":[{"damage":1,"enemies":"Jaw Worm","floor":1,"turns":4},{"damage":0,"enemies":"Cultist","floor":3,"turns":2},{"damage":2,"enemies":"2 Louse","floor":5,"turns":3},{"damage":0,"enemies":"Exordium Wildlife","floor":7,"turns":2},{"damage":0,"enemies":"Gremlin Nob","floor":10,"turns":2},{"damage":0,"enemies":"Blue Slaver","floor":12,"turns":1},{"damage":0,"enemies":"Lagavulin","floor":13,"turns":3},{"damage":46,"enemies":"The Guardian","floor":16,"turns":10},{"damage":12,"enemies":"Shell Parasite","floor":18,"turns":4},{"damage":10,"enemies":"Masked Bandits","floor":19,"turns":3},{"damage":2,"enemies":"Slavers","floor":25,"turns":3},{"damage":0,"enemies":"Spheric Guardian","floor":28,"turns":3},{"damage":28,"enemies":"Book of Stabbing","floor":29,"turns":4},{"damage":3,"enemies":"Snake Plant","floor":31,"turns":3},{"damage":0,"enemies":"Champ","floor":33,"turns":7},{"damage":0,"enemies":"Orb Walker","floor":35,"turns":4},{"damage":11,"enemies":"3 Shapes","floor":36,"turns":3},{"damage":17,"enemies":"Sphere and 2 Shapes","floor":39,"turns":4},{"damage":25,"enemies":"Nemesis","floor":40,"turns":5},{"damage":37,"enemies":"2 Orb Walkers","floor":41,"turns":4},{"damage":4,"enemies":"Spire Growth","floor":45,"turns":4},{"damage":6,"enemies":"Maw","floor":46,"turns":5},{"damage":22,"enemies":"Reptomancer","floor":47,"turns":5},{"damage":32,"enemies":"Time Eater","floor":50,"turns":7}],"seed_played":"7830695384541584672","potions_obtained":[{"floor":1,"key":"Block Potion"},{"floor":10,"key":"EntropicBrew"},{"floor":16,"key":"Ancient Potion"},{"floor":19,"key":"GamblersBrew"},{"floor":28,"key":"SmokeBomb"},{"floor":39,"key":"Energy Potion"},{"floor":40,"key":"SteroidPotion"},{"floor":47,"key":"Swift Potion"}],"is_trial":false,"path_per_floor":["M","?","M","?","M","R","M","R","T","E","R","M","E","?","R","B",null,"M","?","?","$","?","R","?","E","T","R","M","E","R","M","R","B",null,"M","M","?","?","M","E","?","R","T","R","M","M","E","?","R","B",null],"character_chosen":"MARISA","items_purchased":["Gremlin Horn","EntropicBrew"],"campfire_rested":4,"item_purchase_floors":[21,21],"current_hp_per_floor":[74,74,74,74,72,72,72,72,72,82,82,82,85,78,78,36,85,77,67,67,67,67,67,67,69,69,69,73,49,74,75,75,79,85,85,80,80,80,72,57,30,55,55,80,80,79,67,67,85,53],"gold":493,"neow_bonus":"RANDOM_COMMON_RELIC","is_daily":false,"chose_seed":false,"campfire_upgraded":7,"win_rate":0.0,"timestamp":1608248963,"path_taken":["M","?","M","?","?","R","M","R","T","E","R","M","E","?","R","BOSS","M","?","?","$","?","R","?","E","T","R","?","E","R","M","R","BOSS","M","M","?","?","?","E","?","R","T","R","M","M","E","?","R","BOSS"],"items_purchased_type":["Relic","Potion"],"build_version":"2020-12-13","purchased_purges":0,"victory":true,"max_hp_per_floor":[75,75,75,75,75,75,75,75,75,85,85,85,85,85,85,85,85,85,85,85,85,85,85,85,85,85,85,85,85,85,85,85,85,85,85,85,85,85,85,85,85,85,85,85,85,85,85,85,85,85],"card_choices":[{"not_picked":["IllusionStar","ShootingEcho"],"picked":"MysteriousBeam","floor":1},{"not_picked":["OneTimeOff","WitchOfGreed"],"picked":"EnergyFlow","floor":3},{"not_picked":["Robbery","MilkyWay"],"picked":"PowerUp","floor":5},{"not_picked":["GasGiant","GalacticHalo"],"picked":"EarthLightRay","floor":7},{"not_picked":["MilkyWay","GasGiant"],"picked":"MaximisePower","floor":10},{"not_picked":["DC","GravityBeat"],"picked":"SporeBomb","floor":12},{"not_picked":["DragonMeteor","GalacticHalo"],"picked":"StarBarrage","floor":13},{"not_picked":["IllusionStar","GravityBeat","Acceleration"],"picked":"SKIP","floor":18},{"not_picked":["DoubleSpark+1","MeteoricShower"],"picked":"FairyDestructionRay+1","floor":19},{"not_picked":["EventHorizon","OpenUniverse+1"],"picked":"OortCloud","floor":25},{"not_picked":["SporeBomb","UnstableBomb+1"],"picked":"Singularity","floor":28},{"not_picked":["RefractionSpark","StarlightTyphoon"],"picked":"GalacticHalo","floor":29},{"not_picked":["GrandCross","Robbery"],"picked":"MilkyWay+1","floor":30},{"not_picked":["DoubleSpark","GravityBeat"],"picked":"PowerUp","floor":31},{"not_picked":["FinalSpark","BigCrunch"],"picked":"AbsoluteMagnitude","floor":33},{"not_picked":["Robbery+1","DC+1"],"picked":"EarthLightRay+1","floor":35},{"not_picked":["IllusionStar","6A+1"],"picked":"MilkyWay+1","floor":36},{"not_picked":["The Bomb","Purity"],"picked":"Panacea","floor":37},{"not_picked":["Orbital","Acceleration","GrandCross"],"picked":"SKIP","floor":39},{"not_picked":["StarBarrage","PowerUp"],"picked":"LuminesStrike+1","floor":40},{"not_picked":["DC+1","DragonMeteor"],"picked":"PulseMagic","floor":45},{"not_picked":["AsteroidBelt","MachineGunSpark","UnstableBomb"],"picked":"SKIP","floor":46},{"not_picked":["GravityBeat+1","ShootTheMoon+1","GasGiant"],"picked":"SKIP","floor":47},{"not_picked":["WitchOfGreed","CasketOfStar"],"picked":"OrrerysSun+1","floor":49}],"player_experience":765807,"relics_obtained":[{"floor":9,"key":"The Courier"},{"floor":10,"key":"Pear"},{"floor":13,"key":"WingedGreaves"},{"floor":19,"key":"Red Mask"},{"floor":25,"key":"Ginger"},{"floor":26,"key":"Matryoshka"},{"floor":29,"key":"Dream Catcher"},{"floor":40,"key":"Runesmith:Nanobots"},{"floor":41,"key":"Lizard Tail"},{"floor":43,"key":"Happy Flower"},{"floor":43,"key":"construct:FoamFinger"},{"floor":47,"key":"Molten Egg 2"}],"event_choices":[{"damage_healed":0,"gold_gain":0,"player_choice":"Grow","damage_taken":0,"max_hp_gain":0,"max_hp_loss":0,"event_name":"Living Wall","floor":2,"gold_loss":0,"cards_upgraded":["UpSweep"]},{"cards_removed":["Strike_MRS"],"damage_healed":0,"gold_gain":0,"player_choice":"Purged","damage_taken":0,"max_hp_gain":0,"max_hp_loss":0,"event_name":"Purifier","floor":4,"gold_loss":0},{"cards_removed":["Strike_MRS"],"damage_healed":0,"gold_gain":0,"player_choice":"Card Removal","damage_taken":7,"max_hp_gain":0,"max_hp_loss":0,"event_name":"Golden Wing","floor":14,"gold_loss":0},{"damage_healed":0,"gold_gain":0,"player_choice":"Fought Bandits","damage_taken":0,"max_hp_gain":0,"max_hp_loss":0,"event_name":"Masked Bandits","floor":19,"gold_loss":0},{"damage_healed":0,"gold_gain":0,"player_choice":"Opened","damage_taken":0,"relics_obtained":["Anchor"],"max_hp_gain":0,"max_hp_loss":0,"event_name":"The Mausoleum","floor":20,"gold_loss":0},{"cards_removed":["Defend_MRS"],"damage_healed":0,"gold_gain":0,"player_choice":"Elegance","damage_taken":0,"max_hp_gain":0,"max_hp_loss":0,"event_name":"Back to Basics","floor":22,"gold_loss":0},{"damage_healed":0,"gold_gain":0,"player_choice":"Ignored","damage_taken":0,"max_hp_gain":0,"max_hp_loss":0,"event_name":"Beggar","floor":24,"gold_loss":0},{"damage_healed":0,"gold_gain":0,"player_choice":"Memory 1","damage_taken":0,"max_hp_gain":0,"max_hp_loss":0,"event_name":"SensoryStone","floor":37,"gold_loss":0},{"cards_removed":["Defend_MRS"],"damage_healed":0,"gold_gain":0,"player_choice":"Purged","damage_taken":0,"max_hp_gain":0,"max_hp_loss":0,"event_name":"Purifier","floor":38,"gold_loss":0},{"damage_healed":0,"gold_gain":0,"player_choice":"Fight","damage_taken":0,"max_hp_gain":0,"max_hp_loss":0,"event_name":"Mysterious Sphere","floor":41,"gold_loss":0},{"cards_removed":["AbsoluteMagnitude"],"damage_healed":0,"gold_gain":0,"player_choice":"Removed Attack","damage_taken":0,"max_hp_gain":0,"max_hp_loss":0,"event_name":"Falling","floor":48,"gold_loss":0}],"is_beta":false,"boss_relics":[{"not_picked":["Tiny House","Coffee Dripper"],"picked":"Astrolabe"},{"not_picked":["Runic Pyramid","Runic Dome"],"picked":"Fusion Hammer"}],"items_purged_floors":[],"is_endless":false,"potions_floor_spawned":[1,10,16,19,28,33,35,39,40,47],"ascension_level":0}}