{"host":"9kesdg97wkrx2bva","time":1608190514,"event":{"mods":["AchievementEnabler","BaseMod","Colored Map","GifTheSpireLib","Infinite Spire","Minty Spire (QoL Compilation)","Replay The Spire","StSLib"],"gold_per_floor":[111,127,52,64,76,76,92,92,146,175,175,204,215,215,215,215,215],"floor_reached":16,"playtime":450,"items_purged":["Strike_G"],"score":233,"play_id":"1cb14ede-48c4-41c1-8f26-5c4a3189cffc","local_time":"20201217013514","is_ascension_mode":true,"campfire_choices":[{"data":"Deadly Poison","floor":6,"key":"SMITH"},{"data":"Adrenaline","floor":8,"key":"SMITH"},{"floor":11,"key":"REST"},{"data":"Deadly Poison","floor":15,"key":"SMITH"}],"circlet_count":0,"master_deck":["AscendersBane","Strike_G","Strike_G","Strike_G","Defend_G","Defend_G","Defend_G","Defend_G","Defend_G","Survivor","Neutralize","Poisoned Stab","Bane","Deadly Poison+1","Adrenaline+1","Bouncing Flask","Deadly Poison+1"],"relics":["Ring of the Snake","Vajra","Mercury Hourglass","Boot"],"acts_visited":["Exordium"],"potions_floor_usage":[7,16,16],"damage_taken":[{"damage":0,"enemies":"Cultist","floor":1,"turns":4},{"damage":0,"enemies":"Small Slimes","floor":2,"turns":3},{"damage":0,"enemies":"2 Louse","floor":4,"turns":2},{"damage":9,"enemies":"Gremlin Gang","floor":5,"turns":5},{"damage":24,"enemies":"Exordium Thugs","floor":7,"turns":7},{"damage":15,"enemies":"Lagavulin","floor":10,"turns":4},{"damage":0,"enemies":"Gremlin Nob","floor":12,"turns":3},{"damage":5,"enemies":"Red Slaver","floor":13,"turns":2},{"damage":35,"enemies":"Slime Boss","floor":16,"turns":5}],"seed_played":"4721722577421161830","potions_obtained":[{"floor":2,"key":"ColorlessPotion"},{"floor":7,"key":"Swift Potion"},{"floor":10,"key":"GamblersBrew"},{"floor":13,"key":"Adrenaline Potion"}],"is_trial":false,"path_per_floor":["M","M","$","M","M","R","M","R","T","E","R","E","M","?","R","B"],"character_chosen":"THE_SILENT","items_purchased":[],"campfire_rested":1,"item_purchase_floors":[],"current_hp_per_floor":[59,59,59,59,50,50,26,26,26,11,30,30,25,25,25,0,0],"gold":215,"neow_bonus":"THREE_CARDS","is_daily":false,"chose_seed":false,"campfire_upgraded":3,"win_rate":0.0,"timestamp":1608190514,"path_taken":["M","M","$","M","M","R","M","R","T","E","R","E","M","?","R","BOSS"],"items_purchased_type":[],"build_version":"2020-12-13","purchased_purges":1,"victory":false,"max_hp_per_floor":[66,66,66,66,66,66,66,66,66,66,66,66,66,66,66,66,66],"card_choices":[{"not_picked":["Replay:Poison Smokescreen","Terror"],"picked":"Poisoned Stab","floor":0},{"not_picked":["Flying Knee","Outmaneuver"],"picked":"Bane","floor":1},{"not_picked":["Cloak And Dagger","Underhanded Strike"],"picked":"Deadly Poison","floor":2},{"not_picked":["Distraction","Acrobatics","Dagger Throw"],"picked":"SKIP","floor":4},{"not_picked":["Flechettes","Dodge and Roll"],"picked":"Adrenaline","floor":5},{"not_picked":["Accuracy","Reflex"],"picked":"Bouncing Flask","floor":7},{"not_picked":["Dagger Throw","Underhanded Strike","Backflip"],"picked":"SKIP","floor":10},{"not_picked":["Acrobatics","Backflip","All Out Attack"],"picked":"SKIP","floor":12},{"not_picked":["PiercingWail","Hidden Blade"],"picked":"Deadly Poison","floor":13}],"player_experience":892556,"relics_obtained":[{"floor":9,"key":"Vajra"},{"floor":10,"key":"Mercury Hourglass"},{"floor":12,"key":"Boot"}],"event_choices":[{"cards_removed":["Strike_G"],"damage_healed":0,"gold_gain":0,"player_choice":"Forget","damage_taken":0,"max_hp_gain":0,"max_hp_loss":0,"event_name":"Living Wall","floor":14,"gold_loss":0}],"is_beta":false,"boss_relics":[],"items_purged_floors":[3],"is_endless":false,"potions_floor_spawned":[2,7,10,13],"killed_by":"Slime Boss","ascension_level":14}}