{"host":"cz3p2o9n3b1gdmkz","time":1608228401,"event":{"mods":["AchievementEnabler","BaseMod","CapriCore","GungeonMod","Hermit","Lobotomy","Minty Spire (QoL Compilation)","Replay The Spire","Shop Mod","StSLib","SuperFastMode","The Cursed","The Dragon Tamer","The Gatherer","The Jungle","The Poker Player","The Runesmith"],"gold_per_floor":[112,125,50,50,60,89,89,116,142,142,142,177,177,19,19,120,120,130,130,144,170,170,170,188,188,213,213,244,196,196,213,213,308,308,325,349,192,205,205,205,205,218,242,242,76,76,96,108,108,108,108],"floor_reached":52,"playtime":1532,"items_purged":["Languid"],"score":861,"play_id":"2235da8a-7a56-4e40-9e40-84cca9b3b2e1","local_time":"20201218030641","is_ascension_mode":true,"campfire_choices":[{"floor":7.0,"key":"REST"},{"data":"hermit:CursedWeapon","floor":11.0,"key":"SMITH"},{"data":"hermit:PistolWhip","floor":13.0,"key":"SMITH"},{"data":"hermit:BlackWind","floor":15.0,"key":"SMITH"},{"data":"hermit:Strike_Hermit","floor":23.0,"key":"SMITH"},{"data":"hermit:Strike_Hermit","floor":25.0,"key":"SMITH"},{"data":"hermit:Strike_Hermit","floor":32.0,"key":"SMITH"},{"data":"hermit:Strike_Hermit","floor":40.0,"key":"SMITH"},{"data":"hermit:Strike_Hermit","floor":46,"key":"SMITH"},{"floor":49,"key":"REST"}],"circlet_count":0,"master_deck":["hermit:Strike_Hermit","hermit:Strike_Hermit","hermit:Strike_Hermit","hermit:Strike_Hermit","hermit:Defend_Hermit","hermit:Defend_Hermit","hermit:Defend_Hermit","hermit:Snapshot","hermit:Covet","hermit:FinalCanter+1","hermit:CursedWeapon+1","hermit:PistolWhip+1","hermit:BlackWind+1","hermit:Magnum","Amnesia","Injury","Clumsy","hermit:BodyArmor","hermit:Gambit","Master of Strategy","Swift Strike","Amnesia","Apotheosis","hermit:Vantage+1"],"relics":["hermit:Momento","Kunai","Happy Flower","Bag of Preparation","DemoMod:PoisonVial","Replay:Ancient Bell","Simple Rune","Replay:Bottled Eggs","DemoMod:GundromedaStrain","Anchor","Toy Ornithopter","ReplayTheSpireMod:Lightbulb","Regal Pillow","ReplayTheSpireMod:TigerMarble","Pen Nib","Girya","Vajra","Ring of Searing","Counterbalance"],"acts_visited":["Exordium","TheCity","TheBeyond"],"potions_floor_usage":[45,48,50],"damage_taken":[{"damage":0.0,"enemies":"Cultist","floor":1.0,"turns":3.0},{"damage":4.0,"enemies":"Small Slimes","floor":2.0,"turns":4.0},{"damage":2.0,"enemies":"2 Louse","floor":5.0,"turns":2.0},{"damage":21.0,"enemies":"3 Sentries","floor":6.0,"turns":8.0},{"damage":9.0,"enemies":"Gremlin Nob","floor":8.0,"turns":3.0},{"damage":27.0,"enemies":"Lagavulin","floor":12.0,"turns":6.0},{"damage":2.0,"enemies":"Slime Boss","floor":16.0,"turns":5.0},{"damage":2.0,"enemies":"3 Byrds","floor":18.0,"turns":3.0},{"damage":0.0,"enemies":"Spheric Guardian","floor":20.0,"turns":1.0},{"damage":2.0,"enemies":"Shelled Parasite and Fungi","floor":24.0,"turns":1.0},{"damage":2.0,"enemies":"Gremlin Leader","floor":28.0,"turns":3.0},{"damage":2.0,"enemies":"Snake Plant","floor":31.0,"turns":2.0},{"damage":62.0,"enemies":"Automaton","floor":33.0,"turns":7.0},{"damage":2.0,"enemies":"Orb Walker","floor":35.0,"turns":1.0},{"damage":3.0,"enemies":"3 Darklings","floor":38.0,"turns":2.0},{"damage":5.0,"enemies":"Maw","floor":42.0,"turns":4.0},{"damage":0,"enemies":"Jaw Worm Horde","floor":47,"turns":2},{"damage":28,"enemies":"Writhing Mass","floor":48,"turns":2},{"damage":50,"enemies":"Replay:Hell Engine","floor":50,"turns":6}],"seed_played":"4498810154570275497","potions_obtained":[{"floor":2.0,"key":"Swift Potion"},{"floor":6.0,"key":"DuplicationPotion"},{"floor":8.0,"key":"Elixir"},{"floor":20.0,"key":"Adrenaline Potion"},{"floor":24.0,"key":"Regen Potion"},{"floor":33.0,"key":"Fire Potion"},{"floor":38.0,"key":"SmokeBomb"},{"floor":47,"key":"Languid Potion"}],"is_trial":false,"path_per_floor":["M","M","$","?","M","E","R","E","T","?","R","E","R","$","R","B",null,"M","?","M","T","?","R","M","R","T","$","E","$","T","M","R","B",null,"M","T","$","M","?","R","T","M","T","?","$","R","M","M","R","B",null,null],"character_chosen":"HERMIT","items_purchased":["hermit:BlackWind","Dexterity Potion","Pen Nib","Apotheosis","Counterbalance"],"campfire_rested":2,"item_purchase_floors":[14,29,37,45,45],"current_hp_per_floor":[68,64,64,57,55,34,56,47,47,47,47,20,20,20,20,18,61,59,59,59,59,59,59,57,57,57,57,55,55,55,53,53,1,57,55,55,55,52,42,42,42,37,37,37,42,42,42,19,55,24,24],"gold":108,"neow_bonus":"THREE_RARE_CARDS","is_daily":false,"chose_seed":false,"campfire_upgraded":8,"win_rate":0.0,"timestamp":1608228401,"path_taken":["M","M","?","?","M","E","R","E","T","?","R","E","R","$","R","BOSS","M","?","M","?","?","R","?","R","T","$","E","$","?","M","R","BOSS","M","?","$","M","?","R","?","M","T","?","$","R","M","M","R","BOSS"],"items_purchased_type":["Card","Potion","Relic","Card","Relic"],"build_version":"2020-12-13","purchased_purges":1,"victory":true,"max_hp_per_floor":[75,75,75,75,75,75,75,75,75,75,75,75,75,75,75,75,75,75,75,75,75,75,75,75,75,75,75,75,75,75,75,75,75,75,75,75,75,75,75,75,75,75,75,75,75,75,75,73,73,73,73],"card_choices":[{"not_picked":["hermit:Roughhouse","hermit:Reprieve"],"picked":"hermit:FinalCanter","floor":0.0},{"not_picked":["hermit:Coalescence","hermit:Misfire"],"picked":"hermit:CursedWeapon","floor":1.0},{"not_picked":["hermit:Horror","hermit:Coalescence","hermit:Glare"],"picked":"SKIP","floor":2.0},{"not_picked":["hermit:TakeAim","hermit:ItchyTrigger","hermit:Coalescence"],"picked":"SKIP","floor":5.0},{"not_picked":["hermit:Scavenge","hermit:Cheat"],"picked":"hermit:PistolWhip","floor":6.0},{"not_picked":["hermit:Horror","hermit:HoleUp"],"picked":"hermit:Headshot","floor":8.0},{"not_picked":["hermit:LowProfile","hermit:Spite","hermit:EyeOfTheStorm"],"picked":"SKIP","floor":12.0},{"not_picked":["hermit:Dissolve","hermit:OverwhelmingPower"],"picked":"hermit:Magnum","floor":16.0},{"not_picked":["CommonCold","ReplayTheSpireMod:Restless Dread"],"picked":"Amnesia","floor":17.0},{"not_picked":["CurseOfTheBell","ReplayTheSpireMod:Faulty Equipment"],"picked":"Injury","floor":17.0},{"not_picked":["ReplayTheSpireMod:Restless Dread","Shame"],"picked":"Clumsy","floor":17.0},{"not_picked":["hermit:Determination","hermit:Gestalt","hermit:Dive"],"picked":"SKIP","floor":18.0},{"not_picked":["hermit:Determination","hermit:Gestalt","hermit:Dive"],"picked":"SKIP","floor":18.0},{"not_picked":["hermit:Purgatory","hermit:Feint+1","hermit:Virtue"],"picked":"SKIP","floor":20.0},{"not_picked":["hermit:Midnight","hermit:ItchyTrigger","hermit:Feint"],"picked":"SKIP","floor":24.0},{"not_picked":["hermit:Snipe","hermit:Headshot","hermit:Glare"],"picked":"SKIP","floor":28.0},{"not_picked":["hermit:Enervate","hermit:HighCaliber","hermit:CursedWeapon"],"picked":"SKIP","floor":31.0},{"not_picked":["hermit:Purgatory","hermit:HeroicBravado"],"picked":"hermit:Gambit","floor":33.0},{"not_picked":["hermit:Dive","hermit:BigShot+1","hermit:Coalescence"],"picked":"SKIP","floor":35.0},{"not_picked":["hermit:Ricochet","hermit:Dive+1","hermit:Coalescence+1"],"picked":"SKIP","floor":38.0},{"not_picked":["DemoMod:Deposit","Swift Strike"],"picked":"Master of Strategy","floor":39.0},{"not_picked":["Transmutation","Secret Weapon"],"picked":"Swift Strike","floor":39.0},{"not_picked":["hermit:Dive","hermit:Ricochet","hermit:HoleUp+1"],"picked":"SKIP","floor":42.0},{"not_picked":["hermit:Quickdraw","hermit:Scavenge"],"picked":"hermit:Vantage+1","floor":47},{"not_picked":["hermit:Desperado+1","hermit:Quickdraw","hermit:DeadMansHand+1"],"picked":"SKIP","floor":48}],"player_experience":962247,"relics_obtained":[{"floor":6.0,"key":"Kunai"},{"floor":8.0,"key":"Happy Flower"},{"floor":9.0,"key":"Bag of Preparation"},{"floor":12.0,"key":"DemoMod:PoisonVial"},{"floor":21.0,"key":"Anchor"},{"floor":26.0,"key":"Toy Ornithopter"},{"floor":28.0,"key":"ReplayTheSpireMod:Lightbulb"},{"floor":30.0,"key":"Regal Pillow"},{"floor":36.0,"key":"ReplayTheSpireMod:TigerMarble"},{"floor":41.0,"key":"Girya"},{"floor":43.0,"key":"Vajra"},{"floor":44,"key":"Ring of Searing"}],"event_choices":[{"cards_removed":["hermit:Defend_Hermit"],"damage_healed":0.0,"max_hp_gain":0.0,"max_hp_loss":0.0,"gold_gain":0.0,"event_name":"Golden Wing","player_choice":"Card Removal","floor":4.0,"gold_loss":0.0,"damage_taken":7.0},{"damage_healed":0.0,"max_hp_gain":0.0,"max_hp_loss":0.0,"gold_gain":0.0,"cards_transformed":["hermit:Headshot"],"event_name":"Transmorgrifier","player_choice":"Transformed","floor":22.0,"gold_loss":0.0,"damage_taken":0.0,"cards_obtained":["hermit:BodyArmor"]},{"damage_healed":0.0,"max_hp_gain":0.0,"max_hp_loss":0.0,"gold_gain":0.0,"event_name":"SensoryStone","player_choice":"Memory 3","floor":39.0,"gold_loss":0.0,"damage_taken":10.0}],"is_beta":false,"boss_relics":[{"not_picked":["Runic Pyramid","Snecko Eye"],"picked":"Replay:Ancient Bell"},{"not_picked":["Gremlin Food","Grinning Jar"],"picked":"Simple Rune"},{"not_picked":["ReplayTheSpireMod:Ninjato","DemoMod:OrangeGuonStone"],"picked":"Replay:Bottled Eggs"},{"not_picked":["Shovel","DemoMod:Relodestone"],"picked":"DemoMod:GundromedaStrain"},{"not_picked":["Snecko Heart","Replay:Fungal Core","Replay:Wanted Poster"]}],"items_purged_floors":[3],"is_endless":false,"potions_floor_spawned":[2,6,8,20,24,33,38,47],"ascension_level":9}}