{"host":"n4fty02wqqi95laq","time":1608197767,"event":{"mods":["BaseMod","Highlight Path","Minty Spire (QoL Compilation)","Quick Restart","Rare Cards Sparkle","StSLib"],"gold_per_floor":[364,86,86,11,11,11,25,50,50,64,75,75,150,181,181,257,257,273,273,292,112,122,122,138,13,13,13,26,26,26,26],"floor_reached":30,"playtime":715,"items_purged":["Strike_P","Strike_P","Strike_P"],"score":526,"play_id":"650767cb-7ba3-499f-924e-ec3f686379f4","local_time":"20201217173607","is_ascension_mode":true,"campfire_choices":[{"data":"Eruption","floor":6.0,"key":"SMITH"},{"data":"Meditate","floor":12.0,"key":"SMITH"},{"data":"Adaptation","floor":15.0,"key":"SMITH"},{"data":"Study","floor":23.0,"key":"SMITH"},{"data":"Scrawl","floor":27.0,"key":"SMITH"}],"circlet_count":0,"master_deck":["AscendersBane","Strike_P+1","Defend_P","Defend_P","Eruption+1","Vigilance","FearNoEvil","WheelKick+1","Study+1","Vengeance","Adaptation+1","Meditate+1","TalkToTheHand","Establishment","Pray","Scrawl+1"],"relics":["PureWater","OrangePellets","Darkstone Periapt","Singing Bowl","PreservedInsect","Runic Pyramid","Ancient Tea Set","Whetstone"],"acts_visited":["Exordium","TheCity"],"potions_floor_usage":[28],"damage_taken":[{"damage":0.0,"enemies":"Small Slimes","floor":1.0,"turns":3.0},{"damage":0.0,"enemies":"Cultist","floor":7.0,"turns":2.0},{"damage":6.0,"enemies":"Gremlin Nob","floor":8.0,"turns":3.0},{"damage":0.0,"enemies":"2 Louse","floor":10.0,"turns":2.0},{"damage":1.0,"enemies":"Red Slaver","floor":11.0,"turns":2.0},{"damage":0.0,"enemies":"Lagavulin","floor":14.0,"turns":3.0},{"damage":31.0,"enemies":"Hexaghost","floor":16.0,"turns":6.0},{"damage":12.0,"enemies":"3 Byrds","floor":18.0,"turns":4.0},{"damage":6.0,"enemies":"Spheric Guardian","floor":20.0,"turns":3.0},{"damage":0.0,"enemies":"Snecko","floor":22.0,"turns":3.0},{"damage":15.0,"enemies":"Centurion and Healer","floor":24.0,"turns":3.0},{"damage":12,"enemies":"Shelled Parasite and Fungi","floor":28,"turns":2},{"damage":0,"enemies":"Snake Plant","floor":30,"turns":1}],"seed_played":"3680765252213403830","potions_obtained":[{"floor":1.0,"key":"BottledMiracle"},{"floor":7.0,"key":"SteroidPotion"},{"floor":16.0,"key":"PowerPotion"},{"floor":24.0,"key":"Swift Potion"},{"floor":28,"key":"FearPotion"}],"is_trial":false,"path_per_floor":["M","$","?","?","?","R","M","E","T","M","M","R","?","E","R","B",null,"M","?","M","$","M","R","M","$","T","R","M","?","M"],"character_chosen":"WATCHER","items_purchased":["WheelKick","OrangePellets","Scrawl"],"campfire_rested":0,"item_purchase_floors":[2,2,21],"current_hp_per_floor":[61,61,66,66,66,66,66,60,60,60,59,59,48,48,48,17,55,43,43,39,39,41,41,28,28,28,28,18,18,18,18],"gold":26,"neow_bonus":"TWO_FIFTY_GOLD","is_daily":false,"chose_seed":false,"campfire_upgraded":5,"win_rate":0.0,"timestamp":1608197767,"path_taken":["M","$","?","?","?","R","?","E","T","M","M","R","?","E","R","BOSS","M","?","M","$","M","R","M","$","T","R","?","?","M"],"items_purchased_type":["Card","Relic","Card"],"build_version":"2020-12-13","purchased_purges":3,"victory":false,"max_hp_per_floor":[62,62,67,67,67,67,67,67,67,67,67,67,67,67,67,67,67,67,67,69,69,71,71,73,73,73,73,75,75,75,75],"card_choices":[{"not_picked":["ClearTheMind","EmptyFist"],"picked":"FearNoEvil","floor":1.0},{"not_picked":["WheelKick","FollowUp"],"picked":"Vengeance","floor":7.0},{"not_picked":["Prostrate","EmptyBody"],"picked":"Adaptation","floor":8.0},{"not_picked":["Protect","Consecrate"],"picked":"Meditate","floor":10.0},{"not_picked":["CutThroughFate","Alpha"],"picked":"BowlingBash","floor":11.0},{"not_picked":["Meditate","CrushJoints"],"picked":"TalkToTheHand","floor":14.0},{"not_picked":["DeusExMachina","Brilliance"],"picked":"Establishment","floor":16.0},{"not_picked":["BowlingBash+1","Consecrate"],"picked":"Pray","floor":18.0},{"not_picked":["Study","FollowUp","BowlingBash+1"],"picked":"Singing Bowl","floor":20.0},{"not_picked":["CrushJoints","FlurryOfBlows","WindmillStrike"],"picked":"Singing Bowl","floor":22.0},{"not_picked":["PathToVictory","Swivel","Halt"],"picked":"Singing Bowl","floor":24.0},{"not_picked":["WaveOfTheHand","ForeignInfluence","Wireheading"],"picked":"Singing Bowl","floor":28}],"player_experience":618029,"relics_obtained":[{"floor":8.0,"key":"Darkstone Periapt"},{"floor":9.0,"key":"Singing Bowl"},{"floor":14.0,"key":"PreservedInsect"},{"floor":26.0,"key":"Whetstone"}],"event_choices":[{"damage_healed":0.0,"max_hp_gain":5.0,"max_hp_loss":0.0,"gold_gain":0.0,"event_name":"Big Fish","player_choice":"Donut","floor":3.0,"gold_loss":0.0,"damage_taken":0.0},{"cards_removed":["Defend_P"],"damage_healed":0.0,"max_hp_gain":0.0,"max_hp_loss":0.0,"gold_gain":0.0,"event_name":"The Cleric","player_choice":"Card Removal","floor":4.0,"gold_loss":75.0,"damage_taken":0.0},{"damage_healed":0.0,"max_hp_gain":0.0,"max_hp_loss":0.0,"gold_gain":0.0,"cards_transformed":["Defend_P"],"event_name":"Transmorgrifier","player_choice":"Transformed","floor":5.0,"gold_loss":0.0,"damage_taken":0.0,"cards_obtained":["Study"]},{"damage_healed":0.0,"max_hp_gain":0.0,"max_hp_loss":0.0,"gold_gain":75.0,"event_name":"World of Goop","player_choice":"Gather Gold","floor":13.0,"gold_loss":0.0,"damage_taken":11.0},{"cards_removed":["BowlingBash"],"damage_healed":0.0,"max_hp_gain":0.0,"max_hp_loss":0.0,"gold_gain":0.0,"event_name":"WeMeetAgain","player_choice":"Gave Card","floor":19.0,"gold_loss":0.0,"damage_taken":0.0,"relics_obtained":["Ancient Tea Set"]},{"damage_healed":0,"gold_gain":0,"player_choice":"Ignored","damage_taken":0,"max_hp_gain":0,"max_hp_loss":0,"event_name":"Vampires","floor":29,"gold_loss":0}],"is_beta":false,"boss_relics":[{"not_picked":["Tiny House","Velvet Choker"],"picked":"Runic Pyramid"}],"items_purged_floors":[2,21,25],"is_endless":false,"potions_floor_spawned":[1,7,8,16,18,24,28],"killed_by":"Snake Plant","ascension_level":20}}