{"host":"wukocnei7dgudpva","time":1608188793,"event":{"mods":["AchievementEnabler","BaseMod","Colored Map","Minty Spire (QoL Compilation)","Permanent Neow","Relic Filter","Relic Sorter","Relic Stats","StSLib","SuperFastMode"],"gold_per_floor":[118,193,207,223,223,223,223],"floor_reached":6,"playtime":180,"items_purged":[],"score":36,"play_id":"7387db77-a0e5-4227-8994-d6399fff79c8","local_time":"20201217160633","is_ascension_mode":false,"campfire_choices":[],"circlet_count":0,"master_deck":["Strike_P","Strike_P","Strike_P","Strike_P","Defend_P+1","Defend_P","Defend_P","Defend_P","Eruption+1","Vigilance"],"relics":["VioletLotus"],"acts_visited":["Exordium"],"potions_floor_usage":[],"damage_taken":[{"damage":3.0,"enemies":"2 Louse","floor":1.0,"turns":4.0},{"damage":0.0,"enemies":"Jaw Worm","floor":3.0,"turns":3.0},{"damage":4,"enemies":"Small Slimes","floor":4,"turns":3},{"damage":36,"enemies":"3 Sentries","floor":6,"turns":7}],"seed_played":"3070398628015241129","potions_obtained":[],"is_trial":false,"path_per_floor":["M","?","M","M","?","E"],"character_chosen":"WATCHER","items_purchased":[],"campfire_rested":0,"item_purchase_floors":[],"current_hp_per_floor":[69,58,58,54,40,4,4],"gold":223,"neow_bonus":"BOSS_RELIC","is_daily":false,"chose_seed":false,"campfire_upgraded":0,"win_rate":0.0,"timestamp":1608188793,"path_taken":["M","?","M","M","?","E"],"items_purchased_type":[],"build_version":"2020-12-13","purchased_purges":0,"victory":false,"max_hp_per_floor":[72,72,72,72,72,72,72],"relic_stats":{"counters":[4,17],"VioletLotus":[2],"obtain_stats":[{"VioletLotus":0,"PureWater":0},{"VioletLotus":0,"PureWater":0},{"VioletLotus":0,"PureWater":0}]},"card_choices":[{"not_picked":["JustLucky","Prostrate","CutThroughFate"],"picked":"SKIP","floor":1.0},{"not_picked":["FlyingSleeves","PathToVictory","Halt"],"picked":"SKIP","floor":3.0},{"not_picked":["Halt","FlurryOfBlows","LikeWater"],"picked":"SKIP","floor":4}],"player_experience":259530,"relics_obtained":[],"event_choices":[{"damage_healed":0.0,"max_hp_gain":0.0,"max_hp_loss":0.0,"gold_gain":75.0,"event_name":"World of Goop","player_choice":"Gather Gold","floor":2.0,"gold_loss":0.0,"damage_taken":11.0},{"damage_healed":0,"gold_gain":0,"player_choice":"Entered Light","damage_taken":14,"max_hp_gain":0,"max_hp_loss":0,"event_name":"Shining Light","floor":5,"gold_loss":0,"cards_upgraded":["Eruption","Defend_P"]}],"is_beta":false,"boss_relics":[],"items_purged_floors":[],"is_endless":false,"potions_floor_spawned":[],"killed_by":"3 Sentries","ascension_level":0}}