{"host":"6ko66ogg91i6g7xq","time":1608180159,"event":{"mods":["AchievementEnabler","Act Like it!","BaseMod","Colored Map","Colored Powertips","Downfall","Hermit","Minty Spire (QoL Compilation)","Quick Restart","Relic Stats","StSLib","The Jungle","everything is the same but u backflip on backflip"],"gold_per_floor":[119,119,119,119,394,425,444,470,470,470,487,130,150,164,164,260,260,271,283,115,115,65,65,93,93,93,93,128,145,160,193,193,293,293,304,317,317,317,317,317,352,352,352,160,160,174,205,205,205,205,205,205,15,15,15,15],"floor_reached":55,"playtime":2026,"items_purged":["Regret","Writhe"],"score":878,"play_id":"3dd306f8-8b90-436e-91c8-49ebd451ba5b","local_time":"20201216234239","is_ascension_mode":true,"campfire_choices":[{"floor":10,"key":"REST"},{"floor":15,"key":"RECALL"},{"data":"After Image","floor":23,"key":"SMITH"},{"data":"Accuracy","floor":25,"key":"SMITH"},{"floor":27,"key":"REST"},{"floor":32,"key":"REST"},{"data":"Infinite Blades","floor":40,"key":"SMITH"},{"data":"Adrenaline","floor":42,"key":"SMITH"},{"data":"Cloak And Dagger","floor":45,"key":"SMITH"},{"data":"Accuracy","floor":49,"key":"SMITH"},{"data":"expansioncontent:DefensiveMode","floor":52,"key":"SMITH"}],"circlet_count":0,"master_deck":["Strike_G","Strike_G","Strike_G","Strike_G","Defend_G","Defend_G","Defend_G","Defend_G","Defend_G","Survivor","Neutralize","Crippling Poison","Blade Dance","Dodge and Roll","Cloak And Dagger+1","Dagger Spray","Backflip","After Image+1","CurseOfTheBell","Infinite Blades+1","Accuracy+1","Adrenaline+1","Corpse Explosion","Leg Sweep","Blade Dance+1","The Bomb","expansioncontent:DefensiveMode+1","Accuracy+1","Caltrops"],"relics":["Ring of the Snake","NeowsBlessing","Shuriken","Blue Candle","Oddly Smooth Stone","Bag of Marbles","Membership Card","Akabeko","Blood Vial","Calling Bell","Ancient Tea Set","Pear","Thread and Needle","Singing Bowl","Art of War","Bottled Tornado","Centennial Puzzle","Strawberry","WristBlade","Toy Ornithopter","Pen Nib","Lee\u0027s Waffle","HornCleat","Sundial"],"acts_visited":["Exordium","TheCity","TheBeyond","TheEnding"],"potions_floor_usage":[14,16,24,29,31,31,41,46,47,50,54],"damage_taken":[{"damage":0,"enemies":"Jaw Worm","floor":1,"turns":1},{"damage":0,"enemies":"Gremlin Nob","floor":6,"turns":1},{"damage":0,"enemies":"Small Slimes","floor":7,"turns":1},{"damage":15,"enemies":"3 Sentries","floor":8,"turns":11},{"damage":0,"enemies":"Cultist","floor":11,"turns":3},{"damage":0,"enemies":"Blue Slaver","floor":13,"turns":2},{"damage":13,"enemies":"Exordium Thugs","floor":14,"turns":3},{"damage":12,"enemies":"The Guardian","floor":16,"turns":9},{"damage":18,"enemies":"2 Thieves","floor":18,"turns":4},{"damage":0,"enemies":"Chosen","floor":19,"turns":6},{"damage":17,"enemies":"Book of Stabbing","floor":24,"turns":8},{"damage":15,"enemies":"Slavers","floor":28,"turns":3},{"damage":8,"enemies":"3 Cultists","floor":29,"turns":4},{"damage":6,"enemies":"Shelled Parasite and Fungi","floor":30,"turns":5},{"damage":0,"enemies":"Gremlin Leader","floor":31,"turns":6},{"damage":38,"enemies":"Automaton","floor":33,"turns":10},{"damage":1,"enemies":"Orb Walker","floor":35,"turns":4},{"damage":0,"enemies":"3 Shapes","floor":36,"turns":2},{"damage":30,"enemies":"Nemesis","floor":41,"turns":5},{"damage":0,"enemies":"Jaw Worm Horde","floor":46,"turns":1},{"damage":4,"enemies":"Giant Head","floor":47,"turns":5},{"damage":59,"enemies":"Awakened One","floor":50,"turns":10},{"damage":8,"enemies":"Shield and Spear","floor":54,"turns":3},{"damage":147,"enemies":"The Heart","floor":55,"turns":8}],"seed_played":"5154962756602933427","potions_obtained":[{"floor":6,"key":"Poison Potion"},{"floor":8,"key":"Weak Potion"},{"floor":13,"key":"CultistPotion"},{"floor":14,"key":"FairyPotion"},{"floor":18,"key":"Dexterity Potion"},{"floor":28,"key":"SkillPotion"},{"floor":30,"key":"Block Potion"},{"floor":31,"key":"Dexterity Potion"},{"floor":41,"key":"SkillPotion"},{"floor":46,"key":"ColorlessPotion"}],"is_trial":false,"path_per_floor":["M","?","?","?","?","E","M","E","T","R","M","$","M","M","R","B",null,"M","M","$","?","$","R","E","R","T","R","E","M","M","E","R","B",null,"M","M","$","?","?","R","E","R","T","$","R","M","E","?","R","B",null,"R","$","E","B"],"character_chosen":"THE_SILENT","items_purchased":["Membership Card","Akabeko","Cloak And Dagger","Blood Vial","Singing Bowl","Accuracy","Pen Nib","Lee\u0027s Waffle","CunningPotion","Caltrops","SmokeBomb","Sundial"],"campfire_rested":3,"item_purchase_floors":[12,12,12,12,20,20,44,44,44,53,53,53],"current_hp_per_floor":[70,70,63,63,63,63,63,48,48,69,69,69,70,57,57,47,80,62,64,64,64,64,64,51,51,51,75,69,65,63,67,95,57,95,94,95,95,87,87,87,61,61,61,106,106,108,105,105,105,49,108,108,108,105,0,0],"gold":15,"neow_bonus":"THREE_ENEMY_KILL","is_daily":false,"chose_seed":false,"campfire_upgraded":7,"win_rate":0.0,"timestamp":1608180159,"path_taken":["M","?","?","?","?","E","M","E","T","R","M","$","M","M","R","BOSS","M","?","$","?","$","R","E","R","T","R","E","M","M","E","R","BOSS","M","M","$","?","?","R","E","R","T","$","R","M","E","?","R","BOSS","R","$","E","BOSS"],"items_purchased_type":["Relic","Relic","Card","Relic","Relic","Card","Relic","Relic","Potion","Card","Potion","Relic"],"build_version":"2020-12-13","purchased_purges":2,"victory":false,"max_hp_per_floor":[70,70,70,70,70,70,70,70,70,70,70,70,70,70,70,70,80,80,80,80,80,80,80,82,82,82,82,89,91,93,95,95,95,95,95,95,95,97,97,97,99,99,99,106,106,108,108,108,108,108,108,108,108,108,108,108],"relic_stats":{"Lee\u0027s Waffle":45,"Singing Bowl":14,"counters":[24,115],"Blue Candle":[7],"Pen Nib":[8],"Blood Vial":22,"Centennial Puzzle":[30],"Shuriken":[67],"Sundial":[0],"Art of War":[4],"obtain_stats":[{"Lee\u0027s Waffle":44,"Pear":17,"NeowsBlessing":0,"Singing Bowl":20,"Blue Candle":6,"Oddly Smooth Stone":8,"Thread and Needle":17,"Pen Nib":44,"Bottled Tornado":24,"Ancient Tea Set":17,"Akabeko":12,"Blood Vial":12,"Calling Bell":17,"Centennial Puzzle":26,"HornCleat":47,"WristBlade":34,"Shuriken":2,"Sundial":53,"Strawberry":28,"Bag of Marbles":9,"Art of War":21,"Membership Card":12,"Toy Ornithopter":41,"Ring of the Snake":0},{"Lee\u0027s Waffle":19,"Pear":8,"NeowsBlessing":0,"Singing Bowl":10,"Blue Candle":2,"Oddly Smooth Stone":4,"Thread and Needle":8,"Pen Nib":19,"Bottled Tornado":11,"Ancient Tea Set":8,"Akabeko":5,"Blood Vial":5,"Calling Bell":8,"Centennial Puzzle":11,"HornCleat":21,"WristBlade":16,"Shuriken":1,"Sundial":22,"Strawberry":12,"Bag of Marbles":4,"Art of War":10,"Membership Card":5,"Toy Ornithopter":19,"Ring of the Snake":0},{"Lee\u0027s Waffle":88,"Pear":31,"NeowsBlessing":0,"Singing Bowl":41,"Blue Candle":2,"Oddly Smooth Stone":14,"Thread and Needle":31,"Pen Nib":88,"Bottled Tornado":49,"Ancient Tea Set":31,"Akabeko":17,"Blood Vial":17,"Calling Bell":31,"Centennial Puzzle":49,"HornCleat":94,"WristBlade":77,"Shuriken":1,"Sundial":104,"Strawberry":52,"Bag of Marbles":14,"Art of War":41,"Membership Card":17,"Toy Ornithopter":88,"Ring of the Snake":0}],"Toy Ornithopter":7,"Ring of the Snake":[48]},"card_choices":[{"not_picked":["Outmaneuver","Dagger Throw"],"picked":"Crippling Poison","floor":1},{"not_picked":["Poisoned Stab","Outmaneuver"],"picked":"Blade Dance","floor":6},{"not_picked":["Deadly Poison","Bane"],"picked":"Dodge and Roll","floor":7},{"not_picked":["Outmaneuver","Catalyst","Noxious Fumes"],"picked":"SKIP","floor":8},{"not_picked":["Deadly Poison","Escape Plan","Dagger Throw"],"picked":"SKIP","floor":11},{"not_picked":["Noxious Fumes","Footwork"],"picked":"Dagger Spray","floor":13},{"not_picked":["Bane","Flechettes"],"picked":"Backflip","floor":14},{"not_picked":["Grand Finale","Malaise"],"picked":"After Image","floor":16},{"not_picked":["Footwork","Underhanded Strike+1"],"picked":"Infinite Blades","floor":18},{"not_picked":["Sucker Punch","All Out Attack+1","Dagger Throw"],"picked":"SKIP","floor":19},{"not_picked":["Bouncing Flask","Dodge and Roll","Distraction+1"],"picked":"Singing Bowl","floor":24},{"not_picked":["Infinite Blades","Dagger Throw"],"picked":"Adrenaline","floor":28},{"not_picked":["Calculated Gamble+1","Poisoned Stab","Deflect"],"picked":"Singing Bowl","floor":29},{"not_picked":["Flying Knee","Dash+1","Acrobatics"],"picked":"Singing Bowl","floor":30},{"not_picked":["Flying Knee","Slice","Calculated Gamble"],"picked":"Singing Bowl","floor":31},{"not_picked":["Bullet Time","Storm of Steel"],"picked":"Corpse Explosion","floor":33},{"not_picked":["Slice+1","Flying Knee+1"],"picked":"Leg Sweep","floor":35},{"not_picked":["Endless Agony+1","Predator"],"picked":"Blade Dance+1","floor":36},{"not_picked":["PanicButton","Discovery"],"picked":"The Bomb","floor":38},{"not_picked":["expansioncontent:Torchfire","PanicButton","Good Instincts"],"picked":"Singing Bowl","floor":38},{"not_picked":["expansioncontent:TimeRipple","expansioncontent:GoopSpray"],"picked":"expansioncontent:DefensiveMode","floor":38},{"not_picked":["Endless Agony+1","Flechettes+1","Deadly Poison+1"],"picked":"Singing Bowl","floor":41},{"not_picked":["All Out Attack","Slice","Quick Slash+1"],"picked":"Singing Bowl","floor":46},{"not_picked":["Concentrate","Bane+1"],"picked":"Accuracy","floor":47}],"player_experience":278592,"relics_obtained":[{"floor":6,"key":"Blue Candle"},{"floor":8,"key":"Oddly Smooth Stone"},{"floor":9,"key":"Bag of Marbles"},{"floor":17,"key":"Ancient Tea Set"},{"floor":17,"key":"Pear"},{"floor":17,"key":"Thread and Needle"},{"floor":24,"key":"Bottled Tornado"},{"floor":26,"key":"Centennial Puzzle"},{"floor":28,"key":"Strawberry"},{"floor":41,"key":"Toy Ornithopter"},{"floor":47,"key":"HornCleat"}],"event_choices":[{"damage_healed":0,"gold_gain":0,"player_choice":"Box","damage_taken":0,"relics_obtained":["Shuriken"],"max_hp_gain":0,"max_hp_loss":0,"event_name":"Big Fish","floor":2,"gold_loss":0,"cards_obtained":["Regret"]},{"cards_removed":["Regret"],"damage_healed":0,"gold_gain":0,"player_choice":"Card Removal","damage_taken":7,"max_hp_gain":0,"max_hp_loss":0,"event_name":"Golden Wing","floor":3,"gold_loss":0},{"damage_healed":0,"gold_gain":0,"player_choice":"Leave","damage_taken":0,"max_hp_gain":0,"max_hp_loss":0,"event_name":"The Cleric","floor":4,"gold_loss":0},{"damage_healed":0,"gold_gain":275,"player_choice":"Desecrate","damage_taken":0,"max_hp_gain":0,"max_hp_loss":0,"event_name":"Golden Shrine","floor":5,"gold_loss":0,"cards_obtained":["Regret"]},{"damage_healed":0,"gold_gain":0,"player_choice":"Opened","damage_taken":0,"relics_obtained":["Art of War"],"max_hp_gain":0,"max_hp_loss":0,"event_name":"The Mausoleum","floor":21,"gold_loss":0,"cards_obtained":["Writhe"]},{"damage_healed":0,"gold_gain":0,"player_choice":"Memory 3","damage_taken":10,"max_hp_gain":0,"max_hp_loss":0,"event_name":"SensoryStone","floor":38,"gold_loss":0},{"damage_healed":0,"gold_gain":0,"player_choice":"Ignored","damage_taken":0,"max_hp_gain":0,"max_hp_loss":0,"event_name":"Tomb of Lord Red Mask","floor":39,"gold_loss":0},{"cards_removed":["Strike_G"],"damage_healed":0,"gold_gain":0,"player_choice":"Removed Attack","damage_taken":0,"max_hp_gain":0,"max_hp_loss":0,"event_name":"Falling","floor":48,"gold_loss":0}],"is_beta":false,"boss_relics":[{"not_picked":["Sozu","Fusion Hammer"],"picked":"Calling Bell"},{"not_picked":["Astrolabe","Busted Crown"],"picked":"WristBlade"}],"items_purged_floors":[12,22],"is_endless":false,"potions_floor_spawned":[6,8,13,14,18,28,30,31,41,46],"killed_by":"The Heart","ascension_level":1}}