{"host":"wukocnei7dgudpva","time":1608247679,"event":{"mods":["AchievementEnabler","BaseMod","Colored Map","Minty Spire (QoL Compilation)","Permanent Neow","Relic Stats","StSLib","SuperFastMode"],"gold_per_floor":[218,40,57,57,71,71,106,106,131,166,166,266,291,306,306,426,426,439,463,463,463],"floor_reached":20,"playtime":2459,"items_purged":[],"score":184,"play_id":"adbf5c2c-e46e-4096-9ee6-d889f663d785","local_time":"20201218082759","is_ascension_mode":false,"campfire_choices":[{"floor":6.0,"key":"RECALL"},{"floor":8.0,"key":"REST"},{"floor":15.0,"key":"REST"}],"circlet_count":0,"master_deck":["Strike_G","Strike_G","Strike_G","Strike_G","Defend_G","Defend_G","Defend_G","Defend_G","Defend_G","Survivor","Neutralize","Deadly Poison","Caltrops","Caltrops","Flechettes","Burst","Noxious Fumes","Calculated Gamble","PiercingWail","Caltrops+1"],"relics":["Ring of the Snake","Golden Idol","Regal Pillow","Blood Vial","Prayer Wheel"],"acts_visited":["Exordium","TheCity"],"potions_floor_usage":[],"damage_taken":[{"damage":5.0,"enemies":"Small Slimes","floor":1.0,"turns":7.0},{"damage":2.0,"enemies":"2 Louse","floor":3.0,"turns":3.0},{"damage":1.0,"enemies":"Jaw Worm","floor":5.0,"turns":4.0},{"damage":11.0,"enemies":"Lagavulin","floor":7.0,"turns":7.0},{"damage":39.0,"enemies":"3 Sentries","floor":10.0,"turns":11.0},{"damage":0.0,"enemies":"Lots of Slimes","floor":13.0,"turns":6.0},{"damage":7.0,"enemies":"2 Fungi Beasts","floor":14.0,"turns":4.0},{"damage":31.0,"enemies":"Slime Boss","floor":16.0,"turns":12.0},{"damage":28,"enemies":"Spheric Guardian","floor":18,"turns":6},{"damage":8,"enemies":"3 Byrds","floor":19,"turns":5},{"damage":42,"enemies":"Snecko","floor":20,"turns":6}],"seed_played":"-7947179048209970767","potions_obtained":[{"floor":3.0,"key":"Block Potion"},{"floor":5.0,"key":"GhostInAJar"},{"floor":10.0,"key":"Block Potion"},{"floor":14.0,"key":"BlessingOfTheForge"}],"is_trial":false,"path_per_floor":["M","$","M","?","M","R","E","R","T","E","?","?","M","M","R","B",null,"M","M","M"],"character_chosen":"THE_SILENT","items_purchased":["EntropicBrew","Caltrops"],"campfire_rested":2,"item_purchase_floors":[2,2],"current_hp_per_floor":[65,65,63,46,45,45,34,70,70,31,31,31,33,28,64,35,70,42,36,0,0],"gold":463,"neow_bonus":"HUNDRED_GOLD","is_daily":false,"chose_seed":false,"campfire_upgraded":0,"win_rate":0.0,"timestamp":1608247679,"path_taken":["M","$","M","?","M","R","E","R","T","E","?","?","?","M","R","BOSS","M","M","M"],"items_purchased_type":["Potion","Card"],"build_version":"2020-12-13","purchased_purges":0,"victory":false,"max_hp_per_floor":[70,70,70,70,70,70,70,70,70,70,70,70,70,70,70,70,70,70,70,70,70],"relic_stats":{"Blood Vial":10,"Regal Pillow":30,"counters":[11,71],"Golden Idol":57,"Prayer Wheel":4,"obtain_stats":[{"Blood Vial":9,"Regal Pillow":7,"Golden Idol":4,"Prayer Wheel":10,"Ring of the Snake":0},{"Blood Vial":4,"Regal Pillow":4,"Golden Idol":2,"Prayer Wheel":5,"Ring of the Snake":0},{"Blood Vial":21,"Regal Pillow":21,"Golden Idol":10,"Prayer Wheel":32,"Ring of the Snake":0}],"Ring of the Snake":[22]},"card_choices":[{"not_picked":["Quick Slash","Eviscerate"],"picked":"Deadly Poison","floor":1.0},{"not_picked":["Calculated Gamble","Dodge and Roll"],"picked":"Caltrops","floor":3.0},{"not_picked":["Dodge and Roll","Expertise","Heel Hook"],"picked":"SKIP","floor":5.0},{"not_picked":["After Image","Riddle With Holes"],"picked":"Flechettes","floor":7.0},{"not_picked":["Prepared","Finisher"],"picked":"Burst","floor":10.0},{"not_picked":["Underhanded Strike","Poisoned Stab"],"picked":"Noxious Fumes","floor":13.0},{"not_picked":["Deadly Poison","Sucker Punch","Deflect"],"picked":"SKIP","floor":13.0},{"not_picked":["Dodge and Roll","Reflex"],"picked":"Calculated Gamble","floor":14.0},{"not_picked":["Dash","Reflex","Poisoned Stab"],"picked":"SKIP","floor":14.0},{"not_picked":["Tactician+1","Masterful Stab"],"picked":"PiercingWail","floor":18},{"not_picked":["Cloak And Dagger","Expertise","Bane"],"picked":"SKIP","floor":18},{"not_picked":["Crippling Poison","Tactician+1"],"picked":"Caltrops+1","floor":19},{"not_picked":["Dagger Throw","Prepared","Quick Slash+1"],"picked":"SKIP","floor":19}],"player_experience":263074,"relics_obtained":[{"floor":7.0,"key":"Regal Pillow"},{"floor":9.0,"key":"Blood Vial"},{"floor":10.0,"key":"Prayer Wheel"}],"event_choices":[{"damage_healed":0.0,"max_hp_gain":0.0,"max_hp_loss":0.0,"gold_gain":0.0,"event_name":"Golden Idol","player_choice":"Take Damage","floor":4.0,"gold_loss":0.0,"damage_taken":17.0,"relics_obtained":["Golden Idol"]},{"cards_removed":["Strike_G"],"damage_healed":0.0,"max_hp_gain":0.0,"max_hp_loss":0.0,"gold_gain":0.0,"event_name":"Living Wall","player_choice":"Forget","floor":11.0,"gold_loss":0.0,"damage_taken":0.0},{"damage_healed":0.0,"max_hp_gain":0.0,"max_hp_loss":0.0,"gold_gain":100.0,"event_name":"Golden Shrine","player_choice":"Pray","floor":12.0,"gold_loss":0.0,"damage_taken":0.0}],"is_beta":false,"boss_relics":[{"not_picked":["Sozu","Pandora\u0027s Box","Velvet Choker"]}],"items_purged_floors":[],"is_endless":false,"potions_floor_spawned":[3,5,10,14],"killed_by":"Snecko","ascension_level":0}}