{"host":"3xls0xm49ftugio7","time":1608221691,"event":{"mods":["2.2 Compatiblity","AchievementEnabler","Act Like it!","BaseMod","Colored Powertips","Downfall","GifTheSpireLib","Minty Spire (QoL Compilation)","Quick Restart","Relic Stats","StSLib"],"gold_per_floor":[99,130,130,162,162,181,205,217,227,227,240,240,24,41,58,159,159,159,259,289,289,317,417,464,483,220,220,237,398,76,91,110,209,209,209,227,260,278,378,378,405,72,72,99,152,102,102,113,127,127],"floor_reached":51,"playtime":3516,"items_purged":["champ:Strike","champ:Defend","champ:Defend","champ:Defend"],"score":901,"play_id":"945c5734-8561-4bf6-a13f-8b71c40dc43f","local_time":"20201217181451","is_ascension_mode":true,"campfire_choices":[{"data":"champ:Execute","floor":1,"key":"SMITH"},{"data":"champ:Devastate","floor":5,"key":"SMITH"},{"floor":10,"key":"REST"},{"data":"champ:PerfectForm","floor":18,"key":"SMITH"},{"floor":21,"key":"REST"},{"floor":27,"key":"REST"},{"data":"champ:IgnorePain","floor":35,"key":"SMITH"},{"data":"champ:VampiricStrike","floor":43,"key":"SMITH"}],"circlet_count":0,"master_deck":["champ:Strike+1","champ:Defend","champ:Execute+1","champ:Taunt","champ:HoldFirm","champ:Devastate+1","champ:Balance","champ:Control","champ:FlashCut","champ:SwordSigil","champ:IronFortress","champ:Lariat","champ:GladiatorsShout","champ:ShieldSlam+1","champ:PerfectForm+1","champ:DefensiveStyle","champ:IgnorePain+1","champ:Riposte","champ:VampiricStrike+1","champ:IgnorePain","champ:Haymaker+1","champ:DefensiveStyle","champ:VampiricStrike","champ:Backstep+1","champ:DeathBlow+1","champ:SkillfulDodge+1","expansioncontent:Collect","expansioncontent:Collect","champ:Duel+1"],"relics":["champ:ChampionCrown","Singing Bowl","Smiling Mask","Toy Ornithopter","champ:LiftRelic","Membership Card","Runic Pyramid","Whetstone","Bottled Tornado","MutagenicStrength","Juzu Bracelet","Question Card","hexamod:BolsterEngine","Mummified Hand","Torii","champ:ChampionCrownUpgraded","Anchor","White Beast Statue","Pantograph","Calipers"],"acts_visited":["Exordium","TheCity","TheBeyond"],"potions_floor_usage":[29,37],"damage_taken":[{"damage":35,"enemies":"3 Sentries","floor":2,"turns":10},{"damage":38,"enemies":"Gremlin Nob","floor":4,"turns":4},{"damage":7,"enemies":"Jaw Worm","floor":6,"turns":5},{"damage":0,"enemies":"Cultist","floor":8,"turns":3},{"damage":5,"enemies":"Small Slimes","floor":9,"turns":3},{"damage":5,"enemies":"Gremlin Gang","floor":11,"turns":3},{"damage":9,"enemies":"downfall:FleeingMerchant","floor":13,"turns":4},{"damage":9,"enemies":"2 Fungi Beasts","floor":14,"turns":3},{"damage":28,"enemies":"3 Louse","floor":15,"turns":6},{"damage":37,"enemies":"downfall:Watcher","floor":16,"turns":10},{"damage":95,"enemies":"Gremlin Leader","floor":20,"turns":11},{"damage":39,"enemies":"Book of Stabbing","floor":22,"turns":5},{"damage":25,"enemies":"downfall:Augmenter","floor":23,"turns":6},{"damage":20,"enemies":"Chosen","floor":25,"turns":3},{"damage":32,"enemies":"downfall:FleeingMerchant","floor":26,"turns":4},{"damage":33,"enemies":"Centurion and Healer","floor":28,"turns":5},{"damage":20,"enemies":"downfall:FleeingMerchant","floor":29,"turns":5},{"damage":18,"enemies":"Snake Plant","floor":31,"turns":3},{"damage":43,"enemies":"Shelled Parasite and Fungi","floor":32,"turns":4},{"damage":40,"enemies":"downfall:Ironclad","floor":33,"turns":5},{"damage":4,"enemies":"Orb Walker","floor":36,"turns":3},{"damage":101,"enemies":"Reptomancer","floor":37,"turns":6},{"damage":41,"enemies":"3 Shapes","floor":38,"turns":4},{"damage":27,"enemies":"downfall:LadyInBlue","floor":39,"turns":6},{"damage":80,"enemies":"Nemesis","floor":44,"turns":7},{"damage":49,"enemies":"2 Orb Walkers","floor":45,"turns":5},{"damage":54,"enemies":"Spire Growth","floor":48,"turns":4},{"damage":58,"enemies":"4 Shapes","floor":49,"turns":10},{"damage":146,"enemies":"downfall:Defect","floor":50,"turns":10}],"seed_played":"8816778032940316590","potions_obtained":[{"floor":6,"key":"Swift Potion"},{"floor":9,"key":"sneckomod:MuddlingPotion"},{"floor":11,"key":"champ:OpenerPotion"},{"floor":14,"key":"Energy Potion"},{"floor":22,"key":"SkillPotion"},{"floor":31,"key":"SpeedPotion"},{"floor":32,"key":"Swift Potion"},{"floor":33,"key":"FairyPotion"},{"floor":38,"key":"BlessingOfTheForge"},{"floor":39,"key":"FearPotion"},{"floor":39,"key":"Slimebound:ThreeZeroPotion"}],"is_trial":false,"path_per_floor":["R","E","?","E","R","M","T","M","M","R","M","?","$","M","M","B",null,"R","?","E","R","E","?","T","M","$","R","M","$","$","M","M","B",null,"R","M","E","M","?","?","T","?","R","E","?","$","?","M","M","B",null],"character_chosen":"THE_CHAMP","items_purchased":["Membership Card","champ:IronFortress","champ:Lariat","champ:IgnorePain","Question Card","hexamod:BolsterEngine","champ:DefensiveStyle","Mummified Hand","Torii"],"campfire_rested":3,"item_purchase_floors":[13,13,13,26,26,29,29,30,30],"current_hp_per_floor":[90,70,55,29,29,22,22,22,22,49,49,49,51,48,39,15,94,94,94,26,54,33,18,18,8,28,58,69,94,94,99,106,98,106,106,107,71,92,113,123,123,138,138,138,124,124,116,140,140,98],"gold":127,"neow_bonus":"ONE_RANDOM_RARE_CARD","is_daily":false,"chose_seed":false,"campfire_upgraded":5,"win_rate":0.0,"timestamp":1608221691,"path_taken":["R","E","?","E","R","?","T","M","M","R","M","?","$","M","M","BOSS","R","?","E","R","E","?","T","M","?","R","M","$","$","M","M","BOSS","R","M","E","M","?","?","T","?","R","E","?","$","?","M","M","BOSS"],"items_purchased_type":["Relic","Card","Card","Card","Relic","Relic","Card","Relic","Relic"],"build_version":"2020-12-13","purchased_purges":4,"victory":true,"max_hp_per_floor":[90,90,90,92,92,92,92,92,92,92,92,92,94,94,94,94,94,94,94,96,96,96,98,98,100,102,102,102,104,104,106,106,106,106,106,108,108,113,113,123,123,138,138,138,138,138,140,140,140,150],"relic_stats":{"Singing Bowl":20,"Torii":9,"counters":[29,157],"Mummified Hand":[67],"Pantograph":0,"Juzu Bracelet":2,"Whetstone":["champ:Strike","champ:ShieldSlam"],"Smiling Mask":26,"Question Card":19,"obtain_stats":[{"Calipers":45,"Singing Bowl":2,"Torii":30,"champ:ChampionCrown":0,"champ:ChampionCrownUpgraded":34,"Juzu Bracelet":24,"Whetstone":20,"Bottled Tornado":22,"Smiling Mask":4,"Question Card":26,"White Beast Statue":39,"Anchor":37,"Mummified Hand":30,"champ:LiftRelic":12,"MutagenicStrength":23,"Pantograph":44,"Membership Card":13,"hexamod:BolsterEngine":29,"Toy Ornithopter":7,"Runic Pyramid":17},{"Calipers":26,"Singing Bowl":1,"Torii":17,"champ:ChampionCrown":0,"champ:ChampionCrownUpgraded":20,"Juzu Bracelet":13,"Whetstone":11,"Bottled Tornado":12,"Smiling Mask":2,"Question Card":15,"White Beast Statue":24,"Anchor":22,"Mummified Hand":17,"champ:LiftRelic":6,"MutagenicStrength":13,"Pantograph":25,"Membership Card":7,"hexamod:BolsterEngine":17,"Toy Ornithopter":3,"Runic Pyramid":10},{"Calipers":133,"Singing Bowl":10,"Torii":90,"champ:ChampionCrown":0,"champ:ChampionCrownUpgraded":102,"Juzu Bracelet":73,"Whetstone":62,"Bottled Tornado":67,"Smiling Mask":14,"Question Card":80,"White Beast Statue":121,"Anchor":111,"Mummified Hand":90,"champ:LiftRelic":28,"MutagenicStrength":73,"Pantograph":128,"Membership Card":32,"hexamod:BolsterEngine":90,"Toy Ornithopter":19,"Runic Pyramid":51}],"Toy Ornithopter":10},"card_choices":[{"not_picked":["champ:RageSigil","champ:BerserkerStyle"],"picked":"champ:Devastate","floor":2},{"not_picked":["champ:EndlessRage","champ:BerserkerStyle","champ:FocusedBerserking"],"picked":"Singing Bowl","floor":4},{"not_picked":["champ:Haymaker","champ:Duel"],"picked":"champ:Balance","floor":6},{"not_picked":["champ:BerserkersShout","champ:ShieldSigil"],"picked":"champ:Control","floor":8},{"not_picked":["champ:AdrenalArmor","champ:FalseCounter"],"picked":"champ:FlashCut","floor":9},{"not_picked":["champ:FocusedGladiator","champ:FanOfKnives"],"picked":"champ:SwordSigil","floor":11},{"not_picked":["champ:GladiatorsShout","champ:GladiatorStyle","champ:BringItOn"],"picked":"Singing Bowl","floor":13},{"not_picked":["champ:PerfectedStrike","champ:FanOfKnives"],"picked":"champ:GladiatorsShout","floor":14},{"not_picked":["champ:StanceDance","champ:TornadoPunch"],"picked":"champ:ShieldSlam","floor":15},{"not_picked":["champ:SteelEdge","champ:VampiricStrike"],"picked":"champ:PerfectForm","floor":16},{"not_picked":["champ:GladiatorsShout+1","champ:AdrenalArmor","champ:Encircle"],"picked":"Singing Bowl","floor":20},{"not_picked":["champ:SwordSigil","champ:ArenaPreparation"],"picked":"champ:DefensiveStyle","floor":22},{"not_picked":["J.A.X."],"picked":"Singing Bowl","floor":23},{"not_picked":["champ:CalledShot+1","champ:Circumvent+1"],"picked":"champ:VampiricStrike","floor":23},{"not_picked":["champ:EnragedBash","champ:EnGarde","champ:CrookedStrike"],"picked":"Singing Bowl","floor":25},{"not_picked":["champ:Circumvent","champ:CrownThrow","champ:Balance"],"picked":"Singing Bowl","floor":26},{"not_picked":["champ:DefensiveShout+1","champ:ShieldWall+1","champ:RisingSlash+1"],"picked":"champ:Haymaker+1","floor":28},{"not_picked":["champ:TornadoPunch+1","champ:BerserkersShout","champ:DefensiveShout","champ:PerfectedStrike+1"],"picked":"Singing Bowl","floor":29},{"not_picked":["champ:AdrenalArmor","champ:Circumvent","champ:Backstep","champ:PerfectedStrike+1"],"picked":"Singing Bowl","floor":31},{"not_picked":["champ:PerfectedStrike","champ:FlashCut","champ:Encircle"],"picked":"champ:HeavySlash","floor":32},{"not_picked":["champ:MurderStrike","champ:HeavySlash","champ:IgnorePain"],"picked":"champ:VampiricStrike","floor":33},{"not_picked":["champ:Haymaker","champ:Riposte","champ:AdrenalArmor","champ:CrookedStrike"],"picked":"Singing Bowl","floor":36},{"not_picked":["champ:FanOfKnives","champ:RapidStrikes","champ:Encircle+1"],"picked":"champ:FightOn","floor":37},{"not_picked":["champ:CalledShot+1","champ:CrookedStrike+1","champ:FaceSlap+1"],"picked":"champ:Backstep+1","floor":38},{"not_picked":["champ:Circumvent+1","champ:Shatter","champ:Aggression+1"],"picked":"champ:DeathBlow+1","floor":39},{"not_picked":["champ:TornadoPunch","champ:PerfectedStrike+1","champ:CrookedStrike+1"],"picked":"champ:FightOn","floor":44},{"not_picked":["champ:FlashCut","champ:StanceDance+1","champ:FaceSlap+1"],"picked":"champ:SkillfulDodge+1","floor":45},{"not_picked":["expansioncontent:DonusPower","expansioncontent:PrepareCrush","expansioncontent:Flail"],"picked":"expansioncontent:Collect","floor":47},{"not_picked":["expansioncontent:LastStand","expansioncontent:ManipulateTime","expansioncontent:Sear"],"picked":"expansioncontent:Collect","floor":47},{"not_picked":["expansioncontent:GoopSpray","expansioncontent:FaceSlap","expansioncontent:Flail","expansioncontent:DecasProtection"],"picked":"Singing Bowl","floor":47},{"not_picked":["champ:FalseCounter","champ:SkillfulDodge+1","champ:HeartStrike+1"],"picked":"champ:Duel+1","floor":48},{"not_picked":["champ:Encircle+1","champ:FocusedDefense","champ:CalledShot+1"],"picked":"champ:FightOn","floor":49}],"player_experience":808929,"relics_obtained":[{"floor":2,"key":"Singing Bowl"},{"floor":4,"key":"Smiling Mask"},{"floor":7,"key":"Toy Ornithopter"},{"floor":20,"key":"Whetstone"},{"floor":22,"key":"Bottled Tornado"},{"floor":23,"key":"MutagenicStrength"},{"floor":24,"key":"Juzu Bracelet"},{"floor":37,"key":"Anchor"},{"floor":39,"key":"White Beast Statue"},{"floor":44,"key":"Pantograph"},{"floor":45,"key":"Calipers"}],"event_choices":[{"cards_removed":["champ:HeavySlash"],"damage_healed":0,"gold_gain":0,"player_choice":"Offered Rare","damage_taken":0,"max_hp_gain":10,"max_hp_loss":0,"event_name":"Bonfire Elementals","floor":40,"gold_loss":0},{"damage_healed":0,"gold_gain":0,"player_choice":"Fight","damage_taken":0,"max_hp_gain":0,"max_hp_loss":0,"event_name":"Mysterious Sphere","floor":45,"gold_loss":0}],"is_beta":false,"boss_relics":[{"not_picked":["Black Star","Pandora\u0027s Box"],"picked":"Runic Pyramid"},{"not_picked":["Coffee Dripper","Fusion Hammer"],"picked":"champ:ChampionCrownUpgraded"}],"items_purged_floors":[26,29,30,46],"is_endless":false,"potions_floor_spawned":[6,9,11,14,22,28,31,32,33,38,44,45,48,49],"ascension_level":2}}