{"host":"zxezw9t7myeayiva","time":1608169603,"event":{"mods":["2.2 Compatiblity","Act Like it!","BaseMod","Colored Map","Downfall","Hallownest","Hermit","Infinite Spire","Lobotomy","Marisa????????","Minty Spire (QoL Compilation)","Replay The Spire","Somnambulant","StSLib","The Animator","The Cursed","The Disciple","The Hierophant","The Jungle","The Servant 0.9.4"],"gold_per_floor":[362,362,362,1,15,15,43,43,43,76,92,92,119,134,134,239,239,250,99,99,124,124,137,172,185,185,185,210,210,236,236,236,332,332,351,366,416,416,431,431,457,457,480,527,802,822,855,865,865,865],"floor_reached":51,"playtime":6789,"items_purged":["Languid"],"score":709,"play_id":"0cb1df9a-74b3-4522-b2cc-7b07a3b72111","local_time":"20201216194643","is_ascension_mode":true,"campfire_choices":[{"data":"Zap","floor":6,"key":"SMITH"},{"data":"Ball Lightning","floor":8,"key":"SMITH"},{"data":"Thunder Strike","floor":12,"key":"SMITH"},{"floor":15,"key":"REST"},{"data":"Inflame","floor":15,"key":"SMITH"},{"floor":27,"key":"REST"},{"data":"Echo Form","floor":27,"key":"SMITH"},{"data":"Hyperbeam","floor":29,"key":"SMITH"},{"floor":32,"key":"REST"},{"data":"expansioncontent:Chronoboost","floor":32,"key":"SMITH"},{"data":"Meteor Strike","floor":40,"key":"SMITH"},{"data":"FTL","floor":42,"key":"SMITH"}],"circlet_count":0,"master_deck":["Defend_B","Defend_B","Defend_B","Zap+1","Dualcast","Ball Lightning+1","Compile Driver","Thunder Strike+1","Auto Shields+1","Reprogram+1","Inflame+1","Echo Form+1","Replay:Sluggish","BlackAim","Reboot+1","expansioncontent:Chronoboost+1","infinitespire:Collect+1","Stack+1","Bite","Bite","Bite","Bite","Bite","FIFO Queue","infinitespire:TheBestDefense+1","Turbo+1","ReplayRNGCard+1","Hyperbeam+1","Meteor Strike+1","ReplayTheSpireMod:Calculation Training+1","Seek+1","FTL+1","Parasite","Time Bomb+1","Regret","ReplaySort+1","Fusion+1","Beam Cell"],"relics":["m_GuardianBlood","infinitespire:Cubic Diamond","Replay:Antivirus Software","infinitespire:Magic Flask","Blue Doll","Toxic Egg 2","Mercury Hourglass","ReplayTheSpireMod:TigerMarble","ReplayTheSpireMod:SealedPack","Anchor","Red Mask","infinitespire:Golems Mask","Cables","Letter Opener","InkBottle","Replay:Bronze Core","Incense Burner","Centennial Puzzle","ReplayFunnel","Lizard Tail","Peace Pipe"],"acts_visited":["Exordium","TheCity","TheBeyond"],"potions_floor_usage":[10,16,21,35,36,47,50,50,51],"damage_taken":[{"damage":6,"enemies":"2 Louse","floor":1,"turns":2},{"damage":11,"enemies":"Small Slimes","floor":5,"turns":3},{"damage":22,"enemies":"Gremlin Nob","floor":7,"turns":4},{"damage":16,"enemies":"3 Sentries","floor":10,"turns":5},{"damage":0,"enemies":"Cultist","floor":11,"turns":3},{"damage":23,"enemies":"Lagavulin","floor":13,"turns":6},{"damage":0,"enemies":"Blue Slaver","floor":14,"turns":2},{"damage":24,"enemies":"Slime Boss","floor":16,"turns":9},{"damage":18,"enemies":"3 Byrds","floor":18,"turns":5},{"damage":42,"enemies":"Masked Bandits","floor":21,"turns":4},{"damage":0,"enemies":"2 Thieves","floor":23,"turns":3},{"damage":34,"enemies":"Gremlin Leader","floor":24,"turns":9},{"damage":23,"enemies":"Sentry and Sphere","floor":25,"turns":5},{"damage":26,"enemies":"Book of Stabbing","floor":28,"turns":5},{"damage":11,"enemies":"Gremlin Leader","floor":30,"turns":6},{"damage":14,"enemies":"Automaton","floor":33,"turns":6},{"damage":0,"enemies":"3 Shapes","floor":35,"turns":3},{"damage":0,"enemies":"3 Darklings","floor":36,"turns":3},{"damage":0,"enemies":"Mind Bloom Boss Battle","floor":37,"turns":6},{"damage":21,"enemies":"Writhing Mass","floor":39,"turns":6},{"damage":13,"enemies":"Giant Head","floor":41,"turns":6},{"damage":19,"enemies":"2 Orb Walkers","floor":44,"turns":3},{"damage":11,"enemies":"Sphere and 2 Shapes","floor":46,"turns":4},{"damage":20,"enemies":"Nemesis","floor":47,"turns":5},{"damage":0,"enemies":"Maw","floor":48,"turns":3},{"damage":58,"enemies":"Replay:Hell Engine","floor":50,"turns":9},{"damage":24,"enemies":"Malkuth","floor":51,"turns":7},{"damage":16,"enemies":"Hod","floor":51,"turns":9}],"seed_played":"-7837129996682173260","potions_obtained":[{"floor":7,"key":"champ:CounterPotion"},{"floor":10,"key":"SpeedPotion"},{"floor":16,"key":"Flashbang"},{"floor":18,"key":"Death Potion"},{"floor":28,"key":"EssenceOfDarkness"},{"floor":33,"key":"SpeedPotion"},{"floor":35,"key":"Guardian:BlockOnCardUsePotion"},{"floor":41,"key":"Doom Potion"},{"floor":46,"key":"champ:CounterPotion"},{"floor":47,"key":"Regen Potion"}],"is_trial":false,"path_per_floor":["M","?","?","$","M","R","E","R","T","E","M","R","E","M","R","B",null,"M","$","?","?","AVR","M","E","M","T","R","E","R","E","?","R","B",null,"M","M","?","?","M","R","E","R","T","?","?","M","E","M","R_BF","B",null],"character_chosen":"DEFECT","items_purchased":["infinitespire:Magic Flask","Anchor"],"campfire_rested":3,"item_purchase_floors":[4,19],"current_hp_per_floor":[69,69,69,69,64,64,48,48,48,38,44,44,27,33,55,37,75,63,63,52,24,24,39,36,31,31,46,38,38,45,37,54,54,57,57,57,57,57,53,53,57,57,57,48,48,54,57,57,57,22],"gold":865,"neow_bonus":"TWO_FIFTY_GOLD","is_daily":false,"chose_seed":false,"campfire_upgraded":9,"win_rate":0.0,"timestamp":1608169603,"path_taken":["M","?","?","$","?","R","E","R","T","E","M","R","E","M","R","BOSS","M","$","?","?","AVR","?","E","M","T","R","E","R","E","?","R","BOSS","M","M","?","?","?","R","E","R","T","?","?","?","E","M","R_BF","BOSS"],"items_purchased_type":["Relic","Relic"],"build_version":"2020-12-13","purchased_purges":1,"victory":true,"max_hp_per_floor":[75,75,75,75,75,75,75,75,75,75,75,75,75,75,75,75,75,75,75,52,52,52,52,52,52,52,52,52,52,52,57,57,57,57,57,57,57,57,57,57,57,57,57,57,57,57,57,57,57,57],"card_choices":[{"not_picked":["Rebound","Steam"],"picked":"Ball Lightning","floor":1},{"not_picked":["FTL","Redo"],"picked":"Compile Driver","floor":5},{"not_picked":["Coolheaded","BasicCrystalCard"],"picked":"Thunder Strike","floor":7},{"not_picked":["ReplayTheSpireMod:GoodbyeWorld","Stack+1"],"picked":"Auto Shields+1","floor":10},{"not_picked":["Leap+1","Consume+1"],"picked":"Reprogram+1","floor":11},{"not_picked":["Melter","Streamline","Guardian:WalkerClaw"],"picked":"SKIP","floor":13},{"not_picked":["Storm","Massacre"],"picked":"Inflame","floor":14},{"not_picked":["Fission+1","Multi-Cast+1"],"picked":"Echo Form","floor":16},{"not_picked":["UpSweep","champ:Execute"],"picked":"BlackAim","floor":17},{"not_picked":["Rainbow","Amplify"],"picked":"Reboot","floor":17},{"not_picked":["Replay:Sssssssssshield","Panacea"],"picked":"expansioncontent:Chronoboost","floor":17},{"not_picked":["infinitespire:NeuralNetwork","infinitespire:FutureSight"],"picked":"infinitespire:Collect","floor":17},{"not_picked":["Genetic Algorithm+1","Echo Form"],"picked":"Stack+1","floor":18},{"not_picked":["Go for the Eyes","BootSequence+1"],"picked":"FIFO Queue","floor":21},{"not_picked":["Sweeping Beam+1","Stack+1"],"picked":"Turbo+1","floor":23},{"not_picked":["Go for the Eyes","Undo+1"],"picked":"ReplayRNGCard+1","floor":24},{"not_picked":["Stack+1","Streamline","Redo+1"],"picked":"SKIP","floor":25},{"not_picked":["Coolheaded+1","Rip and Tear"],"picked":"Hyperbeam","floor":28},{"not_picked":["Lockon","Turbo+1","Rebound+1"],"picked":"SKIP","floor":30},{"not_picked":["ReplayTheSpireMod:Omega Cannon","Biased Cognition"],"picked":"Meteor Strike","floor":33},{"not_picked":["Leap+1","Aggregate+1","Blizzard"],"picked":"SKIP","floor":35},{"not_picked":["Barrage+1","Melter+1"],"picked":"ReplayTheSpireMod:Calculation Training+1","floor":36},{"not_picked":["Turbo+1","Rip and Tear+1"],"picked":"Seek+1","floor":37},{"not_picked":["Stack+1","Leap+1"],"picked":"Time Bomb+1","floor":39},{"not_picked":["Barrage","BasicCrystalCard+1","Rebound"],"picked":"SKIP","floor":41},{"not_picked":["Gash+1","Capacitor+1"],"picked":"ReplaySort+1","floor":46},{"not_picked":["Chaos+1","BasicCrystalCard+1"],"picked":"Fusion+1","floor":47},{"not_picked":["Cold Snap+1","Ball Lightning+1"],"picked":"Beam Cell","floor":48}],"player_experience":313929,"relics_obtained":[{"floor":3,"key":"Replay:Antivirus Software"},{"floor":7,"key":"Blue Doll"},{"floor":9,"key":"Toxic Egg 2"},{"floor":10,"key":"Mercury Hourglass"},{"floor":13,"key":"ReplayTheSpireMod:TigerMarble"},{"floor":21,"key":"Red Mask"},{"floor":24,"key":"infinitespire:Golems Mask"},{"floor":26,"key":"Cables"},{"floor":28,"key":"Letter Opener"},{"floor":30,"key":"InkBottle"},{"floor":37,"key":"Incense Burner"},{"floor":41,"key":"Centennial Puzzle"},{"floor":43,"key":"ReplayFunnel"},{"floor":44,"key":"Lizard Tail"},{"floor":47,"key":"Peace Pipe"}],"event_choices":[{"damage_healed":0,"gold_gain":0,"player_choice":"Relic","damage_taken":0,"max_hp_gain":0,"max_hp_loss":0,"event_name":"Wheel of Change","floor":3,"gold_loss":0},{"damage_healed":0,"gold_gain":0,"player_choice":"Became a vampire","damage_taken":0,"max_hp_gain":0,"max_hp_loss":23,"event_name":"Vampires","floor":20,"gold_loss":0,"cards_obtained":["Bite","Bite","Bite","Bite","Bite"]},{"damage_healed":0,"gold_gain":0,"player_choice":"Fought Bandits","damage_taken":0,"max_hp_gain":0,"max_hp_loss":0,"event_name":"Masked Bandits","floor":21,"gold_loss":0},{"damage_healed":0,"gold_gain":0,"player_choice":"Shed Blood","damage_taken":13,"max_hp_gain":5,"max_hp_loss":0,"event_name":"Forgotten Altar","floor":31,"gold_loss":0},{"damage_healed":0,"gold_gain":0,"player_choice":"Fight","damage_taken":0,"max_hp_gain":0,"max_hp_loss":0,"event_name":"MindBloom","floor":37,"gold_loss":0},{"damage_healed":0,"gold_gain":0,"cards_transformed":["Defend_B"],"player_choice":"Transformed","damage_taken":0,"max_hp_gain":0,"max_hp_loss":0,"event_name":"Transmorgrifier","floor":38,"gold_loss":0,"cards_obtained":["FTL"]},{"damage_healed":0,"gold_gain":0,"player_choice":"Fight","damage_taken":0,"max_hp_gain":0,"max_hp_loss":0,"event_name":"Mysterious Sphere","floor":44,"gold_loss":0},{"damage_healed":0,"gold_gain":275,"player_choice":"Desecrate","damage_taken":0,"max_hp_gain":0,"max_hp_loss":0,"event_name":"Golden Shrine","floor":45,"gold_loss":0,"cards_obtained":["Regret"]},{"damage_healed":0,"gold_gain":0,"player_choice":"0 cards matched","damage_taken":0,"max_hp_gain":0,"max_hp_loss":0,"event_name":"Match and Keep!","floor":49,"gold_loss":0,"cards_obtained":[]}],"is_beta":false,"boss_relics":[{"not_picked":["Inserter","Replay:Grab Bag"],"picked":"ReplayTheSpireMod:SealedPack"},{"not_picked":["Velvet Choker","Snecko Eye"],"picked":"Replay:Bronze Core"}],"items_purged_floors":[4],"is_endless":false,"potions_floor_spawned":[7,10,16,18,28,33,35,41,46,47,48],"ascension_level":1}}