{"host":"85dtmvttrcbdj5h5","time":1608173794,"event":{"mods":["AchievementEnabler","BaseMod","Bestiary","Colored Map","Colored Powertips","Filter the Spire","Minty Spire (QoL Compilation)","RNG Fix","Relic Stats"],"gold_per_floor":[110,126,145,145,159,203,219,219,243,324,0,0,0,44,44,165,165,188,368,38,56,79,79,93,124,124,162,12,12,35,71,71,195,195,219,239,199,222,246,282,282,305,305,305,340,363,394,407,407,407,407,407,12,50,50],"floor_reached":56,"playtime":4529,"items_purged":["Strike_R","Strike_R"],"score":1434,"play_id":"a77a762a-ac96-4e45-a2e5-e8b6b409eb2f","local_time":"20201216215634","is_ascension_mode":false,"campfire_choices":[{"data":"Carnage","floor":8,"key":"SMITH"},{"data":"Rampage","floor":12,"key":"SMITH"},{"data":"Shockwave","floor":15,"key":"SMITH"},{"data":"Corruption","floor":23,"key":"SMITH"},{"data":"Inflame","floor":29,"key":"SMITH"},{"data":"Bludgeon","floor":32,"key":"SMITH"},{"data":"Juggernaut","floor":41,"key":"SMITH"},{"floor":49,"key":"RECALL"},{"data":"Flame Barrier","floor":52,"key":"SMITH"}],"circlet_count":0,"master_deck":["Defend_R+1","Defend_R","Bash","Offering","Ghostly Armor","Rampage+1","Carnage+1","Dropkick","Burning Pact+1","Shockwave+1","Corruption+1","Flame Barrier+1","Shrug It Off","Inflame+1","Shrug It Off","Iron Wave+1","Power Through+1","Iron Wave+1","Sword Boomerang+1","Bludgeon+1","Juggernaut+1","Dark Embrace+1","Flex+1","Brutality+1","Rupture+1","Entrench+1","Entrench","Pummel","Shrug It Off","Rupture+1","Warcry+1","Whirlwind+1","Shockwave"],"relics":["Burning Blood","Golden Idol","Sundial","Lantern","Mummified Hand","Membership Card","Paper Frog","Orichalcum","Empty Cage","Unceasing Top","Lee\u0027s Waffle","White Beast Statue","Magic Flower","Happy Flower","Toy Ornithopter","Medical Kit","Mercury Hourglass","Astrolabe","Centennial Puzzle","MealTicket","PreservedInsect","Self Forming Clay","Charon\u0027s Ashes","ClockworkSouvenir","Eternal Feather"],"acts_visited":["Exordium","TheCity","TheBeyond","TheEnding"],"potions_floor_usage":[5,7,25,27,31,31,35,38,39,40,42,42,46,55,55],"damage_taken":[{"damage":10,"enemies":"Small Slimes","floor":1,"turns":4},{"damage":6,"enemies":"2 Louse","floor":2,"turns":3},{"damage":1,"enemies":"Jaw Worm","floor":3,"turns":4},{"damage":14,"enemies":"Gremlin Gang","floor":5,"turns":4},{"damage":25,"enemies":"3 Sentries","floor":6,"turns":8},{"damage":1,"enemies":"Large Slime","floor":7,"turns":2},{"damage":17,"enemies":"Lagavulin","floor":14,"turns":4},{"damage":16,"enemies":"The Guardian","floor":16,"turns":8},{"damage":14,"enemies":"Spheric Guardian","floor":18,"turns":4},{"damage":9,"enemies":"Shell Parasite","floor":21,"turns":4},{"damage":0,"enemies":"Chosen and Byrds","floor":22,"turns":4},{"damage":8,"enemies":"Sentry and Sphere","floor":24,"turns":5},{"damage":10,"enemies":"Slavers","floor":25,"turns":4},{"damage":17,"enemies":"Book of Stabbing","floor":27,"turns":5},{"damage":6,"enemies":"Snake Plant","floor":30,"turns":3},{"damage":6,"enemies":"Slavers","floor":31,"turns":3},{"damage":56,"enemies":"Automaton","floor":33,"turns":9},{"damage":8,"enemies":"3 Darklings","floor":35,"turns":3},{"damage":0,"enemies":"Orb Walker","floor":36,"turns":1},{"damage":7,"enemies":"Maw","floor":38,"turns":2},{"damage":16,"enemies":"4 Shapes","floor":39,"turns":4},{"damage":42,"enemies":"Nemesis","floor":40,"turns":5},{"damage":12,"enemies":"Spire Growth","floor":42,"turns":3},{"damage":10,"enemies":"Reptomancer","floor":45,"turns":5},{"damage":2,"enemies":"Sphere and 2 Shapes","floor":46,"turns":3},{"damage":8,"enemies":"Giant Head","floor":47,"turns":3},{"damage":10,"enemies":"Transient","floor":48,"turns":5},{"damage":23,"enemies":"Donu and Deca","floor":50,"turns":6},{"damage":7,"enemies":"Shield and Spear","floor":54,"turns":2},{"damage":30,"enemies":"The Heart","floor":55,"turns":7}],"seed_played":"-6890637618346664506","potions_obtained":[{"floor":2,"key":"LiquidBronze"},{"floor":6,"key":"Fire Potion"},{"floor":18,"key":"DuplicationPotion"},{"floor":22,"key":"Fire Potion"},{"floor":24,"key":"FairyPotion"},{"floor":25,"key":"Energy Potion"},{"floor":27,"key":"BlessingOfTheForge"},{"floor":30,"key":"Explosive Potion"},{"floor":31,"key":"Regen Potion"},{"floor":33,"key":"LiquidMemories"},{"floor":35,"key":"DistilledChaos"},{"floor":38,"key":"Fire Potion"},{"floor":39,"key":"ColorlessPotion"},{"floor":40,"key":"AttackPotion"},{"floor":42,"key":"Fruit Juice"},{"floor":45,"key":"SteroidPotion"},{"floor":46,"key":"SneckoOil"}],"is_trial":false,"path_per_floor":["M","M","M","?","M","E","M","R","T","T","$","R","?","E","R","B",null,"M","?","$","M","M","R","M","E","T","E","$","R","M","E","R","B",null,"M","M","?","M","M","E","R","M","T","$","E","M","E","M","R","B",null,"R","$","E","B",null],"character_chosen":"IRONCLAD","items_purchased":["Membership Card","Paper Frog","Unceasing Top","Lee\u0027s Waffle","Shrug It Off","Inflame","Toy Ornithopter","Medical Kit","Self Forming Clay","Charon\u0027s Ashes","ClockworkSouvenir","Ancient Potion"],"campfire_rested":0,"item_purchase_floors":[11,11,20,20,20,20,28,28,53,53,53,53],"current_hp_per_floor":[76,76,80,60,52,33,38,38,38,38,38,38,64,53,53,43,80,72,53,87,84,87,87,85,81,81,73,73,73,76,87,87,40,87,87,87,87,87,80,55,55,82,82,82,81,92,92,91,91,77,92,92,92,92,80],"gold":50,"neow_bonus":"ONE_RANDOM_RARE_CARD","is_daily":false,"chose_seed":false,"campfire_upgraded":8,"win_rate":0.0,"timestamp":1608173794,"path_taken":["M","M","M","?","M","E","M","R","T","?","$","R","?","E","R","BOSS","M","?","$","M","M","R","M","E","T","E","?","R","M","E","R","BOSS","M","M","?","M","M","E","R","M","T","$","E","M","E","M","R","BOSS","R","$","E","BOSS"],"items_purchased_type":["Relic","Relic","Relic","Relic","Card","Card","Relic","Relic","Relic","Relic","Relic","Potion"],"build_version":"2020-12-13","purchased_purges":2,"victory":true,"max_hp_per_floor":[80,80,80,80,80,80,80,80,80,80,80,80,80,80,80,80,80,80,80,87,87,87,87,87,87,87,87,87,87,87,87,87,87,87,87,87,87,87,87,87,87,87,87,87,87,92,92,92,92,92,92,92,92,92,92],"relic_stats":{"Lee\u0027s Waffle":34,"Happy Flower":[21],"counters":[30,126],"Golden Idol":225,"Self Forming Clay":[57],"Astrolabe":["Dark Embrace","Flex","Brutality"],"Magic Flower":[60],"Eternal Feather":0,"PreservedInsect":68,"Charon\u0027s Ashes":[92],"Orichalcum":[66],"Medical Kit":[28],"Burning Blood":188,"Mercury Hourglass":[226],"Centennial Puzzle":[24],"Sundial":[20],"Mummified Hand":[114],"MealTicket":0,"obtain_stats":[{"Lantern":9,"Magic Flower":26,"Empty Cage":17,"Burning Blood":0,"ClockworkSouvenir":53,"Centennial Puzzle":40,"Sundial":6,"Mummified Hand":10,"MealTicket":45,"Paper Frog":11,"Lee\u0027s Waffle":20,"Happy Flower":27,"Golden Idol":4,"Self Forming Clay":53,"Astrolabe":34,"Eternal Feather":54,"PreservedInsect":47,"Charon\u0027s Ashes":53,"Orichalcum":14,"Medical Kit":28,"White Beast Statue":25,"Mercury Hourglass":31,"Membership Card":11,"Unceasing Top":20,"Toy Ornithopter":28},{"Lantern":6,"Magic Flower":13,"Empty Cage":8,"Burning Blood":0,"ClockworkSouvenir":28,"Centennial Puzzle":22,"Sundial":5,"Mummified Hand":6,"MealTicket":24,"Paper Frog":6,"Lee\u0027s Waffle":9,"Happy Flower":14,"Golden Idol":3,"Self Forming Clay":28,"Astrolabe":17,"Eternal Feather":29,"PreservedInsect":26,"Charon\u0027s Ashes":28,"Orichalcum":7,"Medical Kit":14,"White Beast Statue":13,"Mercury Hourglass":16,"Membership Card":6,"Unceasing Top":9,"Toy Ornithopter":14},{"Lantern":25,"Magic Flower":58,"Empty Cage":37,"Burning Blood":0,"ClockworkSouvenir":117,"Centennial Puzzle":92,"Sundial":23,"Mummified Hand":25,"MealTicket":100,"Paper Frog":25,"Lee\u0027s Waffle":41,"Happy Flower":63,"Golden Idol":11,"Self Forming Clay":117,"Astrolabe":77,"Eternal Feather":119,"PreservedInsect":106,"Charon\u0027s Ashes":117,"Orichalcum":29,"Medical Kit":63,"White Beast Statue":58,"Mercury Hourglass":69,"Membership Card":25,"Unceasing Top":41,"Toy Ornithopter":63}],"Unceasing Top":[16],"Toy Ornithopter":61},"card_choices":[{"not_picked":["Body Slam","Blood for Blood"],"picked":"Ghostly Armor","floor":1},{"not_picked":["Hemokinesis","Searing Blow"],"picked":"Rampage","floor":2},{"not_picked":["Pommel Strike","Sever Soul"],"picked":"Carnage","floor":3},{"not_picked":["Wild Strike","Body Slam"],"picked":"Dropkick","floor":5},{"not_picked":["True Grit","Second Wind"],"picked":"Burning Pact","floor":6},{"not_picked":["Searing Blow","Heavy Blade","Dual Wield"],"picked":"SKIP","floor":7},{"not_picked":["Whirlwind","Body Slam"],"picked":"Shockwave","floor":14},{"not_picked":["Offering","Reaper"],"picked":"Corruption","floor":16},{"not_picked":["Shockwave","Seeing Red"],"picked":"Flame Barrier","floor":18},{"not_picked":["Warcry","Fire Breathing"],"picked":"Shrug It Off","floor":21},{"not_picked":["Cleave","Body Slam"],"picked":"Iron Wave+1","floor":22},{"not_picked":["Thunderclap","Rampage"],"picked":"Power Through+1","floor":24},{"not_picked":["Twin Strike","Bloodletting","Perfected Strike"],"picked":"SKIP","floor":25},{"not_picked":["Wild Strike","Thunderclap+1"],"picked":"Iron Wave+1","floor":27},{"not_picked":["Flex","Reckless Charge+1"],"picked":"Sword Boomerang+1","floor":30},{"not_picked":["Iron Wave","Body Slam"],"picked":"Bludgeon","floor":31},{"not_picked":["Berserk","Bludgeon"],"picked":"Juggernaut","floor":33},{"not_picked":["True Grit","Spot Weakness"],"picked":"Rupture+1","floor":35},{"not_picked":["Shrug It Off","Clash"],"picked":"Entrench+1","floor":36},{"not_picked":["Pommel Strike","Anger","Flex+1"],"picked":"SKIP","floor":38},{"not_picked":["Shockwave","Dropkick+1"],"picked":"Entrench","floor":39},{"not_picked":["Clothesline+1","Reckless Charge"],"picked":"Pummel","floor":40},{"not_picked":["Pommel Strike","Corruption"],"picked":"Shrug It Off","floor":42},{"not_picked":["Wild Strike+1","Whirlwind"],"picked":"Rupture+1","floor":45},{"not_picked":["Seeing Red","True Grit"],"picked":"Warcry+1","floor":46},{"not_picked":["Wild Strike","Warcry"],"picked":"Whirlwind+1","floor":47},{"not_picked":["Armaments","Uppercut","Brutality"],"picked":"SKIP","floor":48},{"not_picked":["Sword Boomerang","True Grit"],"picked":"Shockwave","floor":54}],"player_experience":79361,"relics_obtained":[{"floor":6,"key":"Sundial"},{"floor":9,"key":"Lantern"},{"floor":10,"key":"Mummified Hand"},{"floor":14,"key":"Orichalcum"},{"floor":25,"key":"White Beast Statue"},{"floor":26,"key":"Magic Flower"},{"floor":27,"key":"Happy Flower"},{"floor":31,"key":"Mercury Hourglass"},{"floor":40,"key":"Centennial Puzzle"},{"floor":45,"key":"MealTicket"},{"floor":47,"key":"PreservedInsect"},{"floor":54,"key":"Eternal Feather"}],"event_choices":[{"damage_healed":0,"gold_gain":0,"player_choice":"Take Damage","damage_taken":20,"relics_obtained":["Golden Idol"],"max_hp_gain":0,"max_hp_loss":0,"event_name":"Golden Idol","floor":4,"gold_loss":0},{"damage_healed":26,"gold_gain":0,"player_choice":"Banana","damage_taken":0,"max_hp_gain":0,"max_hp_loss":0,"event_name":"Big Fish","floor":13,"gold_loss":0},{"damage_healed":0,"gold_gain":180,"player_choice":"GOLD GOLD ","damage_taken":19,"max_hp_gain":0,"max_hp_loss":0,"event_name":"Knowing Skull","floor":19,"potions_obtained":[],"gold_loss":0,"cards_obtained":[]},{"damage_healed":0,"gold_gain":0,"player_choice":"Upgraded Two","damage_taken":0,"max_hp_gain":0,"max_hp_loss":0,"event_name":"Designer","floor":37,"gold_loss":40,"cards_upgraded":["Defend_R","Burning Pact"]}],"is_beta":false,"boss_relics":[{"not_picked":["SlaversCollar","Runic Dome"],"picked":"Empty Cage"},{"not_picked":["Busted Crown","Black Star"],"picked":"Astrolabe"}],"items_purged_floors":[11,20],"is_endless":false,"potions_floor_spawned":[2,6,18,22,24,25,27,30,31,33,35,36,38,39,40,42,45,46,47,48,54],"ascension_level":0}}