{"host":"hjw1ay65n7jm40lc","time":1608242198,"event":{"mods":["AchievementEnabler","BaseMod","Colored Map","Colored Powertips","Googly Eyes","Highlight Path","Minty Spire (QoL Compilation)","Quick Restart","Relic Stats"],"gold_per_floor":[115,131,131,146,146,177,197,197,197,223,223,250,261,288,288,391,391,409,409,425,24,38,38,63,63,63,63,82,96,124,49,49,49,49],"floor_reached":33,"playtime":10794,"items_purged":["Writhe"],"score":457,"play_id":"abb4ed6f-211f-4b82-89e4-0938eccec377","local_time":"20201217165638","is_ascension_mode":true,"campfire_choices":[{"floor":8.0,"key":"REST"},{"floor":11.0,"key":"REST"},{"floor":15.0,"key":"REST"},{"data":"Night Terror","floor":23.0,"key":"SMITH"},{"data":"Die Die Die","floor":25.0,"key":"SMITH"},{"floor":27.0,"key":"REST"},{"data":"Crippling Poison","floor":32.0,"key":"SMITH"}],"circlet_count":0,"master_deck":["Strike_G+1","Strike_G+1","Strike_G+1","Strike_G+1","Defend_G+1","Defend_G+1","Defend_G+1","Defend_G+1","Defend_G+1","Survivor","Neutralize","Poisoned Stab","Night Terror+1","Dagger Throw","Die Die Die+1","Dash+1","Blade Dance","Die Die Die+1","Terror","Predator+1","Crippling Poison+1","Backstab+1","Venomology","PiercingWail+1","Noxious Fumes+1"],"relics":["Ring of the Snake","StoneCalendar","Potion Belt","Singing Bowl","Torii","Molten Egg 2","Letter Opener","Cursed Key","Matryoshka","Peace Pipe","Blood Vial","Unceasing Top","Eternal Feather"],"acts_visited":["Exordium","TheCity"],"potions_floor_usage":[33,33],"damage_taken":[{"damage":0.0,"enemies":"Small Slimes","floor":1.0,"turns":3.0},{"damage":2.0,"enemies":"Jaw Worm","floor":2.0,"turns":7.0},{"damage":0.0,"enemies":"2 Louse","floor":4.0,"turns":3.0},{"damage":39.0,"enemies":"Gremlin Nob","floor":6.0,"turns":6.0},{"damage":8.0,"enemies":"Large Slime","floor":7.0,"turns":7.0},{"damage":19.0,"enemies":"3 Sentries","floor":10.0,"turns":7.0},{"damage":10.0,"enemies":"Lagavulin","floor":12.0,"turns":7.0},{"damage":0.0,"enemies":"Lots of Slimes","floor":13.0,"turns":1.0},{"damage":17.0,"enemies":"Gremlin Nob","floor":14.0,"turns":4.0},{"damage":25.0,"enemies":"Slime Boss","floor":16.0,"turns":7.0},{"damage":11.0,"enemies":"Spheric Guardian","floor":18.0,"turns":4.0},{"damage":0.0,"enemies":"3 Byrds","floor":20.0,"turns":4.0},{"damage":6.0,"enemies":"Snake Plant","floor":22.0,"turns":3.0},{"damage":11.0,"enemies":"Slavers","floor":24.0,"turns":4.0},{"damage":0.0,"enemies":"Centurion and Healer","floor":28.0,"turns":5.0},{"damage":34.0,"enemies":"Cultist and Chosen","floor":29.0,"turns":6.0},{"damage":1.0,"enemies":"Book of Stabbing","floor":30.0,"turns":4.0},{"damage":47,"enemies":"Automaton","floor":33,"turns":6}],"seed_played":"1332044780862652608","potions_obtained":[{"floor":2.0,"key":"EssenceOfSteel"},{"floor":13.0,"key":"SpeedPotion"},{"floor":16.0,"key":"PowerPotion"},{"floor":20.0,"key":"LiquidBronze"}],"is_trial":false,"path_per_floor":["M","M","?","M","?","E","M","R","T","E","R","E","M","E","R","B",null,"M","?","M","$","M","R","E","R","T","R","M","M","E","$","R","B"],"character_chosen":"THE_SILENT","items_purchased":["Matryoshka","Crippling Poison","Backstab+1"],"campfire_rested":4,"item_purchase_floors":[21,21,21],"current_hp_per_floor":[63,61,61,61,66,27,19,39,39,22,43,35,35,18,39,14,58,47,47,47,47,43,43,32,32,32,54,58,26,27,27,42,0,0],"gold":49,"neow_bonus":"ONE_RARE_RELIC","is_daily":false,"chose_seed":false,"campfire_upgraded":3,"win_rate":0.0,"timestamp":1608242198,"path_taken":["M","M","?","M","?","E","M","R","T","E","R","E","M","E","R","BOSS","M","?","M","$","M","R","E","R","T","R","M","M","E","$","R","BOSS"],"items_purchased_type":["Relic","Card","Card"],"build_version":"2020-12-13","purchased_purges":1,"victory":false,"max_hp_per_floor":[63,63,63,63,68,68,68,68,68,70,70,72,72,72,72,72,72,72,72,72,72,74,74,74,74,74,74,76,76,76,76,76,76,76],"relic_stats":{"Peace Pipe":0,"Blood Vial":8,"Singing Bowl":8,"Torii":7,"counters":[18,88],"StoneCalendar":[198],"Eternal Feather":15,"Letter Opener":[40],"Cursed Key":1,"obtain_stats":[{"Potion Belt":6,"Singing Bowl":9,"Torii":10,"StoneCalendar":0,"Eternal Feather":30,"Letter Opener":14,"Cursed Key":17,"Peace Pipe":24,"Blood Vial":26,"Matryoshka":21,"Molten Egg 2":12,"Unceasing Top":26,"Ring of the Snake":0},{"Potion Belt":4,"Singing Bowl":5,"Torii":6,"StoneCalendar":0,"Eternal Feather":17,"Letter Opener":9,"Cursed Key":10,"Peace Pipe":14,"Blood Vial":14,"Matryoshka":12,"Molten Egg 2":7,"Unceasing Top":14,"Ring of the Snake":0},{"Potion Belt":19,"Singing Bowl":26,"Torii":33,"StoneCalendar":0,"Eternal Feather":82,"Letter Opener":45,"Cursed Key":52,"Peace Pipe":67,"Blood Vial":67,"Matryoshka":60,"Molten Egg 2":40,"Unceasing Top":67,"Ring of the Snake":0}],"Unceasing Top":[3],"Ring of the Snake":[36]},"card_choices":[{"not_picked":["Acrobatics","Dodge and Roll","Deflect"],"picked":"SKIP","floor":1.0},{"not_picked":["Quick Slash","Flying Knee"],"picked":"Poisoned Stab","floor":2.0},{"not_picked":["Blade Dance","Outmaneuver"],"picked":"Dagger Throw","floor":4.0},{"not_picked":["Poisoned Stab","A Thousand Cuts"],"picked":"Die Die Die","floor":6.0},{"not_picked":["Quick Slash","Flying Knee","Slice"],"picked":"SKIP","floor":7.0},{"not_picked":["Dagger Spray","Masterful Stab","Prepared"],"picked":"Singing Bowl","floor":10.0},{"not_picked":["Accuracy","Heel Hook+1","Outmaneuver"],"picked":"Singing Bowl","floor":12.0},{"not_picked":["Dagger Throw+1","Slice+1"],"picked":"Dash+1","floor":13.0},{"not_picked":["Backstab+1","Leg Sweep"],"picked":"Blade Dance","floor":14.0},{"not_picked":["Burst","Bullet Time"],"picked":"Die Die Die+1","floor":16.0},{"not_picked":["Blade Dance","Endless Agony+1"],"picked":"Terror","floor":18.0},{"not_picked":["PiercingWail+1","Backflip+1"],"picked":"Predator+1","floor":20.0},{"not_picked":["Reflex","Endless Agony+1","Sucker Punch+1"],"picked":"Singing Bowl","floor":22.0},{"not_picked":["Doppelganger","Poisoned Stab+1"],"picked":"Venomology","floor":24.0},{"not_picked":["Cloak And Dagger","Dash+1","Slice+1"],"picked":"Singing Bowl","floor":28.0},{"not_picked":["Slice+1","Escape Plan"],"picked":"PiercingWail+1","floor":29.0},{"not_picked":["Concentrate","Dagger Throw+1"],"picked":"Noxious Fumes+1","floor":30.0}],"player_experience":303583,"relics_obtained":[{"floor":6.0,"key":"Potion Belt"},{"floor":9.0,"key":"Singing Bowl"},{"floor":10.0,"key":"Torii"},{"floor":12.0,"key":"Molten Egg 2"},{"floor":14.0,"key":"Letter Opener"},{"floor":24.0,"key":"Peace Pipe"},{"floor":26.0,"key":"Blood Vial"},{"floor":26.0,"key":"Unceasing Top"},{"floor":30.0,"key":"Eternal Feather"}],"event_choices":[{"damage_healed":0.0,"max_hp_gain":0.0,"max_hp_loss":0.0,"gold_gain":0.0,"cards_transformed":["Strike_G"],"event_name":"Living Wall","player_choice":"Change","floor":3.0,"gold_loss":0.0,"damage_taken":0.0,"cards_obtained":["Night Terror"]},{"damage_healed":0.0,"max_hp_gain":5.0,"max_hp_loss":0.0,"gold_gain":0.0,"event_name":"Big Fish","player_choice":"Donut","floor":5.0,"gold_loss":0.0,"damage_taken":0.0},{"damage_healed":0.0,"max_hp_gain":0.0,"max_hp_loss":0.0,"gold_gain":0.0,"event_name":"Back to Basics","player_choice":"Simplicity","floor":19.0,"gold_loss":0.0,"damage_taken":0.0,"cards_upgraded":["Strike_G","Strike_G","Strike_G","Strike_G","Defend_G","Defend_G","Defend_G","Defend_G","Defend_G"]}],"is_beta":false,"boss_relics":[{"not_picked":["Busted Crown","Calling Bell"],"picked":"Cursed Key"}],"items_purged_floors":[31],"is_endless":false,"potions_floor_spawned":[2,13,16,20],"killed_by":"Automaton","ascension_level":9}}