{"host":"aunmuzt9j70r7vun","time":1608173315,"event":{"mods":["BaseMod","Better Altar","Better Third Choice","BetterRewards","Clockwork Mod","Curses Come First","Downfall","Infinite Spire","LagranYue(???·?)","Mad Scientist","Marisa????????","Minty Spire (QoL Compilation)","Rare Cards Sparkle","Relic Sorter","Say the Spire","Shop Mod","Spicy Shops","StSLib","The Cursed","The Disciple","The Edgeheg","The Mystic","The Servant 0.9.4"],"gold_per_floor":[117,117,117,117,135,135,164,189,279,291,315,5,39,50,50,154,154,173,173,191,191,208,208,235,245,245,259,259,293,293,392,392,497,497,509,523,523,1,20,20,49,49,73,97,97,123,123,141,141,141],"floor_reached":51,"playtime":3159,"items_purged":["Strike_B","Wraith"],"score":1119,"play_id":"f2d958a3-e3c7-491c-920d-0f5c8f7507d3","local_time":"20201216224835","is_ascension_mode":true,"campfire_choices":[{"data":"infinitespire:Oblivion","floor":6,"key":"SMITH"},{"data":"Chaos","floor":10,"key":"SMITH"},{"data":"Buffer","floor":15,"key":"SMITH"},{"data":"infinitespire:Collect","floor":23,"key":"SMITH"},{"data":"infinitespire:Oblivion","floor":30,"key":"SMITH"},{"data":"Capacitor","floor":32,"key":"SMITH"},{"floor":40,"key":"REST"},{"data":"Loop","floor":45,"key":"SMITH"},{"data":"Fission","floor":47,"key":"SMITH"},{"data":"Capacitor","floor":49,"key":"SMITH"}],"circlet_count":0,"master_deck":["Strike_B","Defend_B","Defend_B","Defend_B","Defend_B","Zap","Dualcast","Consume","infinitespire:Oblivion+1","Auto Shields","Loop+1","Lockon","Chaos+1","White Noise","Buffer+1","Biased Cognition","Electrodynamics","Capacitor+1","Self Repair+1","infinitespire:Oblivion+1","infinitespire:Collect+1","Electrodynamics","Capacitor+1","Self Repair+1","Fission+1","Parasite"],"relics":["Cracked Core","LagranYue:RandomDrawCardRelic","Mango","Pantograph","MerchantsRug","Oddly Smooth Stone","Black Star","LagranYue:SoulBurningRelic","Shuriken","PreservedInsect","Tiny Chest","Nuclear Battery","Mummified Hand","Eternal Feather","Pocketwatch","Anchor","infinitespire:Satchel","Strawberry","Juzu Bracelet","Sundial"],"acts_visited":["Exordium","TheCity","TheBeyond"],"potions_floor_usage":[7,11,13,16,18,22,27,50],"damage_taken":[{"damage":0,"enemies":"2 Louse","floor":1,"turns":2},{"damage":0,"enemies":"Jaw Worm","floor":5,"turns":2},{"damage":8,"enemies":"Gremlin Nob","floor":7,"turns":4},{"damage":13,"enemies":"Small Slimes","floor":8,"turns":2},{"damage":10,"enemies":"Gremlin Gang","floor":11,"turns":3},{"damage":0,"enemies":"Lagavulin","floor":13,"turns":5},{"damage":11,"enemies":"Looter","floor":14,"turns":3},{"damage":0,"enemies":"The Guardian","floor":16,"turns":7},{"damage":0,"enemies":"3 Byrds","floor":18,"turns":1},{"damage":1,"enemies":"Chosen","floor":20,"turns":4},{"damage":0,"enemies":"Sentry and Sphere","floor":22,"turns":2},{"damage":26,"enemies":"Gremlin Leader","floor":24,"turns":4},{"damage":0,"enemies":"Chosen and Byrds","floor":25,"turns":3},{"damage":0,"enemies":"Cultist and Chosen","floor":27,"turns":4},{"damage":32,"enemies":"Slavers","floor":29,"turns":3},{"damage":42,"enemies":"Automaton","floor":33,"turns":6},{"damage":27,"enemies":"3 Darklings","floor":35,"turns":3},{"damage":16,"enemies":"Orb Walker","floor":36,"turns":3},{"damage":16,"enemies":"Spire Growth","floor":39,"turns":3},{"damage":0,"enemies":"Reptomancer","floor":41,"turns":3},{"damage":2,"enemies":"Nemesis","floor":46,"turns":3},{"damage":0,"enemies":"Writhing Mass","floor":48,"turns":4},{"damage":27,"enemies":"Time Eater","floor":50,"turns":6}],"seed_played":"529344434333830352","potions_obtained":[{"floor":5,"key":"BlessingOfTheForge"},{"floor":8,"key":"champ:CounterPotion"},{"floor":11,"key":"Dexterity Potion"},{"floor":14,"key":"FocusPotion"},{"floor":16,"key":"DistilledChaos"},{"floor":18,"key":"Explosive Potion"},{"floor":20,"key":"hexamod:EctoCoolerPotion"},{"floor":22,"key":"LiquidMemories"},{"floor":35,"key":"Guardian:BlockOnCardUsePotion"},{"floor":39,"key":"FearPotion"},{"floor":41,"key":"SneckoOil"}],"is_trial":false,"path_per_floor":["M","?","?","?","M","R","E","M","T","R","M","$","E","M","R","B",null,"M","$","M","AVR","M","R","E","M","T","M","?","E","R","?","R","B",null,"M","M","?","$","M","R","E","?","T","T","R","E","R","M","R","B",null],"character_chosen":"DEFECT","items_purchased":["Buffer","MerchantsRug","Mummified Hand","Eternal Feather","Capacitor"],"campfire_rested":1,"item_purchase_floors":[12,12,38,38,38],"current_hp_per_floor":[82,87,66,66,66,66,58,45,45,45,35,35,35,24,24,49,78,78,78,77,77,86,86,69,69,69,78,78,55,55,55,55,46,76,58,42,42,42,35,71,71,71,71,77,88,94,94,94,94,86],"gold":141,"neow_bonus":"ONE_RARE_RELIC","is_daily":false,"chose_seed":false,"campfire_upgraded":9,"win_rate":0.0,"timestamp":1608173315,"path_taken":["M","?","?","?","M","R","E","M","T","R","M","$","E","M","R","BOSS","M","$","?","AVR","M","R","E","M","T","M","?","E","R","?","R","BOSS","M","M","?","$","M","R","E","?","T","?","R","E","R","M","R","BOSS"],"items_purchased_type":["Card","Relic","Relic","Relic","Card"],"build_version":"2020-12-13","purchased_purges":2,"victory":true,"max_hp_per_floor":[82,87,87,87,87,87,87,87,87,87,87,87,87,87,87,87,87,87,87,87,87,87,87,87,87,87,87,87,87,87,87,87,87,87,87,87,87,87,87,87,87,87,87,94,94,94,94,94,94,94],"card_choices":[{"not_picked":["Stack","Cold Snap"],"picked":"Consume","floor":1},{"not_picked":["infinitespire:UltimateForm","infinitespire:Gouge"],"picked":"infinitespire:Oblivion","floor":3},{"not_picked":["Force Field","Beam Cell"],"picked":"Loop","floor":5},{"not_picked":["Glacier","Doom and Gloom"],"picked":"Lockon","floor":7},{"not_picked":["Go for the Eyes","Beam Cell"],"picked":"Chaos","floor":8},{"not_picked":["Sweeping Beam","Reprogram"],"picked":"White Noise","floor":11},{"not_picked":["Rip and Tear","Melter"],"picked":"Biased Cognition","floor":13},{"not_picked":["Reinforced Body","BootSequence","Barrage"],"picked":"SKIP","floor":14},{"not_picked":["Reboot","Buffer"],"picked":"Electrodynamics","floor":16},{"not_picked":["Rebound+1","Go for the Eyes"],"picked":"Capacitor","floor":18},{"not_picked":["Conserve Battery","Chaos"],"picked":"Self Repair+1","floor":20},{"not_picked":["Go for the Eyes+1","Core Surge","Doom and Gloom"],"picked":"SKIP","floor":22},{"not_picked":["Hologram","Conserve Battery","Beam Cell"],"picked":"SKIP","floor":24},{"not_picked":["Sunder+1","Gash+1","Consume"],"picked":"SKIP","floor":25},{"not_picked":["Recycle","Gash","Beam Cell"],"picked":"SKIP","floor":27},{"not_picked":["Scrape+1","Undo+1","Melter"],"picked":"SKIP","floor":29},{"not_picked":["Biased Cognition","Rainbow"],"picked":"Electrodynamics","floor":33},{"not_picked":["Undo+1","Leap+1","Coolheaded"],"picked":"SKIP","floor":35},{"not_picked":["Rip and Tear+1","Turbo+1","Rebound+1"],"picked":"SKIP","floor":36},{"not_picked":["Stack+1","Compile Driver+1","Turbo+1"],"picked":"SKIP","floor":39},{"not_picked":["Leap","Consume+1"],"picked":"Self Repair+1","floor":41},{"not_picked":["Conserve Battery+1","Hologram+1"],"picked":"Fission","floor":46},{"not_picked":["Streamline","Leap+1","Steam"],"picked":"SKIP","floor":48}],"player_experience":744729,"relics_obtained":[{"floor":7,"key":"MawBank"},{"floor":9,"key":"Pantograph"},{"floor":13,"key":"Oddly Smooth Stone"},{"floor":24,"key":"infinitespire:Lucky Rock"},{"floor":24,"key":"Shuriken"},{"floor":26,"key":"Pen Nib"},{"floor":29,"key":"PreservedInsect"},{"floor":29,"key":"Tiny Chest"},{"floor":41,"key":"Pocketwatch"},{"floor":41,"key":"Anchor"},{"floor":43,"key":"infinitespire:Satchel"},{"floor":44,"key":"Strawberry"},{"floor":46,"key":"Juzu Bracelet"},{"floor":46,"key":"Sundial"}],"event_choices":[{"damage_healed":0,"gold_gain":0,"player_choice":"Donut","damage_taken":0,"max_hp_gain":5,"max_hp_loss":0,"event_name":"Big Fish","floor":2,"gold_loss":0},{"damage_healed":0,"gold_gain":0,"cards_transformed":["Strike_B"],"player_choice":"Transformed","damage_taken":0,"max_hp_gain":0,"max_hp_loss":0,"event_name":"Transmorgrifier","floor":4,"gold_loss":0,"cards_obtained":["Auto Shields"]},{"damage_healed":0,"gold_gain":99,"player_choice":"Steal","damage_taken":0,"max_hp_gain":0,"max_hp_loss":0,"event_name":"betterThird:BetterNest","floor":31,"gold_loss":0},{"damage_healed":0,"gold_gain":0,"player_choice":"Ignored","damage_taken":0,"max_hp_gain":0,"max_hp_loss":0,"event_name":"OrinTheCat","floor":37,"gold_loss":0},{"cards_removed":["Strike_B"],"damage_healed":0,"gold_gain":0,"player_choice":"Offered Basic","damage_taken":0,"max_hp_gain":0,"max_hp_loss":0,"event_name":"Bonfire Elementals","floor":42,"gold_loss":0}],"is_beta":false,"boss_relics":[{"not_picked":["SacredBark","SlaversCollar"],"picked":"Black Star"},{"not_picked":["Pandora\u0027s Box","Philosopher\u0027s Stone"],"picked":"Nuclear Battery"}],"items_purged_floors":[12,38],"is_endless":false,"potions_floor_spawned":[5,8,11,14,16,18,20,22,35,39,41],"ascension_level":6}}