{"host":"9anmc1688xy4jiyg","time":1608227981,"event":{"mods":["AchievementEnabler","BaseMod","Highlight Path","Minty Spire (QoL Compilation)","Relic Stats","StSLib","ojb\u0027s Info Mod"],"gold_per_floor":[116,416,416,440,452,477,489,469,469,469,489,51,70,88,88,167,167,177,177,191,89,106,106,106],"floor_reached":23,"playtime":888,"items_purged":["Regret","Pain"],"score":386,"play_id":"c2cf80fe-c5d8-4e29-abea-44b0b294c638","local_time":"20201217185941","is_ascension_mode":true,"campfire_choices":[{"data":"Bludgeon","floor":10,"key":"SMITH"},{"data":"Bash","floor":15,"key":"SMITH"}],"circlet_count":0,"master_deck":["AscendersBane","Strike_R","Strike_R","Strike_R","Strike_R","Strike_R","Defend_R","Defend_R","Defend_R","Defend_R","Bash+1","Bludgeon+1","Metallicize","Reckless Charge","Demon Form","Wild Strike","Body Slam","Perfected Strike","Battle Trance","Reaper","Evolve","Iron Wave","Spot Weakness"],"relics":["Burning Blood","Old Coin","Champion Belt","Anchor","Bottled Flame","Pear","Membership Card","Juzu Bracelet","Letter Opener","Busted Crown","WarpedTongs"],"acts_visited":["Exordium","TheCity"],"potions_floor_usage":[22,23],"damage_taken":[{"damage":3.0,"enemies":"2 Louse","floor":1.0,"turns":3.0},{"damage":6.0,"enemies":"Jaw Worm","floor":5.0,"turns":2.0},{"damage":26.0,"enemies":"Gremlin Nob","floor":6.0,"turns":4.0},{"damage":3,"enemies":"Cultist","floor":7,"turns":3},{"damage":0,"enemies":"Large Slime","floor":11,"turns":2},{"damage":13,"enemies":"Lots of Slimes","floor":13,"turns":5},{"damage":9,"enemies":"Exordium Wildlife","floor":14,"turns":3},{"damage":36,"enemies":"The Guardian","floor":16,"turns":10},{"damage":20,"enemies":"Shell Parasite","floor":18,"turns":4},{"damage":38,"enemies":"2 Thieves","floor":20,"turns":4},{"damage":4,"enemies":"Chosen and Byrds","floor":22,"turns":5},{"damage":47,"enemies":"Slavers","floor":23,"turns":3}],"seed_played":"-4237060235099583299","potions_obtained":[{"floor":1.0,"key":"Weak Potion"},{"floor":6,"key":"CultistPotion"},{"floor":8,"key":"LiquidBronze"},{"floor":11,"key":"FearPotion"},{"floor":20,"key":"Explosive Potion"}],"is_trial":false,"path_per_floor":["M","?","?","T","M","E","M","?","T","R","M","$","M","M","R","B",null,"M","?","M","$","M","E"],"character_chosen":"IRONCLAD","items_purchased":["Membership Card","Juzu Bracelet","Letter Opener","Evolve","Iron Wave"],"campfire_rested":0,"item_purchase_floors":[12,12,12,21,21],"current_hp_per_floor":[71,60,60,60,60,40,43,43,53,53,59,59,52,49,49,19,69,55,55,33,33,39,0,0],"gold":106,"neow_bonus":"ONE_RANDOM_RARE_CARD","is_daily":false,"chose_seed":false,"campfire_upgraded":2,"win_rate":0.0,"timestamp":1608227981,"path_taken":["M","?","?","?","?","E","M","?","T","R","?","$","M","M","R","BOSS","M","?","M","$","M","E"],"items_purchased_type":["Relic","Relic","Relic","Card","Card"],"build_version":"2020-12-13","purchased_purges":2,"victory":false,"max_hp_per_floor":[75,75,75,75,75,75,75,75,85,85,85,85,85,85,85,85,85,85,85,85,85,85,85,85],"relic_stats":{"Busted Crown":6,"counters":[12,48],"Juzu Bracelet":0,"Champion Belt":[10],"Letter Opener":[15],"obtain_stats":[{"Anchor":4,"Bottled Flame":6,"Pear":9,"Busted Crown":17,"Juzu Bracelet":12,"Champion Belt":3,"Membership Card":12,"Letter Opener":12,"Burning Blood":0,"Old Coin":2,"WarpedTongs":19},{"Anchor":1,"Bottled Flame":3,"Pear":4,"Busted Crown":8,"Juzu Bracelet":5,"Champion Belt":1,"Membership Card":5,"Letter Opener":5,"Burning Blood":0,"Old Coin":1,"WarpedTongs":9},{"Anchor":3,"Bottled Flame":9,"Pear":12,"Busted Crown":32,"Juzu Bracelet":14,"Champion Belt":3,"Membership Card":14,"Letter Opener":14,"Burning Blood":0,"Old Coin":3,"WarpedTongs":36}],"Burning Blood":66,"WarpedTongs":[12]},"card_choices":[{"not_picked":["Iron Wave","Combust"],"picked":"Metallicize","floor":1.0},{"not_picked":["Shrug It Off","Warcry"],"picked":"Reckless Charge","floor":5.0},{"not_picked":["Sever Soul","Searing Blow"],"picked":"Demon Form","floor":6},{"not_picked":["Carnage","Sever Soul"],"picked":"Wild Strike","floor":7},{"not_picked":["Pommel Strike","Twin Strike"],"picked":"Body Slam","floor":11},{"not_picked":["Clothesline","Anger"],"picked":"Perfected Strike","floor":13},{"not_picked":["Feel No Pain","Pummel"],"picked":"Battle Trance","floor":14},{"not_picked":["Demon Form","Bludgeon"],"picked":"Reaper","floor":16},{"not_picked":["Sword Boomerang"],"picked":"SKIP","floor":18},{"not_picked":["True Grit"],"picked":"SKIP","floor":20},{"not_picked":[],"picked":"Spot Weakness","floor":22}],"player_experience":450908,"relics_obtained":[{"floor":4.0,"key":"Anchor"},{"floor":6,"key":"Bottled Flame"},{"floor":9,"key":"Pear"}],"event_choices":[{"damage_healed":0.0,"max_hp_gain":0.0,"max_hp_loss":0.0,"gold_gain":0.0,"event_name":"Scrap Ooze","player_choice":"Success","floor":2.0,"gold_loss":0.0,"damage_taken":11.0,"relics_obtained":["Old Coin"]},{"damage_healed":0.0,"max_hp_gain":0.0,"max_hp_loss":0.0,"gold_gain":0.0,"event_name":"Big Fish","player_choice":"Box","floor":3.0,"gold_loss":0.0,"damage_taken":0.0,"relics_obtained":["Champion Belt"],"cards_obtained":["Regret"]},{"damage_healed":0,"gold_gain":0,"player_choice":"Bought 1 Potion","damage_taken":0,"max_hp_gain":0,"max_hp_loss":0,"event_name":"The Woman in Blue","floor":8,"gold_loss":0},{"damage_healed":0,"gold_gain":0,"player_choice":"Rummage","damage_taken":0,"relics_obtained":["WarpedTongs"],"max_hp_gain":0,"max_hp_loss":0,"event_name":"Accursed Blacksmith","floor":19,"gold_loss":0,"cards_obtained":["Pain"]}],"is_beta":false,"boss_relics":[{"not_picked":["Black Star","Black Blood"],"picked":"Busted Crown"}],"items_purged_floors":[12,21],"is_endless":false,"potions_floor_spawned":[1,6,11,13,16,20],"killed_by":"Slavers","ascension_level":20}}