{"host":"684z1xpuwaoqmmh1","time":1608202373,"event":{"mods":["Bard","BaseMod","Downfall","Hermit","Jorbs\u0027s Wanderer Trilogy","Marisa????????","Minty Spire (QoL Compilation)","StSLib","The Hierophant","The Mystic","The Runesmith"],"gold_per_floor":[99,118,118,147,158,174,174,174,200,125,140,153,67,67,82,183,183,183,183,183,193,193,205,205,9,9,9],"floor_reached":26,"playtime":1281,"items_purged":[],"score":335,"play_id":"4340d3a5-d191-4d2e-8114-9a32c04cb123","local_time":"20201217125253","is_ascension_mode":true,"campfire_choices":[{"data":"champ:Taunt","floor":1,"key":"SMITH"},{"floor":8,"key":"RECALL"},{"data":"champ:IronFortress","floor":10,"key":"SMITH"},{"data":"champ:DancingMaster","floor":18,"key":"SMITH"},{"data":"champ:PerfectForm","floor":20,"key":"SMITH"},{"data":"champ:CalledShot","floor":22,"key":"SMITH"}],"circlet_count":0,"master_deck":["AscendersBane","champ:Strike","champ:Strike","champ:Strike","champ:Defend","champ:Defend","champ:Defend","champ:Defend","champ:Execute","champ:Taunt+1","champ:IronFortress+1","champ:Control","champ:Shatter","champ:GladiatorsShout","champ:EndlessRage","champ:FanOfKnives+1","champ:BringItOn","champ:PerfectForm+1","champ:Devastate+1","champ:CalledShot+1","champ:DancingMaster+1","champ:Backstep","champ:RecklessLeap+1","champ:Lariat","champ:EnragedBash+1"],"relics":["champ:ChampionCrown","Kunai","Molten Egg 2","Lantern","downfall:HeartBlessingRed","champ:LiftRelic","SlaversCollar","FaceOfCleric","Singing Bowl","champ:Barbells"],"acts_visited":["Exordium","TheCity"],"potions_floor_usage":[11,16,26],"damage_taken":[{"damage":7,"enemies":"Jaw Worm","floor":2,"turns":4},{"damage":39,"enemies":"Lagavulin","floor":4,"turns":8},{"damage":8,"enemies":"Small Slimes","floor":5,"turns":3},{"damage":5,"enemies":"Cultist","floor":6,"turns":5},{"damage":30,"enemies":"3 Sentries","floor":9,"turns":7},{"damage":7,"enemies":"Red Slaver","floor":11,"turns":4},{"damage":11,"enemies":"Large Slime","floor":12,"turns":5},{"damage":22,"enemies":"downfall:FleeingMerchant","floor":13,"turns":4},{"damage":5,"enemies":"2 Fungi Beasts","floor":15,"turns":3},{"damage":35,"enemies":"downfall:Silent","floor":16,"turns":13},{"damage":29,"enemies":"Chosen","floor":21,"turns":5},{"damage":64,"enemies":"Spheric Guardian","floor":23,"turns":6},{"damage":24,"enemies":"downfall:FleeingMerchant","floor":25,"turns":4},{"damage":33,"enemies":"Gremlin Leader","floor":26,"turns":3}],"seed_played":"-631583618430228800","potions_obtained":[{"floor":2,"key":"Guardian:BlockOnCardUsePotion"},{"floor":4,"key":"GamblersBrew"},{"floor":9,"key":"SkillPotion"},{"floor":11,"key":"BlessingOfTheForge"},{"floor":21,"key":"Fire Potion"}],"is_trial":false,"path_per_floor":["R","M","?","E","M","M","T","R","E","R","M","M","$","?","M","B",null,"R","?","R","M","R","M","T","$","E"],"character_chosen":"THE_CHAMP","items_purchased":["champ:Devastate+1","champ:Barbells","champ:EnragedBash+1"],"campfire_rested":0,"item_purchase_floors":[13,25,25],"current_hp_per_floor":[90,88,88,69,69,69,69,69,56,56,55,64,63,63,64,49,87,87,87,87,68,68,29,29,24,0,0],"gold":9,"neow_bonus":"TEN_PERCENT_HP_BONUS","is_daily":false,"chose_seed":false,"campfire_upgraded":5,"win_rate":0.0,"timestamp":1608202373,"path_taken":["R","M","?","E","M","M","T","R","E","R","M","M","$","?","M","BOSS","R","?","R","M","R","?","T","?","E"],"items_purchased_type":["Card","Relic","Card"],"build_version":"2020-12-13","purchased_purges":0,"victory":false,"max_hp_per_floor":[99,99,99,99,99,99,99,99,99,99,99,99,99,99,99,99,99,99,99,99,100,100,101,101,102,102,102],"card_choices":[{"not_picked":["champ:RageSigil","champ:BerserkersShout"],"picked":"champ:IronFortress","floor":2},{"not_picked":["champ:Balance","champ:Circumvent"],"picked":"champ:Control","floor":4},{"not_picked":["champ:StanceDance","champ:Haymaker"],"picked":"champ:Shatter","floor":5},{"not_picked":["champ:SkillfulDodge","champ:FocusedGladiator"],"picked":"champ:GladiatorsShout","floor":6},{"not_picked":["champ:SwordSigil","champ:Balance"],"picked":"champ:EndlessRage","floor":9},{"not_picked":["champ:ShieldWall","champ:AdrenalArmor"],"picked":"champ:FanOfKnives+1","floor":11},{"not_picked":["champ:CrookedStrike+1","champ:TornadoPunch+1"],"picked":"champ:BringItOn","floor":12},{"not_picked":["champ:TornadoPunch+1","champ:FlashCut+1"],"picked":"champ:PerfectForm","floor":13},{"not_picked":["champ:TornadoPunch+1","champ:GladiatorsShout"],"picked":"champ:CalledShot","floor":15},{"not_picked":["champ:IgnorePain","champ:EnchantSword"],"picked":"champ:DancingMaster","floor":16},{"not_picked":["champ:TornadoPunch+1","champ:PerfectedStrike+1"],"picked":"champ:Backstep","floor":21},{"not_picked":["champ:BerserkersShout","champ:DefensiveShout"],"picked":"champ:RecklessLeap+1","floor":23},{"not_picked":["champ:Riposte+1","champ:BerserkersShout"],"picked":"champ:Lariat","floor":25}],"player_experience":2349164,"relics_obtained":[{"floor":4,"key":"Kunai"},{"floor":7,"key":"Molten Egg 2"},{"floor":9,"key":"Lantern"},{"floor":24,"key":"Singing Bowl"}],"event_choices":[{"cards_removed":["champ:Strike"],"damage_healed":0,"gold_gain":0,"player_choice":"Card Removal","damage_taken":0,"max_hp_gain":0,"max_hp_loss":0,"event_name":"The Cleric","floor":3,"gold_loss":0},{"damage_healed":0,"gold_gain":0,"player_choice":"Trade","damage_taken":0,"relics_obtained":["FaceOfCleric"],"max_hp_gain":0,"max_hp_loss":0,"event_name":"FaceTrader","floor":19,"gold_loss":0}],"is_beta":false,"boss_relics":[{"not_picked":["Tiny House","Astrolabe"],"picked":"SlaversCollar"}],"items_purged_floors":[],"is_endless":false,"potions_floor_spawned":[2,4,9,11,21],"killed_by":"Gremlin Leader","ascension_level":11}}