{"host":"ds28d883r3sz42zs","time":1608243613,"event":{"mods":["2.2 Compatiblity","AchievementEnabler","Act Like it!","BaseMod","Bestiary","Better Match","Better Sensory Stone","Better Silent Start","Better Third Choice","Better-Laid Plans","BetterRewards","Block Reminder","Challenge The Spire","Colored Map","Colored Powertips","DeckTracker","Defuse TimeMaze Blight","Disable Question Mark Monsters","Displayed Cursed Tome","Downfall","Emptier Cage","GifTheSpireLib","Gold Saver","Minty Spire (QoL Compilation)","Permanent Neow","Practice Mode","Quick Restart","Random Character Button","Rare Cards Sparkle","Relic Filter","Relic Stats","SacredBarkPlus","StSLib","SuperFastMode","Uncapped","Unknown Chances"],"gold_per_floor":[1097,1117,1117,1117,1117,1136,1183,1212,1212,1212,1229,1229,1255,1275,1275,1371,1371,1388,1403,1403,1415,1431,1431,1431],"floor_reached":23,"playtime":1329,"items_purged":[],"score":294,"play_id":"b3376545-45b4-47d0-a896-40815c62d946","local_time":"20201217172013","is_ascension_mode":true,"campfire_choices":[{"data":"hexamod:Sear","floor":5,"key":"SMITH"},{"data":"hexamod:PhantomCloak","floor":10,"key":"SMITH"},{"data":"hexamod:Float","floor":12,"key":"SMITH"},{"floor":15,"key":"REST"}],"circlet_count":0,"master_deck":["hexamod:Sear+1","hexamod:Float+1","hexamod:TurnItUp","hexamod:PowerFromBeyond","hexamod:PhantomCloak+1","hexamod:GhostflameBarrier","hexamod:InspiringFlames","hexamod:SpectersWail","hexamod:RainOfEmbers","hexamod:BurningTouch","hexamod:TimeWarp+1","hexamod:SpectersWail","hexamod:Hexaguard","hexamod:StepThrough","hexamod:ChargedBarrage","hexamod:NecessarySacrifice","hexamod:EmpoweredFlame","hexamod:Again","hexamod:FastForward","hexamod:EmpoweringStance","hexamod:BacktrackSmack"],"relics":["hexamod:SpiritBrand","Regal Pillow","Pantograph","Strawberry","Pandora\u0027s Box"],"acts_visited":["Exordium","TheCity"],"potions_floor_usage":[23,23],"damage_taken":[{"damage":2,"enemies":"Jaw Worm","floor":1,"turns":5},{"damage":3,"enemies":"2 Louse","floor":2,"turns":3},{"damage":0,"enemies":"Cultist","floor":6,"turns":4},{"damage":29,"enemies":"3 Sentries","floor":8,"turns":16},{"damage":0,"enemies":"Red Slaver","floor":11,"turns":6},{"damage":19,"enemies":"Lagavulin","floor":13,"turns":9},{"damage":9,"enemies":"Exordium Thugs","floor":14,"turns":5},{"damage":23,"enemies":"downfall:Watcher","floor":16,"turns":12},{"damage":21,"enemies":"Shell Parasite","floor":18,"turns":6},{"damage":30,"enemies":"Sentry and Sphere","floor":19,"turns":6},{"damage":8,"enemies":"Chosen and Byrds","floor":21,"turns":6},{"damage":6,"enemies":"Snecko","floor":22,"turns":6},{"damage":14,"enemies":"Slavers","floor":23,"turns":1}],"seed_played":"8013757064951905063","potions_obtained":[{"floor":1,"key":"SmokeBomb"},{"floor":2,"key":"Explosive Potion"},{"floor":11,"key":"Weak Potion"},{"floor":13,"key":"sneckomod:MuddlingPotion"}],"is_trial":false,"path_per_floor":["M","M","?","?","R","M","T","E","?","R","M","R","E","M","R","B",null,"M","M","?","M","M","E"],"character_chosen":"THE_SPIRIT","items_purchased":[],"campfire_rested":1,"item_purchase_floors":[],"current_hp_per_floor":[61,58,58,63,63,63,63,34,34,34,34,34,22,13,52,54,75,54,24,24,16,10,0,0],"gold":1431,"neow_bonus":"ONE_RANDOM_RARE_CARD","is_daily":false,"chose_seed":false,"campfire_upgraded":3,"win_rate":0.0,"timestamp":1608243613,"path_taken":["M","M","?","?","R","M","T","E","?","R","M","R","E","M","R","BOSS","M","M","?","M","?","E"],"items_purchased_type":[],"build_version":"2020-12-13","purchased_purges":0,"victory":false,"max_hp_per_floor":[70,70,70,75,75,75,75,75,75,75,75,75,82,82,82,82,82,82,82,82,82,82,82,82],"relic_stats":{"Regal Pillow":15,"counters":[13,85],"Pantograph":25,"Pandora\u0027s Box":["hexamod:SpectersWail","hexamod:Hexaguard","hexamod:StepThrough","hexamod:ChargedBarrage","hexamod:NecessarySacrifice","hexamod:EmpoweredFlame","hexamod:Again"],"obtain_stats":[{"Regal Pillow":7,"Pantograph":8,"Strawberry":13,"Pandora\u0027s Box":17,"hexamod:SpiritBrand":0},{"Regal Pillow":3,"Pantograph":4,"Strawberry":6,"Pandora\u0027s Box":8,"hexamod:SpiritBrand":0},{"Regal Pillow":12,"Pantograph":28,"Strawberry":43,"Pandora\u0027s Box":60,"hexamod:SpiritBrand":0}]},"card_choices":[{"not_picked":["hexamod:SpectralAdrenaline","hexamod:EtherealExpedition"],"picked":"hexamod:PowerFromBeyond","floor":1},{"not_picked":["hexamod:GhostLash","hexamod:HeatCrush"],"picked":"hexamod:PhantomCloak","floor":2},{"not_picked":["hexamod:RetreatToShadows","hexamod:Hexaguard"],"picked":"hexamod:GhostflameBarrier","floor":6},{"not_picked":["hexamod:FastForward","hexamod:SwordOfDarkness"],"picked":"hexamod:InspiringFlames","floor":8},{"not_picked":["hexamod:Hexaguard","hexamod:AdvancingGuard"],"picked":"hexamod:SpectersWail","floor":11},{"not_picked":["hexamod:BacktrackSmack","hexamod:SpectralAdrenaline"],"picked":"hexamod:RainOfEmbers","floor":13},{"not_picked":["hexamod:InspiringFlames","hexamod:ShieldOfDarkness"],"picked":"hexamod:BurningTouch","floor":14},{"not_picked":["hexamod:CrushingStance","hexamod:TimeOfNeed"],"picked":"hexamod:TimeWarp","floor":16},{"not_picked":["hexamod:NightmareStrike+1","hexamod:SpectersWail"],"picked":"hexamod:FastForward","floor":18},{"not_picked":["hexamod:FastForward","hexamod:BurningTouch","hexamod:SpectralAdrenaline"],"picked":"SKIP","floor":19},{"not_picked":["hexamod:GhostLash+1","hexamod:RecurringNightmare"],"picked":"hexamod:EmpoweringStance","floor":21},{"not_picked":["hexamod:HeatShield","hexamod:DynamicBlow"],"picked":"hexamod:BacktrackSmack","floor":22}],"player_experience":695015,"relics_obtained":[{"floor":7,"key":"Regal Pillow"},{"floor":8,"key":"Pantograph"},{"floor":13,"key":"Strawberry"}],"event_choices":[{"cards_removed":["hexamod:Strike"],"damage_healed":0,"gold_gain":0,"player_choice":"Card Removal","damage_taken":0,"max_hp_gain":0,"max_hp_loss":0,"event_name":"The Cleric","floor":3,"gold_loss":0},{"damage_healed":0,"gold_gain":0,"player_choice":"Donut","damage_taken":0,"max_hp_gain":5,"max_hp_loss":0,"event_name":"Big Fish","floor":4,"gold_loss":0},{"damage_healed":0,"gold_gain":0,"player_choice":"Forge","damage_taken":0,"max_hp_gain":0,"max_hp_loss":0,"event_name":"Accursed Blacksmith","floor":20,"gold_loss":0,"cards_upgraded":["hexamod:TimeWarp"]}],"is_beta":false,"boss_relics":[{"not_picked":["Tiny House","SlaversCollar"],"picked":"Pandora\u0027s Box"}],"items_purged_floors":[],"is_endless":false,"potions_floor_spawned":[1,2,11,13,19],"killed_by":"Slavers","ascension_level":9}}