{"host":"qlo0xo0cdeotglqz","time":1608242138,"event":{"mods":["2.2 Compatiblity","Act Like it!","BaseMod","Bestiary","Better Third Choice","Clockwork Mod","Colored Map","DeckTracker","Downfall","Gremlin Mod","Infinite Spire","Jorbs\u0027s Wanderer Trilogy","Minty Spire (QoL Compilation)","Potionbrewer","Rare Cards Sparkle","Replay The Spire","StSLib","The Animator","The Blackbeard","The Blue Laboratory","The Cursed","The Forsaken","Uncapped"],"gold_per_floor":[112,128,7,232,332,332,350,350,350,365,365,79,102,102,102,206,206,222,222,233,247,261,261,33,33,33,45,45,72,72,90,90,102,102,102],"floor_reached":33,"playtime":2221,"items_purged":["Burn"],"score":255,"play_id":"ae9c6dd2-7c32-44a6-a4f2-3daf769004f1","local_time":"20201217225538","is_ascension_mode":false,"campfire_choices":[{"data":"blackbeard:Sword","floor":6,"key":"SMITH"},{"data":"blackbeard:FieryDefense","floor":8,"key":"SMITH"},{"data":"blackbeard:BrownPants","floor":15,"key":"SMITH"},{"floor":23,"key":"REST"},{"floor":25,"key":"REST"},{"floor":28,"key":"REST"},{"floor":32,"key":"REST"}],"circlet_count":0,"master_deck":["blackbeard:IntimidatingStrike","blackbeard:BlackbeardDefend","blackbeard:BlackbeardDefend","blackbeard:BlackbeardDefend","blackbeard:BlackbeardDefend","blackbeard:Cutlass+1","blackbeard:Sword+1","blackbeard:GoldenCannonball","blackbeard:Sword","blackbeard:AgileStrike","blackbeard:FieryDefense+1","blackbeard:BrownPants+1","blackbeard:RearmingStrike","blackbeard:Shrapnel","blackbeard:PowerHungry","blackbeard:SwordDance","blackbeard:Parrot","blackbeard:WeaponProficiency","blackbeard:Dagger","blackbeard:RearmingStrike","blackbeard:Spear","blackbeard:InfiniteBarrage","blackbeard:FieryDefense","blackbeard:PirateHook","blackbeard:FishingNets+1","blackbeard:WeaponMastery","Slimebound:Tackle+1","Slimebound:Tackle+1","Slimebound:Tackle+1","blackbeard:Revenge+1"],"relics":["blackbeard:LoadTheGoldenCannons","Anchor","Pet Ghost","Nloth\u0027s Gift","Gremlin Horn","Replay:Bandana"],"acts_visited":["Exordium","TheCity"],"potions_floor_usage":[],"damage_taken":[{"damage":1,"enemies":"Cultist","floor":1,"turns":3},{"damage":1,"enemies":"Jaw Worm","floor":2,"turns":4},{"damage":0,"enemies":"2 Louse","floor":7,"turns":1},{"damage":0,"enemies":"Looter","floor":10,"turns":2},{"damage":20,"enemies":"Slime Boss","floor":16,"turns":8},{"damage":9,"enemies":"3 Byrds","floor":18,"turns":4},{"damage":0,"enemies":"Chosen","floor":20,"turns":5},{"damage":27,"enemies":"Sentry and Sphere","floor":21,"turns":5},{"damage":28,"enemies":"Chosen and Byrds","floor":22,"turns":5},{"damage":2,"enemies":"3 Cultists","floor":27,"turns":4},{"damage":35,"enemies":"Slavers","floor":29,"turns":4},{"damage":17,"enemies":"Sentry and Sphere","floor":31,"turns":4},{"damage":57,"enemies":"Champ","floor":33,"turns":8}],"seed_played":"-8220461664933949127","potions_obtained":[{"floor":10,"key":"BlessingOfTheForge"},{"floor":21,"key":"Toxic Potion"},{"floor":27,"key":"Energy Potion"}],"is_trial":false,"path_per_floor":["M","M","$","?","?","R","M","R","T","M","?","$","T","?","R","B",null,"M","?","M","M","M","R","$","R","T","M","R","E","?","M","R","B"],"character_chosen":"BLACKBEARD_CLASS","items_purchased":["blackbeard:Sword","blackbeard:AgileStrike","blackbeard:RearmingStrike","blackbeard:Shrapnel","blackbeard:PowerHungry","blackbeard:SwordDance","blackbeard:InfiniteBarrage","blackbeard:FieryDefense","blackbeard:PirateHook"],"campfire_rested":4,"item_purchase_floors":[3,3,12,12,12,12,24,24,24],"current_hp_per_floor":[74,73,73,73,73,73,73,73,73,73,78,78,78,78,78,58,80,71,71,71,44,16,40,40,64,64,62,80,45,45,28,52,0,0,0],"gold":102,"neow_bonus":"UPGRADE_CARD","is_daily":false,"chose_seed":false,"campfire_upgraded":3,"win_rate":0.0,"timestamp":1608242138,"path_taken":["M","M","$","?","?","R","?","R","T","M","?","?","?","?","R","BOSS","M","?","M","?","M","R","$","R","T","M","R","E","?","M","R","BOSS"],"items_purchased_type":["Card","Card","Card","Card","Card","Card","Card","Card","Card"],"build_version":"2020-12-13","purchased_purges":1,"victory":false,"max_hp_per_floor":[75,75,75,75,75,75,75,75,75,75,80,80,80,80,80,80,80,80,80,80,80,80,80,80,80,80,80,80,80,80,80,80,80,80,80],"card_choices":[{"not_picked":["blackbeard:WiseDefense","blackbeard:Toast"],"picked":"blackbeard:Sword","floor":1},{"not_picked":["blackbeard:Fencing","blackbeard:DoubleCannonball"],"picked":"blackbeard:GoldenCannonball","floor":2},{"not_picked":["blackbeard:Dagger","blackbeard:DoubleBottom"],"picked":"blackbeard:FieryDefense","floor":7},{"not_picked":["blackbeard:SwordDance","blackbeard:Dagger"],"picked":"blackbeard:BrownPants","floor":10},{"not_picked":["blackbeard:Lifeboat","blackbeard:GoldenGuillotine"],"picked":"blackbeard:Parrot","floor":16},{"not_picked":["blackbeard:CloakAndCannonball","blackbeard:CaptainsCabin"],"picked":"blackbeard:WeaponProficiency","floor":18},{"not_picked":["blackbeard:AgileStrike","blackbeard:Boarding"],"picked":"blackbeard:Dagger","floor":20},{"not_picked":["blackbeard:GoldenDefense","blackbeard:PiratesWill+1"],"picked":"blackbeard:RearmingStrike","floor":21},{"not_picked":["blackbeard:DoubleCannonball","blackbeard:Sword+1"],"picked":"blackbeard:Spear","floor":22},{"not_picked":["blackbeard:Anchor","blackbeard:WiseDefense"],"picked":"blackbeard:FishingNets+1","floor":27},{"not_picked":["blackbeard:Lifeboat","blackbeard:GoldenStrike+1"],"picked":"blackbeard:WeaponMastery","floor":29},{"not_picked":["blackbeard:TacticalRetreat+1","blackbeard:DelayedPain+1"],"picked":"blackbeard:Revenge+1","floor":31}],"player_experience":62509,"relics_obtained":[{"floor":9,"key":"Anchor"},{"floor":13,"key":"Pet Ghost"},{"floor":26,"key":"Gremlin Horn"},{"floor":29,"key":"Replay:Bandana"}],"event_choices":[{"damage_healed":0,"gold_gain":225,"player_choice":"YARR","damage_taken":0,"relics_obtained":["Meat on the Bone"],"max_hp_gain":0,"max_hp_loss":0,"event_name":"blackbeard:Ssssserpent","floor":4,"gold_loss":0},{"damage_healed":0,"gold_gain":100,"player_choice":"Gold","damage_taken":0,"max_hp_gain":0,"max_hp_loss":0,"event_name":"Wheel of Change","floor":5,"gold_loss":0},{"damage_healed":0,"gold_gain":0,"player_choice":"Donut","damage_taken":0,"max_hp_gain":5,"max_hp_loss":0,"event_name":"Big Fish","floor":11,"gold_loss":0},{"damage_healed":78,"gold_gain":0,"player_choice":"Embrace Burn","damage_taken":0,"max_hp_gain":0,"max_hp_loss":80,"event_name":"betterThird:BetterShining","floor":14,"gold_loss":0},{"damage_healed":0,"gold_gain":0,"player_choice":"Traded Relic","damage_taken":0,"relics_obtained":["Nloth\u0027s Gift"],"max_hp_gain":0,"max_hp_loss":0,"event_name":"N\u0027loth","floor":19,"relics_lost":["Meat on the Bone"],"gold_loss":0}],"is_beta":false,"boss_relics":[{"not_picked":["Calling Bell","Busted Crown"],"picked":"blackbeard:LoadTheGoldenCannons"}],"items_purged_floors":[24],"is_endless":false,"potions_floor_spawned":[10,21,27,29],"killed_by":"Champ","ascension_level":0}}