{"host":"dwyzfvnzfcqffr30","time":1608212287,"event":{"mods":["2.2 Compatiblity","Act Like it!","BaseMod","Beaked The Cultist","Better Altar","Better Sensory Stone","Better Third Choice","Clockwork Mod","Colored Map","Colored Powertips","Conspire","Downfall","Elementarium","GifTheSpireLib","Halation","Hermit","Hubris","Jedi Mod","Menagerie","Mimic Mod","Minty Spire (QoL Compilation)","Permanent Neow","Random Character Button","Replay The Spire","Spicy Shops","StSLib","Stuff the Spire","The Construct","The Druid","TheFirefly","Trackpad","vexMod"],"gold_per_floor":[115,115,115,126,142,167,178,211,238,253,288,301,6,18,18,119,119,133,133,4,95,95,95,123,123,123,98,128,128,147,97,97,193,193,213,230,230,103,103,135,166,166,166],"floor_reached":42,"playtime":3541,"items_purged":["StuffTheSpire:CuriosityCurse","Pain","theDruid:Strike_O+1"],"score":833,"play_id":"c34eecd0-96d5-40a5-b314-54e9ed4ee4bc","local_time":"20201217053807","is_ascension_mode":true,"campfire_choices":[{"floor":15.0,"key":"REST"},{"floor":23.0,"key":"REST"},{"floor":25.0,"key":"REST"},{"floor":32.0,"key":"REST"}],"circlet_count":0,"master_deck":["theDruid:Strike_O+1","theDruid:Strike_O+1","theDruid:Strike_O+1","theDruid:Defend_O+1","theDruid:Defend_O+1","theDruid:Defend_O+1","theDruid:Defend_O+1","theDruid:BriarArmor+1","theDruid:WildSlash+1","vexMod:StairwayStrike+1","MasterReality+1","theDruid:Eclipse+1","theDruid:ThickHide+1","theDruid:InsectSwarm+1","theDruid:BloodiedFur+1","theDruid:Guidance+1","theDruid:Resupply+1","theDruid:Swipe+1","theDruid:FeralPlants+1","theDruid:WildFrenzy+1","theDruid:HerbalismKit+1","theDruid:Infestation+1","theDruid:PrimalStrength+1","theDruid:FuriousSlash+1","theDruid:BristlingBulwark+1","theDruid:IronClaw+1","theDruid:BagofTricks+1","theDruid:Infestation+1","theDruid:CelestialSurge+1","theDruid:PouncingStrike+1","theDruid:BristlingDefense+1"],"relics":["theDruid:CrownOfTheWilds","Juzu Bracelet","Black Star","Molten Egg 2","Toxic Egg 2","Frozen Egg 2","Quantum Egg","Bottled Tornado","Replay:Baseball","Smiling Mask","Simple Rune","jedi:angrymask","Orichalcum","trackpad:Compendium","conspire:SlowCooker","Elementarium:FlickeringLantern","trackpad:ByrdBGone","jedi:matchstick","trackpad:DisasterInABottle","jedi:archwizardhat","Oddly Smooth Stone","Elementarium:GolemsHeart","Elementarium:ElementariumTrophy","trackpad:Coffee","hubris:Reverence","Sling","hubris:TenFootPole","Replay:Ringing Soul","Blood Vial"],"acts_visited":["Menagerie:Menagerie","Elementarium:Elementarium","TheBeyond"],"potions_floor_usage":[33,35,40,40,40,40,41],"damage_taken":[{"damage":0.0,"enemies":"Menagerie:StygianBoar","floor":1.0,"turns":2.0},{"damage":0.0,"enemies":"Menagerie:MonstrousExperiment","floor":4.0,"turns":3.0},{"damage":2.0,"enemies":"Menagerie:2_RABBITS","floor":5.0,"turns":3.0},{"damage":16.0,"enemies":"Menagerie:MaskedSummoner","floor":6.0,"turns":17.0},{"damage":2.0,"enemies":"Menagerie:RedMage","floor":7.0,"turns":5.0},{"damage":3.0,"enemies":"Menagerie:Hydra","floor":8.0,"turns":5.0},{"damage":0.0,"enemies":"Menagerie:MeltingSalamander","floor":10.0,"turns":4.0},{"damage":0.0,"enemies":"Menagerie:MaskedSummoner","floor":11.0,"turns":7.0},{"damage":1.0,"enemies":"Menagerie:BEAST_MAGE_AND_PROWLING_AMALGAM","floor":12.0,"turns":4.0},{"damage":0.0,"enemies":"Menagerie:EntropyWarlock","floor":14.0,"turns":3.0},{"damage":7.0,"enemies":"Menagerie:AVATARS","floor":16.0,"turns":5.0},{"damage":1.0,"enemies":"Elementarium:Cyclone","floor":18.0,"turns":5.0},{"damage":11.0,"enemies":"Elementarium:WarGolem","floor":24.0,"turns":3.0},{"damage":9.0,"enemies":"Elementarium:FIRE_NOBILITY","floor":28.0,"turns":6.0},{"damage":15.0,"enemies":"Elementarium:MUD_AND_TAR_GOLEMS","floor":30.0,"turns":4.0},{"damage":10,"enemies":"Elementarium:GoldenDragon","floor":33,"turns":8},{"damage":0,"enemies":"3 Shapes","floor":35,"turns":4},{"damage":10,"enemies":"Orb Walker","floor":36,"turns":5},{"damage":20,"enemies":"Reptomancer","floor":40,"turns":7},{"damage":22,"enemies":"Giant Head","floor":41,"turns":8},{"damage":29,"enemies":"Writhing Mass","floor":42,"turns":1}],"seed_played":"2030796637473644318","potions_obtained":[{"floor":5.0,"key":"Elixir"},{"floor":6.0,"key":"Strength Potion"},{"floor":10.0,"key":"Guardian:BlockOnCardUsePotion"},{"floor":11.0,"key":"Reflective Coating"},{"floor":16.0,"key":"DuplicationPotion"},{"floor":40,"key":"Explosive Potion"}],"is_trial":false,"path_per_floor":["M","?","?","M","M","E","M","E","T","M","E","M","$","M","R","B",null,"M","?","$","?","?","R","E","R","T","?","E","?","M","$","R","B",null,"M","M","T","$","?","E","E","M"],"character_chosen":"DRUID","items_purchased":["trackpad:Compendium","theDruid:FeralPlants+1","theDruid:PrimalStrength+1","theDruid:FuriousSlash+1","Sling"],"campfire_rested":4,"item_purchase_floors":[13,13,20,20,38],"current_hp_per_floor":[68,73,73,73,71,55,53,50,50,50,50,49,49,49,70,63,71,70,70,70,41,41,62,51,72,72,72,63,63,48,48,69,59,70,70,60,60,60,60,40,18,0,0],"gold":166,"neow_bonus":"RANDOM_COLORLESS_2","is_daily":false,"chose_seed":false,"campfire_upgraded":0,"win_rate":0.0,"timestamp":1608212287,"path_taken":["M","?","?","M","M","E","M","E","T","M","E","M","$","M","R","BOSS","M","?","$","?","?","R","E","R","T","?","E","?","M","?","R","BOSS","M","M","?","$","?","E","E","M"],"items_purchased_type":["Relic","Card","Card","Card","Relic"],"build_version":"2020-12-13","purchased_purges":3,"victory":false,"max_hp_per_floor":[68,73,73,73,73,73,73,73,73,73,73,73,73,73,73,73,73,73,73,73,73,73,73,73,73,73,73,73,73,73,73,73,73,73,73,73,73,73,73,73,73,73,73],"card_choices":[{"not_picked":["jedi:RedIncense","Crow Ritual"],"picked":"vexMod:StairwayStrike","floor":0.0},{"not_picked":["theDruid:IronClaw+1","theDruid:Resupply+1"],"picked":"theDruid:Eclipse+1","floor":1.0},{"not_picked":["theDruid:Slingshot+1","theDruid:TwilightsCall+1"],"picked":"theDruid:ThickHide+1","floor":4.0},{"not_picked":["theDruid:TakeShelter+1","theDruid:Rummage+1","theDruid:Resupply+1"],"picked":"SKIP","floor":5.0},{"not_picked":["theDruid:FelineGrace+1","theDruid:Eclipse+1"],"picked":"theDruid:InsectSwarm+1","floor":6.0},{"not_picked":["theDruid:WildArmor+1","theDruid:Thornburst+1"],"picked":"theDruid:BloodiedFur+1","floor":7.0},{"not_picked":["theDruid:Eclipse+1","theDruid:BlessedStrike+1","theDruid:SerratedFlesh+1"],"picked":"SKIP","floor":8.0},{"not_picked":["theDruid:Starfall+1","theDruid:WallofRoots+1"],"picked":"theDruid:Guidance+1","floor":10.0},{"not_picked":["theDruid:Moonbeam+1","theDruid:BlessedStrike+1"],"picked":"theDruid:Resupply+1","floor":11.0},{"not_picked":["theDruid:BrambleLash+1","theDruid:BlessedStrike+1"],"picked":"theDruid:Swipe+1","floor":12.0},{"not_picked":["theDruid:Slingshot+1","theDruid:BlessedStrike+1"],"picked":"theDruid:WildFrenzy+1","floor":14.0},{"not_picked":["theDruid:CelestialSurge+1","theDruid:TearOpen+1"],"picked":"theDruid:HerbalismKit+1","floor":16.0},{"not_picked":["theDruid:FullMoon+1","theDruid:Recoil+1"],"picked":"theDruid:Infestation+1","floor":18.0},{"not_picked":["theDruid:ExposingSlash+1","theDruid:BloodiedFur+1"],"picked":"theDruid:BristlingBulwark+1","floor":21.0},{"not_picked":["theDruid:Resupply+1","theDruid:FelineGrace+1"],"picked":"theDruid:IronClaw+1","floor":21.0},{"not_picked":["theDruid:PlagueClaw+1","theDruid:ThornStrike+1"],"picked":"theDruid:BagofTricks+1","floor":24.0},{"not_picked":["theDruid:Rummage+1","theDruid:ExposingSlash+1","theDruid:Resupply+1"],"picked":"SKIP","floor":28.0},{"not_picked":["theDruid:LunarScythe+1","theDruid:TwilightsCall+1"],"picked":"theDruid:Infestation+1","floor":30.0},{"not_picked":["theDruid:Earthquake+1","theDruid:HailofThorns+1"],"picked":"theDruid:CelestialSurge+1","floor":33},{"not_picked":["theDruid:FelineGrace+1","theDruid:Resupply+1"],"picked":"theDruid:PouncingStrike+1","floor":35},{"not_picked":["theDruid:Slingshot+1","theDruid:Untamed+1"],"picked":"theDruid:BristlingDefense+1","floor":36},{"not_picked":["theDruid:TakeShelter+1","theDruid:BrambleLash+1","theDruid:MysticBarrier+1"],"picked":"SKIP","floor":40},{"not_picked":["theDruid:TakeShelter+1","theDruid:InsectSwarm+1","theDruid:Scavenge+1"],"picked":"SKIP","floor":41}],"player_experience":1999885,"relics_obtained":[{"floor":6.0,"key":"Smiling Mask"},{"floor":8.0,"key":"Simple Rune"},{"floor":11.0,"key":"jedi:angrymask"},{"floor":11.0,"key":"Orichalcum"},{"floor":24.0,"key":"jedi:matchstick"},{"floor":24.0,"key":"trackpad:DisasterInABottle"},{"floor":28.0,"key":"jedi:archwizardhat"},{"floor":28.0,"key":"Oddly Smooth Stone"},{"floor":37,"key":"hubris:Reverence"},{"floor":40,"key":"hubris:TenFootPole"},{"floor":41,"key":"Replay:Ringing Soul"},{"floor":41,"key":"Blood Vial"}],"event_choices":[{"damage_healed":0.0,"max_hp_gain":0.0,"max_hp_loss":0.0,"gold_gain":0.0,"event_name":"betterThird:BetterWriting","player_choice":"Simplicity","floor":0.0,"gold_loss":0.0,"damage_taken":0.0},{"damage_healed":0.0,"max_hp_gain":0.0,"max_hp_loss":0.0,"gold_gain":0.0,"event_name":"Upgrade Shrine","player_choice":"Upgraded","floor":0.0,"gold_loss":0.0,"damage_taken":0.0,"cards_upgraded":["theDruid:BriarArmor"]},{"damage_healed":0.0,"max_hp_gain":0.0,"max_hp_loss":0.0,"gold_gain":0.0,"event_name":"Upgrade Shrine","player_choice":"Upgraded","floor":0.0,"gold_loss":0.0,"damage_taken":0.0,"cards_upgraded":["theDruid:WildSlash"]},{"damage_healed":0.0,"max_hp_gain":0.0,"max_hp_loss":0.0,"gold_gain":0.0,"event_name":"Upgrade Shrine","player_choice":"Upgraded","floor":0.0,"gold_loss":0.0,"damage_taken":0.0,"cards_upgraded":["vexMod:StairwayStrike"]},{"damage_healed":0.0,"max_hp_gain":0.0,"max_hp_loss":0.0,"gold_gain":0.0,"event_name":"Upgrade Shrine","player_choice":"Upgraded","floor":0.0,"gold_loss":0.0,"damage_taken":0.0,"cards_upgraded":["theDruid:Strike_O"]},{"damage_healed":0.0,"max_hp_gain":0.0,"max_hp_loss":0.0,"gold_gain":0.0,"event_name":"Upgrade Shrine","player_choice":"Upgraded","floor":0.0,"gold_loss":0.0,"damage_taken":0.0,"cards_upgraded":["theDruid:Strike_O"]},{"damage_healed":0.0,"max_hp_gain":0.0,"max_hp_loss":0.0,"gold_gain":0.0,"event_name":"Upgrade Shrine","player_choice":"Upgraded","floor":0.0,"gold_loss":0.0,"damage_taken":0.0,"cards_upgraded":["theDruid:Strike_O"]},{"damage_healed":0.0,"max_hp_gain":0.0,"max_hp_loss":0.0,"gold_gain":0.0,"event_name":"Upgrade Shrine","player_choice":"Upgraded","floor":0.0,"gold_loss":0.0,"damage_taken":0.0,"cards_upgraded":["theDruid:Strike_O"]},{"damage_healed":0.0,"max_hp_gain":0.0,"max_hp_loss":0.0,"gold_gain":0.0,"event_name":"Upgrade Shrine","player_choice":"Upgraded","floor":0.0,"gold_loss":0.0,"damage_taken":0.0,"cards_upgraded":["theDruid:Defend_O"]},{"damage_healed":0.0,"max_hp_gain":0.0,"max_hp_loss":0.0,"gold_gain":0.0,"event_name":"Upgrade Shrine","player_choice":"Upgraded","floor":0.0,"gold_loss":0.0,"damage_taken":0.0,"cards_upgraded":["theDruid:Defend_O"]},{"damage_healed":0.0,"max_hp_gain":0.0,"max_hp_loss":0.0,"gold_gain":0.0,"event_name":"Upgrade Shrine","player_choice":"Upgraded","floor":0.0,"gold_loss":0.0,"damage_taken":0.0,"cards_upgraded":["theDruid:Defend_O"]},{"damage_healed":0.0,"max_hp_gain":0.0,"max_hp_loss":0.0,"gold_gain":0.0,"event_name":"Upgrade Shrine","player_choice":"Upgraded","floor":0.0,"gold_loss":0.0,"damage_taken":0.0,"cards_upgraded":["theDruid:Defend_O"]},{"damage_healed":0.0,"max_hp_gain":5.0,"max_hp_loss":0.0,"gold_gain":0.0,"event_name":"Menagerie:HarrowingRitual","player_choice":"Shield","floor":2.0,"gold_loss":0.0,"damage_taken":0.0},{"damage_healed":0.0,"max_hp_gain":0.0,"max_hp_loss":0.0,"gold_gain":0.0,"event_name":"Elementarium:HeartOfTheVoid","player_choice":"Take","floor":19.0,"gold_loss":0.0,"damage_taken":0.0,"relics_obtained":["Elementarium:FlickeringLantern"]},{"damage_healed":0.0,"max_hp_gain":0.0,"max_hp_loss":0.0,"gold_gain":0.0,"event_name":"Elementarium:AbandonedFactory","player_choice":"Chest","floor":29.0,"gold_loss":0.0,"damage_taken":0.0,"relics_obtained":["Elementarium:GolemsHeart"],"cards_obtained":["Pain"]}],"is_beta":false,"boss_relics":[{"not_picked":["halation:CatFaceCupcake","ChewingGum"],"picked":"conspire:SlowCooker"},{"not_picked":["halation:SmartPhone","Pandora\u0027s Box"],"picked":"trackpad:Coffee"}],"items_purged_floors":[13,31,38],"is_endless":false,"potions_floor_spawned":[5,6,10,11,16,24,36,40],"killed_by":"Writhing Mass","ascension_level":9}}