{"host":"2ttsipbxjlhedj1t","time":1608221829,"event":{"mods":["2.2 Compatiblity","Act Like it!","BaseMod","Colored Map","Colored Powertips","Curses Come First","Highlight Path","Minty Spire (QoL Compilation)","Quick Restart","Robot Space Explorer","Shop Mod","StSLib"],"gold_per_floor":[109,121,121,121,46,46,46,46,73,116,153,186,198,160,172,184,184],"floor_reached":16,"playtime":816,"items_purged":["Defend_G"],"score":98,"play_id":"c77e1749-6890-4c54-8fe6-85ddc82a00ef","local_time":"20201217111709","is_ascension_mode":false,"campfire_choices":[{"data":"Riddle With Holes","floor":15,"key":"SMITH"}],"circlet_count":0,"master_deck":["Strike_G","Strike_G","Strike_G","Strike_G","Defend_G","Defend_G","Defend_G","Survivor","Neutralize","Riddle With Holes+1","Prepared","Tactician","Dagger Spray","Tactician"],"relics":["Ring of the Snake","MealTicket","Golden Idol","Tough Bandages","Incense Burner","Bag of Marbles","MawBank"],"acts_visited":["Exordium"],"potions_floor_usage":[12],"damage_taken":[{"damage":5,"enemies":"Small Slimes","floor":1,"turns":4},{"damage":0,"enemies":"Jaw Worm","floor":2,"turns":4},{"damage":17,"enemies":"3 Sentries","floor":10,"turns":12},{"damage":0,"enemies":"2 Louse","floor":11,"turns":1},{"damage":9,"enemies":"Exordium Thugs","floor":12,"turns":4},{"damage":50,"enemies":"Slime Boss","floor":16,"turns":12}],"seed_played":"1055090964054618258","potions_obtained":[{"floor":2,"key":"Energy Potion"}],"is_trial":false,"path_per_floor":["M","M","?","?","$","?","?","T","T","E","M","M","$","?","R","B"],"character_chosen":"THE_SILENT","items_purchased":[],"campfire_rested":0,"item_purchase_floors":[],"current_hp_per_floor":[65,65,65,47,62,62,62,62,62,45,45,36,51,51,51,1,1],"gold":184,"neow_bonus":"TRANSFORM_CARD","is_daily":false,"chose_seed":false,"campfire_upgraded":1,"win_rate":0.0,"timestamp":1608221829,"path_taken":["M","M","?","?","?","?","?","?","T","E","M","M","$","?","R","BOSS"],"items_purchased_type":[],"build_version":"2020-12-13","purchased_purges":1,"victory":false,"max_hp_per_floor":[70,70,70,70,70,70,70,70,70,70,70,70,70,70,70,70,70],"card_choices":[{"not_picked":["Bane","Heel Hook"],"picked":"Prepared","floor":1},{"not_picked":["Dagger Spray","Reflex"],"picked":"Tactician","floor":2},{"not_picked":["Endless Agony","Terror"],"picked":"Dagger Spray","floor":10},{"not_picked":["Flying Knee","PiercingWail","Quick Slash"],"picked":"SKIP","floor":11},{"not_picked":["Quick Slash","Acrobatics"],"picked":"Tactician","floor":12}],"player_experience":346157,"relics_obtained":[{"floor":8,"key":"Incense Burner"},{"floor":9,"key":"Bag of Marbles"},{"floor":10,"key":"MawBank"}],"event_choices":[{"cards_removed":["Strike_G"],"damage_healed":0,"gold_gain":0,"player_choice":"Forget","damage_taken":0,"max_hp_gain":0,"max_hp_loss":0,"event_name":"Living Wall","floor":3,"gold_loss":0},{"damage_healed":0,"gold_gain":0,"player_choice":"Success","damage_taken":18,"relics_obtained":["MealTicket"],"max_hp_gain":0,"max_hp_loss":0,"event_name":"Scrap Ooze","floor":4,"gold_loss":0},{"damage_healed":0,"gold_gain":0,"player_choice":"Take Wound","damage_taken":0,"relics_obtained":["Golden Idol"],"max_hp_gain":0,"max_hp_loss":0,"event_name":"Golden Idol","floor":6,"gold_loss":0,"cards_obtained":["Injury"]},{"damage_healed":0,"gold_gain":0,"player_choice":"Searched \u00272\u0027 times","damage_taken":0,"relics_obtained":["Tough Bandages"],"max_hp_gain":0,"max_hp_loss":0,"event_name":"Dead Adventurer","floor":7,"gold_loss":0},{"cards_removed":["Injury"],"damage_healed":0,"gold_gain":0,"player_choice":"Card Removal","damage_taken":0,"max_hp_gain":0,"max_hp_loss":0,"event_name":"The Cleric","floor":14,"gold_loss":50}],"is_beta":false,"boss_relics":[],"items_purged_floors":[5],"is_endless":false,"potions_floor_spawned":[2],"killed_by":"Slime Boss","ascension_level":0}}