{"host":"amyouew1jj5rel7b","time":1608221143,"event":{"mods":["AchievementEnabler","BaseMod","Better Altar","Better Match","Better Note","Better Skull","CapriCore","Minty Spire (QoL Compilation)","Permanent Neow","Spicy Shops","StSLib","SuperFastMode","The Dragon Tamer"],"gold_per_floor":[117,127,127,137,312,312,340,340,340,352,368,368,138,169,169,264,264,280,280,300,311,322,322,341,341,341,341,193,222,222,222,222,326,326,340,390,405,405,405,405,185,215,215,231,231,231,243,263,263,263,263,263],"floor_reached":50,"playtime":2341,"items_purged":["Doubt"],"score":600,"play_id":"bed8af38-a613-4eb5-a467-4990aad59bf1","local_time":"20201218010543","is_ascension_mode":false,"metric_token":863,"campfire_choices":[{"data":"DTMod:MagiciansMark","floor":6,"key":"SMITH"},{"data":"DTMod:MaximumCharge","floor":8,"key":"SMITH"},{"floor":12,"key":"REST"},{"data":"DTMod:TriAttack","floor":15,"key":"SMITH"},{"data":"DTMod:SealedStrike","floor":23,"key":"SMITH"},{"data":"DTMod:SealedStrike+1","floor":25,"key":"SMITH"},{"data":"DTMod:SealedStrike+2","floor":27,"key":"SMITH"},{"data":"DTMod:SealedStrike+3","floor":32,"key":"SMITH"},{"data":"DTMod:SealedStrike+4","floor":40,"key":"SMITH"},{"data":"Finesse","floor":46,"key":"SMITH"},{"floor":49,"key":"RECALL"}],"dtmod_dragon_data":[58,58,1,0,8,0],"circlet_count":0,"master_deck":["DTMod:Strike+1","DTMod:Strike+1","DTMod:DoubleHit+1","DTMod:TargetDefense+1","DTMod:TargetDefense+1","DTMod:TargetDefense+1","DTMod:SwitchingTactic+1","DTMod:BuildUp+1","DTMod:BizarreTactic+1","DTMod:Cover+1","DTMod:MagiciansMark+1","DTMod:Weaken+1","DTMod:MaximumCharge+1","DTMod:BalancedStrike+1","DTMod:TriAttack+1","DTMod:ComboAttack+1","DTMod:SealedStrike+5","DTMod:ShieldDrain+1","DTMod:Training+1","DTMod:MagiciansMark+1","DTMod:EchoTactic+1","DTMod:CleansingStrike+1","DTMod:Harmonize+1","DTMod:Training+1","DTMod:TagTeam+1","Finesse+1","DTMod:Training+1"],"relics":["DTMod:MagicStone","DTMod:TacticalNote","Bag of Preparation","Pen Nib","StrikeDummy","DTMod:BindingString","Vajra","HornCleat","Toy Ornithopter","Black Star","FossilizedHelix","DTMod:MindBender","Bag of Marbles","Sundial","Bottled Tornado","DTMod:BasicTextbook"],"acts_visited":["Exordium","TheCity","TheBeyond"],"potions_floor_usage":[14,29,33,33,47,48,50],"damage_taken":[{"damage":0,"enemies":"Cultist","floor":1,"turns":3},{"damage":0,"enemies":"2 Louse","floor":2,"turns":4},{"damage":0,"enemies":"Small Slimes","floor":4,"turns":2},{"damage":4,"enemies":"3 Sentries","floor":7,"turns":12},{"damage":0,"enemies":"2 Fungi Beasts","floor":10,"turns":2},{"damage":0,"enemies":"Red Slaver","floor":11,"turns":3},{"damage":0,"enemies":"Lagavulin","floor":14,"turns":4},{"damage":10,"enemies":"The Guardian","floor":16,"turns":9},{"damage":0,"enemies":"Spheric Guardian","floor":18,"turns":3},{"damage":0,"enemies":"3 Byrds","floor":20,"turns":4},{"damage":0,"enemies":"Centurion and Healer","floor":21,"turns":4},{"damage":0,"enemies":"Sentry and Sphere","floor":22,"turns":3},{"damage":1,"enemies":"Snake Plant","floor":24,"turns":4},{"damage":11,"enemies":"Book of Stabbing","floor":29,"turns":5},{"damage":0,"enemies":"Champ","floor":33,"turns":8},{"damage":0,"enemies":"Orb Walker","floor":35,"turns":3},{"damage":0,"enemies":"Mind Bloom Boss Battle","floor":36,"turns":3},{"damage":25,"enemies":"3 Darklings","floor":37,"turns":9},{"damage":0,"enemies":"Giant Head","floor":42,"turns":6},{"damage":0,"enemies":"Spire Growth","floor":44,"turns":4},{"damage":0,"enemies":"Sphere and 2 Shapes","floor":47,"turns":2},{"damage":0,"enemies":"3 Darklings","floor":48,"turns":3},{"damage":49,"enemies":"Time Eater","floor":50,"turns":6}],"seed_played":"5808556966402027289","potions_obtained":[{"floor":4,"key":"Dexterity Potion"},{"floor":11,"key":"Energy Potion"},{"floor":14,"key":"BlessingOfTheForge"},{"floor":20,"key":"FearPotion"},{"floor":29,"key":"Weak Potion"},{"floor":33,"key":"Block Potion"},{"floor":35,"key":"FearPotion"},{"floor":47,"key":"Fire Potion"},{"floor":48,"key":"SteroidPotion"}],"is_trial":false,"path_per_floor":["M","M","?","M","?","R","E","R","T","M","M","R","$","E","R","B",null,"M","?","M","M","M","R","M","R","T","R","$","E","?","?","R","B",null,"M","?","M","?","?","R","$","E","T","M","?","R","M","M","R","B"],"character_chosen":"THE_DT","items_purchased":["Pen Nib","Vajra","DTMod:MindBender","Bag of Marbles"],"campfire_rested":1,"item_purchase_floors":[13,28,41,41],"current_hp_per_floor":[33,33,33,33,33,33,29,29,29,29,29,42,42,42,42,32,45,45,45,45,45,45,45,44,44,44,44,44,34,34,34,34,45,45,45,45,20,39,39,39,39,39,39,39,39,39,39,39,39,0,0,0],"gold":263,"neow_bonus":"TRANSFORM_TWO_CARDS","is_daily":false,"chose_seed":false,"campfire_upgraded":9,"win_rate":0.0,"timestamp":1608221143,"path_taken":["M","?","?","M","?","R","E","R","T","M","M","R","$","E","R","BOSS","M","?","?","M","?","R","M","R","T","R","$","E","?","?","R","BOSS","M","?","M","?","?","R","?","E","T","?","?","R","M","M","R","BOSS"],"items_purchased_type":["Relic","Relic","Relic","Relic"],"build_version":"2020-11-30","purchased_purges":1,"victory":false,"max_hp_per_floor":[45,45,45,45,45,45,45,45,45,45,45,45,45,45,45,45,45,45,45,45,45,45,45,45,45,45,45,45,45,45,45,45,45,45,45,45,45,39,39,39,39,39,39,39,39,39,39,39,39,39,39,39],"card_choices":[{"not_picked":["DTMod:BlazingStrike","DTMod:BizarreTactic"],"picked":"DTMod:QuickFly","floor":1},{"not_picked":["DTMod:CalculatedDefense","DTMod:QuickFly"],"picked":"DTMod:Cover","floor":2},{"not_picked":["DTMod:Coolant","DTMod:BreakAttack"],"picked":"DTMod:Weaken","floor":4},{"not_picked":["DTMod:QuickFly","DTMod:BizarreTactic"],"picked":"DTMod:MaximumCharge","floor":7},{"not_picked":["DTMod:ForkedFire","DTMod:BreakAttack"],"picked":"DTMod:BalancedStrike","floor":10},{"not_picked":["DTMod:TagTeam","DTMod:PurifyingFlame"],"picked":"DTMod:TriAttack","floor":11},{"not_picked":["DTMod:BizarreTactic","DTMod:BreakAttack"],"picked":"DTMod:ComboAttack","floor":14},{"not_picked":["DTMod:LightShield","DTMod:Inferno"],"picked":"DTMod:SealedStrike","floor":16},{"not_picked":["DTMod:Weaken","DTMod:QuickFly"],"picked":"DTMod:ShieldDrain","floor":18},{"not_picked":["DTMod:ShieldDrain","DTMod:ForkedFire","DTMod:BreakAttack+1"],"picked":"SKIP","floor":20},{"not_picked":["DTMod:Threaten","DTMod:Hide"],"picked":"DTMod:Training","floor":21},{"not_picked":["DTMod:Threaten","DTMod:CleansingStrike","DTMod:Punisher"],"picked":"SKIP","floor":22},{"not_picked":["DTMod:Haste+1","DTMod:FlameSlash"],"picked":"DTMod:MagiciansMark","floor":24},{"not_picked":["DTMod:BreakAttack+1","DTMod:Coolant"],"picked":"DTMod:EchoTactic","floor":29},{"not_picked":["DTMod:Inferno","DTMod:Outburst"],"picked":"DTMod:Harmonize","floor":33},{"not_picked":["DTMod:Cover","DTMod:Weaken+1"],"picked":"DTMod:Training","floor":35},{"not_picked":["DTMod:MagicField+1","DTMod:BreakAttack+1"],"picked":"DTMod:TagTeam+1","floor":36},{"not_picked":["DTMod:CleansingStrike+1","DTMod:QuickFly","DTMod:Adaptation+1"],"picked":"SKIP","floor":37},{"not_picked":["DTMod:Hide+1","DTMod:BalancedStrike+1","DTMod:ExcessFootwork"],"picked":"SKIP","floor":42},{"not_picked":["DTMod:BlazingStrike+1","DTMod:Weaken","DTMod:CleansingStrike+1"],"picked":"SKIP","floor":44},{"not_picked":["Good Instincts","Violence"],"picked":"Finesse","floor":45},{"not_picked":["DTMod:Coolant+1","DTMod:Observe+1","DTMod:Threaten+1"],"picked":"SKIP","floor":47},{"not_picked":["DTMod:CleansingStrike+1","DTMod:Adaptation"],"picked":"DTMod:Training+1","floor":48}],"player_experience":258346,"relics_obtained":[{"floor":7,"key":"DTMod:TacticalNote"},{"floor":9,"key":"Bag of Preparation"},{"floor":14,"key":"StrikeDummy"},{"floor":26,"key":"DTMod:BindingString"},{"floor":29,"key":"HornCleat"},{"floor":36,"key":"FossilizedHelix"},{"floor":42,"key":"Sundial"},{"floor":42,"key":"Bottled Tornado"},{"floor":43,"key":"DTMod:BasicTextbook"}],"event_choices":[{"damage_healed":0,"gold_gain":0,"cards_transformed":["DTMod:Strike"],"player_choice":"Change","damage_taken":0,"max_hp_gain":0,"max_hp_loss":0,"event_name":"Living Wall","floor":3,"gold_loss":0,"cards_obtained":["DTMod:MagiciansMark"]},{"damage_healed":0,"gold_gain":175,"player_choice":"AGREE","damage_taken":0,"max_hp_gain":0,"max_hp_loss":0,"event_name":"Liars Game","floor":5,"gold_loss":0,"cards_obtained":["Doubt"]},{"damage_healed":0,"gold_gain":0,"player_choice":"Bought 0 Potions","damage_taken":0,"max_hp_gain":0,"max_hp_loss":0,"event_name":"The Woman in Blue","floor":19,"gold_loss":0},{"damage_healed":0,"gold_gain":0,"player_choice":"Gave Potion","damage_taken":0,"relics_obtained":["Toy Ornithopter"],"max_hp_gain":0,"max_hp_loss":0,"event_name":"WeMeetAgain","floor":30,"gold_loss":0},{"damage_healed":0,"gold_gain":0,"cards_transformed":["DTMod:QuickFly"],"player_choice":"Transformed","damage_taken":0,"max_hp_gain":0,"max_hp_loss":0,"event_name":"Transmorgrifier","floor":31,"gold_loss":0,"cards_obtained":["DTMod:CleansingStrike"]},{"damage_healed":0,"gold_gain":0,"player_choice":"Fight","damage_taken":0,"max_hp_gain":0,"max_hp_loss":0,"event_name":"MindBloom","floor":36,"gold_loss":0},{"damage_healed":39,"gold_gain":0,"player_choice":"Heal","damage_taken":0,"max_hp_gain":0,"max_hp_loss":6,"event_name":"The Moai Head","floor":38,"gold_loss":0},{"damage_healed":0,"gold_gain":0,"player_choice":"Ignored","damage_taken":0,"max_hp_gain":0,"max_hp_loss":0,"event_name":"Tomb of Lord Red Mask","floor":39,"gold_loss":0},{"damage_healed":0,"gold_gain":0,"player_choice":"Memory 1","damage_taken":0,"max_hp_gain":0,"max_hp_loss":0,"event_name":"SensoryStone","floor":45,"gold_loss":0}],"is_beta":false,"boss_relics":[{"not_picked":["Runic Pyramid","SacredBark"],"picked":"DTMod:MagicStone"},{"not_picked":["Snecko Eye","Runic Dome"],"picked":"Black Star"}],"items_purged_floors":[13],"is_endless":false,"potions_floor_spawned":[4,11,14,20,21,29,33,35,47,48],"killed_by":"Time Eater","ascension_level":0}}