{"host":"z60ck2mpr6goyib8","time":1608234732,"event":{"mods":["BaseMod","Best Route Mod","Bestiary","Better Third Choice","Block Reminder","Colored Map","Colored Powertips","Googly Eyes","Minty Spire (QoL Compilation)","Quick Restart","Relic Stats","Slay-I","StSLib","everything is the same but u backflip on backflip"],"gold_per_floor":[117,117,3,19,31,42,42,52,52,227,244,244,16,30,30,126,126,138,138,149,248,248,248,248],"floor_reached":23,"playtime":657,"items_purged":["Strike_R"],"score":275,"play_id":"9a279b43-3f5f-4a15-90f9-19e7269af6db","local_time":"20201217195212","is_ascension_mode":true,"campfire_choices":[{"data":"Spot Weakness","floor":7.0,"key":"SMITH"},{"data":"Pommel Strike","floor":12.0,"key":"SMITH"},{"data":"Brutality","floor":15.0,"key":"SMITH"}],"circlet_count":0,"master_deck":["AscendersBane","Strike_R","Strike_R","Defend_R","Defend_R","Defend_R","Bash","Iron Wave","Bloodletting","Pommel Strike+1","Dropkick","Spot Weakness+1","Uppercut","Doubt","Wild Strike","Brutality+1","Shrug It Off","Limit Break","Shrug It Off+1","Body Slam","Headbutt","True Grit","Wild Strike","Dark Shackles","Evolve","Juggernaut"],"relics":["Runic Dome","Dead Branch","Oddly Smooth Stone","Black Star"],"acts_visited":["TheCity"],"potions_floor_usage":[],"damage_taken":[{"damage":0.0,"enemies":"Small Slimes","floor":1.0,"turns":3.0},{"damage":6.0,"enemies":"Cultist","floor":4.0,"turns":4.0},{"damage":10.0,"enemies":"2 Louse","floor":5.0,"turns":3.0},{"damage":0.0,"enemies":"Large Slime","floor":6.0,"turns":4.0},{"damage":0.0,"enemies":"2 Fungi Beasts","floor":8.0,"turns":3.0},{"damage":9.0,"enemies":"Exordium Thugs","floor":11.0,"turns":4.0},{"damage":10.0,"enemies":"3 Louse","floor":14.0,"turns":4.0},{"damage":25.0,"enemies":"Hexaghost","floor":16.0,"turns":6.0},{"damage":30.0,"enemies":"2 Thieves","floor":18.0,"turns":4.0},{"damage":5.0,"enemies":"Chosen","floor":20.0,"turns":3.0},{"damage":35,"enemies":"Book of Stabbing","floor":23,"turns":5}],"seed_played":"320656803114347782","potions_obtained":[{"floor":5.0,"key":"BlessingOfTheForge"},{"floor":6.0,"key":"Regen Potion"},{"floor":11.0,"key":"Swift Potion"},{"floor":14.0,"key":"Strength Potion"},{"floor":16.0,"key":"SteroidPotion"},{"floor":18.0,"key":"PowerPotion"}],"is_trial":false,"path_per_floor":["M","?","$","M","M","M","R","M","T","?","M","R","$","M","R","B",null,"M","?","M","?","?","E"],"character_chosen":"IRONCLAD","items_purchased":["Bloodletting","Oddly Smooth Stone","Brutality"],"campfire_rested":0,"item_purchase_floors":[3,13,13],"current_hp_per_floor":[72,72,72,66,56,56,56,56,56,56,47,47,47,37,37,26,67,37,37,32,32,32,0,0],"gold":248,"neow_bonus":"BOSS_RELIC","is_daily":false,"chose_seed":false,"campfire_upgraded":3,"win_rate":0.0,"timestamp":1608234732,"path_taken":["M","?","?","M","?","M","R","M","T","?","M","R","$","M","R","BOSS","M","?","M","?","?","E"],"items_purchased_type":["Card","Relic","Card"],"build_version":"2020-12-13","purchased_purges":1,"victory":false,"max_hp_per_floor":[80,80,80,80,80,80,80,80,80,80,80,80,80,80,80,80,80,80,80,80,80,80,80,80],"relic_stats":{"counters":[11,43],"Dead Branch":[12],"Black Star":0,"obtain_stats":[{"Runic Dome":0,"Dead Branch":9,"Oddly Smooth Stone":13,"Black Star":17,"Burning Blood":0},{"Runic Dome":0,"Dead Branch":5,"Oddly Smooth Stone":6,"Black Star":8,"Burning Blood":0},{"Runic Dome":0,"Dead Branch":17,"Oddly Smooth Stone":21,"Black Star":31,"Burning Blood":0}]},"card_choices":[{"not_picked":["Fire Breathing","Twin Strike"],"picked":"Iron Wave","floor":1.0},{"not_picked":["Burning Pact","Hemokinesis"],"picked":"Pommel Strike","floor":4.0},{"not_picked":["Whirlwind","Rampage"],"picked":"Dropkick","floor":5.0},{"not_picked":["Twin Strike","Havoc"],"picked":"Spot Weakness","floor":6.0},{"not_picked":["Body Slam","Searing Blow"],"picked":"Uppercut","floor":8.0},{"not_picked":["Hemokinesis","Blood for Blood"],"picked":"Wild Strike","floor":11.0},{"not_picked":["Iron Wave","Clash"],"picked":"Shrug It Off","floor":14.0},{"not_picked":["Berserk","Juggernaut"],"picked":"Limit Break","floor":16.0},{"not_picked":["Sentinel","Cleave"],"picked":"Shrug It Off+1","floor":18.0},{"not_picked":["Pommel Strike","Body Slam"],"picked":"True Grit","floor":20.0}],"player_experience":497111,"relics_obtained":[{"floor":9.0,"key":"Dead Branch"}],"event_choices":[{"cards_removed":["Strike_R"],"damage_healed":0.0,"max_hp_gain":0.0,"max_hp_loss":0.0,"gold_gain":0.0,"event_name":"Purifier","player_choice":"Purged","floor":2.0,"gold_loss":0.0,"damage_taken":0.0},{"damage_healed":0.0,"max_hp_gain":0.0,"max_hp_loss":0.0,"gold_gain":175.0,"event_name":"betterThird:BetterSerpent","player_choice":"AGREE","floor":10.0,"gold_loss":0.0,"damage_taken":52.0},{"damage_healed":0.0,"max_hp_gain":0.0,"max_hp_loss":0.0,"gold_gain":0.0,"cards_transformed":["Defend_R","Strike_R"],"event_name":"Drug Dealer","player_choice":"Became Test Subject","floor":19.0,"gold_loss":0.0,"damage_taken":0.0,"cards_obtained":["Body Slam","Headbutt"]},{"damage_healed":0.0,"max_hp_gain":0.0,"max_hp_loss":0.0,"gold_gain":99.0,"event_name":"betterThird:BetterNest","player_choice":"Steal","floor":21.0,"gold_loss":0.0,"damage_taken":0.0},{"damage_healed":0,"gold_gain":0,"player_choice":"4 cards matched","damage_taken":0,"max_hp_gain":0,"max_hp_loss":0,"event_name":"Match and Keep!","floor":22,"gold_loss":0,"cards_obtained":["Wild Strike","Dark Shackles","Evolve","Juggernaut"]}],"is_beta":false,"boss_relics":[{"not_picked":["Astrolabe","Fusion Hammer"],"picked":"Black Star"}],"items_purged_floors":[3],"is_endless":false,"potions_floor_spawned":[5,6,11,14,16,18],"killed_by":"Book of Stabbing","ascension_level":10}}