{"host":"sum4dy402bbv9y4o","time":1608225892,"event":{"mods":["Aspiration","BaseMod","Conspire","Highlight Path","Minty Spire (QoL Compilation)","StSLib"],"gold_per_floor":[109,15,15,15,31,31,63,74,74,18,18,35,35,35,35,35,35],"floor_reached":16,"playtime":405,"items_purged":[],"score":196,"play_id":"c18f86a5-f791-4657-b3a7-9714ac6c2570","local_time":"20201217202452","is_ascension_mode":true,"campfire_choices":[{"data":"Eruption","floor":6,"key":"SMITH"},{"floor":11,"key":"REST"},{"floor":15,"key":"REST"}],"circlet_count":0,"master_deck":["AscendersBane","Strike_P","Strike_P","Strike_P","Strike_P","Defend_P","Defend_P","Defend_P","Eruption+1","Vigilance","Madness","Meditate","Adaptation","Injury","CrushJoints+1","SandsOfTime+1","EmptyBody","FlurryOfBlows+1","Parasite"],"relics":["PureWater","Molten Egg 2","Dead Branch","conspire:DeflatedDodgeball"],"acts_visited":["Exordium"],"potions_floor_usage":[5,7,12,16],"damage_taken":[{"damage":2,"enemies":"Jaw Worm","floor":1,"turns":3},{"damage":0,"enemies":"Small Slimes","floor":5,"turns":5},{"damage":50,"enemies":"Lagavulin","floor":7,"turns":5},{"damage":0,"enemies":"Cultist","floor":8,"turns":2},{"damage":18,"enemies":"3 Louse","floor":12,"turns":3},{"damage":25,"enemies":"The Guardian","floor":16,"turns":5}],"seed_played":"-8435992650897744456","potions_obtained":[{"floor":1,"key":"Weak Potion"},{"floor":12,"key":"BlessingOfTheForge"}],"is_trial":false,"path_per_floor":["M","$","?","?","M","R","E","M","T","$","R","M","$","?","R","B"],"character_chosen":"WATCHER","items_purchased":["Adaptation","Block Potion","Weak Potion"],"campfire_rested":2,"item_purchase_floors":[2,2,10],"current_hp_per_floor":[59,59,52,52,52,52,2,2,2,2,22,4,4,4,24,0,0],"gold":35,"neow_bonus":"RANDOM_COLORLESS","is_daily":false,"chose_seed":false,"campfire_upgraded":1,"win_rate":0.0,"timestamp":1608225892,"path_taken":["M","$","?","?","M","R","E","M","T","?","R","?","?","?","R","BOSS"],"items_purchased_type":["Card","Potion","Potion"],"build_version":"2020-12-13","purchased_purges":0,"victory":false,"max_hp_per_floor":[68,68,68,68,68,68,68,68,68,68,68,68,68,68,68,68,68],"card_choices":[{"not_picked":["conspire:Banana","Blind"],"picked":"Madness","floor":0},{"not_picked":["JustLucky","Crescendo"],"picked":"Meditate","floor":1},{"not_picked":["Pray","Fasting2"],"picked":"CrushJoints+1","floor":5},{"not_picked":["CrushJoints+1","BattleHymn"],"picked":"SandsOfTime+1","floor":7},{"not_picked":["CutThroughFate+1","Prostrate"],"picked":"EmptyBody","floor":8},{"not_picked":["WindmillStrike+1","Sanctity"],"picked":"FlurryOfBlows+1","floor":12}],"player_experience":2809462,"relics_obtained":[{"floor":7,"key":"Dead Branch"},{"floor":9,"key":"conspire:DeflatedDodgeball"}],"event_choices":[{"cards_removed":["Defend_P"],"damage_healed":0,"gold_gain":0,"player_choice":"Card Removal","damage_taken":7,"max_hp_gain":0,"max_hp_loss":0,"event_name":"Golden Wing","floor":3,"gold_loss":0},{"damage_healed":0,"gold_gain":0,"player_choice":"1 cards matched","damage_taken":0,"max_hp_gain":0,"max_hp_loss":0,"event_name":"Match and Keep!","floor":14,"gold_loss":0,"cards_obtained":["Parasite"]}],"is_beta":false,"boss_relics":[],"items_purged_floors":[],"is_endless":false,"potions_floor_spawned":[1,12],"killed_by":"The Guardian","ascension_level":20}}