{"host":"x1qj4d8ympd5jdqh","time":1608210141,"event":{"mods":["AchievementEnabler","AlwaysNeverKeys","BaseMod","Colored Map","Custom Start","DeckTracker","Highlight Path","Minty Spire (QoL Compilation)","StSLib","SuperFastMode"],"gold_per_floor":[113,113,83,101,121,121,151,151,151,180,180,192,192,208,208,282,282,300,318,318,318,318],"floor_reached":21,"playtime":359,"items_purged":[],"score":369,"play_id":"f9c739a0-d59e-46f3-89d2-7157617ff0de","local_time":"20201217220221","is_ascension_mode":true,"campfire_choices":[{"data":"Doom and Gloom","floor":6,"key":"SMITH"},{"floor":8,"key":"REST"},{"floor":11,"key":"REST"},{"data":"Dualcast","floor":15,"key":"SMITH"}],"circlet_count":0,"master_deck":["AscendersBane","Strike_B","Strike_B+1","Strike_B+1","Strike_B","Defend_B","Defend_B","Defend_B","Zap","Dualcast+1","Compile Driver","Doom and Gloom+1","Coolheaded","Genetic Algorithm","Reboot","Parasite","Cold Snap","Echo Form","Darkness","Turbo"],"relics":["Cracked Core","NeowsBlessing","Whetstone","Symbiotic Virus","Bag of Marbles","Runic Pyramid"],"acts_visited":["Exordium","TheCity"],"potions_floor_usage":[7,12,16],"damage_taken":[{"damage":0,"enemies":"Small Slimes","floor":1,"turns":1},{"damage":0,"enemies":"2 Louse","floor":4,"turns":1},{"damage":0,"enemies":"Cultist","floor":5,"turns":1},{"damage":32,"enemies":"Gremlin Nob","floor":7,"turns":4},{"damage":21,"enemies":"Lagavulin","floor":10,"turns":5},{"damage":25,"enemies":"Gremlin Gang","floor":12,"turns":4},{"damage":11,"enemies":"Blue Slaver","floor":14,"turns":2},{"damage":20,"enemies":"Slime Boss","floor":16,"turns":8},{"damage":23,"enemies":"Shell Parasite","floor":18,"turns":4},{"damage":28,"enemies":"2 Thieves","floor":19,"turns":4},{"damage":0,"enemies":"Masked Bandits","floor":21,"turns":1}],"seed_played":"-8637452490453243215","potions_obtained":[{"floor":3,"key":"Strength Potion"},{"floor":3,"key":"LiquidBronze"},{"floor":5,"key":"PowerPotion"},{"floor":10,"key":"Energy Potion"},{"floor":16,"key":"LiquidBronze"},{"floor":19,"key":"PotionOfCapacity"}],"is_trial":false,"path_per_floor":["M","?","?","M","M","R","E","R","T","E","R","M","?","M","R","B",null,"M","M","?","?"],"character_chosen":"DEFECT","items_purchased":[],"campfire_rested":2,"item_purchase_floors":[],"current_hp_per_floor":[64,57,57,57,57,57,25,46,46,25,46,21,38,27,27,7,55,32,4,4,4,4],"gold":318,"neow_bonus":"THREE_ENEMY_KILL","is_daily":false,"chose_seed":false,"campfire_upgraded":2,"win_rate":0.0,"timestamp":1608210141,"path_taken":["M","?","?","?","?","R","E","R","T","E","R","M","?","M","R","BOSS","M","M","?","?"],"items_purchased_type":[],"build_version":"2020-12-13","purchased_purges":0,"victory":false,"max_hp_per_floor":[71,71,71,71,71,71,71,71,71,71,71,71,71,71,71,71,71,71,71,71,71,71],"card_choices":[{"not_picked":["Beam Cell","Steam","Leap"],"picked":"SKIP","floor":1},{"not_picked":["Stack","Streamline"],"picked":"Compile Driver","floor":4},{"not_picked":["FTL","Sweeping Beam"],"picked":"Doom and Gloom","floor":5},{"not_picked":["Streamline","Turbo"],"picked":"Coolheaded","floor":7},{"not_picked":["Loop","Double Energy"],"picked":"Genetic Algorithm","floor":10},{"not_picked":["Steam Power","Coolheaded"],"picked":"Reboot","floor":12},{"not_picked":["Turbo","Rebound"],"picked":"Cold Snap","floor":14},{"not_picked":["Machine Learning","Fission"],"picked":"Echo Form","floor":16},{"not_picked":["Self Repair","Loop"],"picked":"Darkness","floor":18},{"not_picked":["Stack","Darkness"],"picked":"Turbo","floor":19}],"player_experience":1234232,"relics_obtained":[{"floor":7,"key":"Whetstone"},{"floor":9,"key":"Symbiotic Virus"},{"floor":10,"key":"Bag of Marbles"}],"event_choices":[{"cards_removed":["Defend_B"],"damage_healed":0,"gold_gain":0,"player_choice":"Card Removal","damage_taken":7,"max_hp_gain":0,"max_hp_loss":0,"event_name":"Golden Wing","floor":2,"gold_loss":0},{"damage_healed":0,"gold_gain":0,"player_choice":"Bought 2 Potions","damage_taken":0,"max_hp_gain":0,"max_hp_loss":0,"event_name":"The Woman in Blue","floor":3,"gold_loss":0},{"damage_healed":17,"gold_gain":0,"player_choice":"Healed and dodged fight","damage_taken":0,"max_hp_gain":0,"max_hp_loss":0,"event_name":"Mushrooms","floor":13,"gold_loss":0,"cards_obtained":["Parasite"]},{"damage_healed":0,"gold_gain":0,"player_choice":"Ignored","damage_taken":0,"max_hp_gain":0,"max_hp_loss":0,"event_name":"Cursed Tome","floor":20,"gold_loss":0},{"damage_healed":0,"gold_gain":0,"player_choice":"Fought Bandits","damage_taken":0,"max_hp_gain":0,"max_hp_loss":0,"event_name":"Masked Bandits","floor":21,"gold_loss":0}],"is_beta":false,"boss_relics":[{"not_picked":["Philosopher\u0027s Stone","FrozenCore"],"picked":"Runic Pyramid"}],"items_purged_floors":[],"is_endless":false,"potions_floor_spawned":[4,5,10,16,19],"killed_by":"Masked Bandits","ascension_level":19}}