{"host":"aunmuzt9j70r7vun","time":1608165059,"event":{"mods":["BaseMod","Better Altar","Better Third Choice","BetterRewards","Clockwork Mod","Curses Come First","Downfall","Infinite Spire","LagranYue(???·?)","Mad Scientist","Marisa????????","Minty Spire (QoL Compilation)","Rare Cards Sparkle","Relic Sorter","Say the Spire","Shop Mod","Spicy Shops","StSLib","The Cursed","The Disciple","The Edgeheg","The Mystic","The Servant 0.9.4"],"gold_per_floor":[109,109,123,11,11,11,11,11,64,64,83,106,129,163,163,284,284,308,308,308],"floor_reached":19,"playtime":1093,"items_purged":["Burn"],"score":217,"play_id":"a560755a-4942-4447-8de6-b33209793048","local_time":"20201216203059","is_ascension_mode":true,"campfire_choices":[{"data":"Storm","floor":6,"key":"SMITH"},{"floor":8,"key":"REST"},{"data":"infinitespire:Starlight","floor":10,"key":"SMITH"},{"data":"Darkness","floor":15,"key":"SMITH"}],"circlet_count":0,"master_deck":["Strike_B","Strike_B","Strike_B","Strike_B","Defend_B","Defend_B","Defend_B","Defend_B","Zap","Dualcast","Darkness+1","Loop","Storm+1","infinitespire:Starlight+1","Capacitor","Meteor Strike"],"relics":["Cracked Core","LagranYue:RandomDrawCardRelic","Golden Idol","Oddly Smooth Stone","Boot","SacredBark"],"acts_visited":["Exordium","TheCity"],"potions_floor_usage":[14,14,18],"damage_taken":[{"damage":2,"enemies":"2 Louse","floor":1,"turns":2},{"damage":6,"enemies":"Jaw Worm","floor":3,"turns":4},{"damage":12,"enemies":"Small Slimes","floor":11,"turns":3},{"damage":5,"enemies":"Red Slaver","floor":12,"turns":4},{"damage":0,"enemies":"Large Slime","floor":13,"turns":5},{"damage":28,"enemies":"3 Sentries","floor":14,"turns":5},{"damage":44,"enemies":"Slime Boss","floor":16,"turns":9},{"damage":48,"enemies":"Chosen","floor":18,"turns":7},{"damage":47,"enemies":"3 Byrds","floor":19,"turns":3}],"seed_played":"-2930130327005189040","potions_obtained":[{"floor":3,"key":"LiquidMemories"},{"floor":11,"key":"Explosive Potion"},{"floor":16,"key":"sneckomod:MuddlingPotion"}],"is_trial":false,"path_per_floor":["M","?","M","$","?","R","?","R","T","R","M","M","M","E","R","B",null,"M","M"],"character_chosen":"DEFECT","items_purchased":["Storm"],"campfire_rested":1,"item_purchase_floors":[4],"current_hp_per_floor":[66,66,60,60,42,42,23,45,45,45,48,58,73,60,60,31,64,31,0,0],"gold":308,"neow_bonus":"THREE_CARDS","is_daily":false,"chose_seed":false,"campfire_upgraded":3,"win_rate":0.0,"timestamp":1608165059,"path_taken":["M","?","M","$","?","R","?","R","T","R","M","M","?","E","R","BOSS","M","M"],"items_purchased_type":["Card"],"build_version":"2020-12-13","purchased_purges":1,"victory":false,"max_hp_per_floor":[75,75,75,75,75,75,75,75,75,75,75,75,75,75,75,75,75,75,75,75],"card_choices":[{"not_picked":["BootSequence","Sweeping Beam"],"picked":"Darkness","floor":0},{"not_picked":["Hologram","Reinforced Body","Stack"],"picked":"SKIP","floor":1},{"not_picked":["Stack","Beam Cell"],"picked":"Loop","floor":3},{"not_picked":["infinitespire:UltimateForm","infinitespire:SealOfDarkness+"],"picked":"infinitespire:Starlight","floor":7},{"not_picked":["Doom and Gloom","Redo","Coolheaded"],"picked":"SKIP","floor":11},{"not_picked":["Conserve Battery","All For One","Melter"],"picked":"SKIP","floor":12},{"not_picked":["Stack","Gash"],"picked":"Capacitor","floor":13},{"not_picked":["Sweeping Beam","Doom and Gloom","Leap"],"picked":"SKIP","floor":14},{"not_picked":["Sweeping Beam","Doom and Gloom","Leap"],"picked":"SKIP","floor":14},{"not_picked":["Biased Cognition","All For One"],"picked":"Meteor Strike","floor":16},{"not_picked":["Rebound","Compile Driver","Recycle"],"picked":"SKIP","floor":18}],"player_experience":738689,"relics_obtained":[{"floor":9,"key":"Oddly Smooth Stone"},{"floor":14,"key":"Boot"}],"event_choices":[{"damage_healed":66,"gold_gain":0,"player_choice":"Embrace Burn","damage_taken":0,"max_hp_gain":0,"max_hp_loss":75,"event_name":"betterThird:BetterShining","floor":2,"gold_loss":0},{"damage_healed":0,"gold_gain":0,"player_choice":"Take Damage","damage_taken":18,"relics_obtained":["Golden Idol"],"max_hp_gain":0,"max_hp_loss":0,"event_name":"Golden Idol","floor":5,"gold_loss":0}],"is_beta":false,"boss_relics":[{"not_picked":["LagranYue:SoulBurningRelic","Sozu"],"picked":"SacredBark"}],"items_purged_floors":[4],"is_endless":false,"potions_floor_spawned":[3,11,16],"killed_by":"3 Byrds","ascension_level":6}}