{"host":"egwexuw5uvnxf11j","time":1608178749,"event":{"mods":["2.2 Compatiblity","Aspiration","BaseMod","Better Altar","Better Note","Better Sensory Stone","Better Third Choice","Displayed Cursed Tome","Downfall","Hermit","Key Reminder","Koishi","Marisa????????","Minty Spire (QoL Compilation)","Quick Restart","Shade Mod","Spicy Shops","StSLib","The Construct","The Cursed","The Hierophant","The Runesmith","The Senshi","The Servant 0.9.4","Transform Curses"],"gold_per_floor":[114,114,130,141,15,15,43,43,43,55,55,90,90,101,101,200,200,210,210,210,230,240,240,165,165,215,215,225,225,244,261,261,364,414,424,424,424],"floor_reached":36,"playtime":1565,"items_purged":[],"score":393,"play_id":"f353857e-330c-41fb-b50b-a2fa477bab56","local_time":"20201216231909","is_ascension_mode":true,"campfire_choices":[{"data":"Shade:SpectralStrikes","floor":6,"key":"SMITH"},{"data":"Shade:FleshOffering","floor":8,"key":"SMITH"},{"floor":15,"key":"REST"},{"floor":23,"key":"REST"},{"floor":25,"key":"REST"},{"floor":27,"key":"REST"},{"data":"Shade:SkeletonArmy","floor":32,"key":"SMITH"}],"circlet_count":0,"master_deck":["Shade:Strike_Shade","Shade:Strike_Shade","Shade:Strike_Shade","Shade:Strike_Shade","Shade:Defend_Shade+1","Shade:Defend_Shade","Shade:Defend_Shade","Shade:Defend_Shade","Shade:AnimateDead","Shade:CarefulCut","Shade:FreshBones+1","Shade:ScuttlingHand","Shade:AncientSpear","Shade:SpectralStrikes+1","Shade:FeralStrike","Shade:FleshOffering+1","Shade:CloudOfShrapnel","Shade:SkeletonArmy+1","Shade:CoffinDance","Shade:OminousRitual","Shade:SkeletonHug+1","Apotheosis+1","expansioncontent:Corrupt","Shade:DangerousRitual+1","Shade:WallOfFlesh","Shade:AncientSpear","Shade:FleshToFlesh","Shade:Bonestorm","Shade:Tombstone","Shade:Frenzy","Shade:FeralStrike"],"relics":["Shade:YorickSkull","MealTicket","Toy Ornithopter","keyreminder:keyreminder","Lantern","Runesmith:Locket","construct:ClawGrip","PreservedInsect","Tiny House"],"acts_visited":["Exordium","TheCity","TheBeyond"],"potions_floor_usage":[7,12,16,16,30,33,33],"damage_taken":[{"damage":0,"enemies":"Jaw Worm","floor":1,"turns":3},{"damage":0,"enemies":"Cultist","floor":3,"turns":3},{"damage":0,"enemies":"Small Slimes","floor":4,"turns":3},{"damage":10,"enemies":"Gremlin Nob","floor":7,"turns":3},{"damage":4,"enemies":"2 Fungi Beasts","floor":10,"turns":3},{"damage":5,"enemies":"3 Sentries","floor":12,"turns":3},{"damage":2,"enemies":"3 Louse","floor":14,"turns":2},{"damage":45,"enemies":"The Guardian","floor":16,"turns":10},{"damage":16,"enemies":"Spheric Guardian","floor":18,"turns":4},{"damage":16,"enemies":"Chosen","floor":21,"turns":4},{"damage":44,"enemies":"3 Cultists","floor":22,"turns":5},{"damage":14,"enemies":"Shelled Parasite and Fungi","floor":28,"turns":4},{"damage":0,"enemies":"Centurion and Healer","floor":30,"turns":6},{"damage":0,"enemies":"Snecko","floor":31,"turns":4},{"damage":21,"enemies":"Automaton","floor":33,"turns":9},{"damage":61,"enemies":"3 Darklings","floor":35,"turns":6},{"damage":34,"enemies":"3 Shapes","floor":36,"turns":5}],"seed_played":"-6843481045660379583","potions_obtained":[{"floor":1,"key":"Swift Potion"},{"floor":3,"key":"PowerPotion"},{"floor":7,"key":"DistilledChaos"},{"floor":14,"key":"Explosive Potion"},{"floor":22,"key":"construct:ShiftPotion"},{"floor":28,"key":"SneckoOil"},{"floor":31,"key":"EssenceOfSteel"},{"floor":34,"key":"FairyPotion"},{"floor":35,"key":"Weak Potion"}],"is_trial":false,"path_per_floor":["M","?","M","M","$","R","E","R","T","M","?","E","?","M","R","B",null,"M","?","?","M","M","R","?","R","T","R","M","?","M","M","R","B",null,"M","M"],"character_chosen":"SHADE","items_purchased":["Shade:SpectralStrikes","Shade:FeralStrike"],"campfire_rested":4,"item_purchase_floors":[5,5],"current_hp_per_floor":[65,65,65,65,65,65,55,55,55,51,18,18,34,32,51,16,65,49,49,65,49,5,24,24,42,42,60,46,46,51,51,51,40,67,6,0,0],"gold":424,"neow_bonus":"RANDOM_COMMON_RELIC","is_daily":false,"chose_seed":false,"campfire_upgraded":3,"win_rate":0.0,"timestamp":1608178749,"path_taken":["M","?","M","M","$","R","E","R","T","?","?","E","?","M","R","BOSS","M","?","?","M","M","R","?","R","T","R","?","?","M","M","R","BOSS","M","M"],"items_purchased_type":["Card","Card"],"build_version":"2020-12-13","purchased_purges":0,"victory":false,"max_hp_per_floor":[65,65,65,65,65,65,65,65,65,65,65,65,65,65,65,65,65,65,65,65,65,65,65,62,62,62,62,62,62,62,62,62,62,67,67,67,67],"card_choices":[{"not_picked":["Shade:CommandSoldier","Shade:FleshOffering"],"picked":"Shade:FreshBones","floor":1},{"not_picked":["Shade:GraveStillness","Shade:CallOfTheGrave"],"picked":"Shade:ScuttlingHand","floor":3},{"not_picked":["Shade:LyeBath","Shade:SoulToxin"],"picked":"Shade:AncientSpear","floor":4},{"not_picked":["Shade:SoulToxin","Shade:FuneraryArmor"],"picked":"Shade:FleshOffering","floor":7},{"not_picked":["Shade:CallOfTheGrave","Shade:ScuttlingHand"],"picked":"Shade:CloudOfShrapnel","floor":10},{"not_picked":["Shade:GreyBargain","Shade:ClawBack"],"picked":"Shade:SkeletonArmy","floor":12},{"not_picked":["Shade:GraveStillness","Shade:AncientSpear"],"picked":"Shade:CoffinDance","floor":14},{"not_picked":["Shade:UnbarTheGrave","Shade:OneIsEnough"],"picked":"Shade:OminousRitual","floor":16},{"not_picked":["Shade:PoundOfFlesh","Shade:StitchTogether"],"picked":"Shade:SkeletonHug+1","floor":18},{"not_picked":["expansioncontent:Sear","expansioncontent:Chronoboost"],"picked":"Apotheosis","floor":19},{"not_picked":["expansioncontent:ManipulateTime","Apotheosis"],"picked":"expansioncontent:Corrupt","floor":19},{"not_picked":["Shade:GraveStillness","Shade:ExtraLimbs+1"],"picked":"Shade:DangerousRitual+1","floor":21},{"not_picked":["Shade:CloudOfShrapnel+1","Shade:GoDigging"],"picked":"Shade:WallOfFlesh","floor":22},{"not_picked":["Shade:FeralStrike+1","Shade:SpontaneousRitual+1"],"picked":"Shade:AncientSpear","floor":28},{"not_picked":["Shade:CoffinDance","Shade:ClawBack"],"picked":"Shade:FleshToFlesh","floor":30},{"not_picked":["Shade:FuneraryJewels","Shade:ClawBack"],"picked":"Shade:Bonestorm","floor":31},{"not_picked":["Shade:MadHubris","Shade:OminousRitual"],"picked":"Shade:Tombstone","floor":33},{"not_picked":["Shade:GraveStillness","Shade:SanguineRitual"],"picked":"Shade:Frenzy","floor":34},{"not_picked":["Shade:Haruspicy+1","Shade:AncientSpear"],"picked":"Shade:FeralStrike","floor":35}],"player_experience":2093650,"relics_obtained":[{"floor":7,"key":"Toy Ornithopter"},{"floor":12,"key":"Runesmith:Locket"},{"floor":26,"key":"PreservedInsect"}],"event_choices":[{"damage_healed":0,"gold_gain":0,"player_choice":"Upgraded","damage_taken":0,"max_hp_gain":0,"max_hp_loss":0,"event_name":"Upgrade Shrine","floor":2,"gold_loss":0,"cards_upgraded":["Shade:FreshBones"]},{"damage_healed":0,"gold_gain":1,"player_choice":"Relic ","damage_taken":33,"max_hp_gain":0,"max_hp_loss":0,"event_name":"betterThird:BetterScrap","floor":11,"gold_loss":0,"cards_obtained":["aspiration:Lunge"]},{"damage_healed":16,"gold_gain":0,"player_choice":"Healed and dodged fight","damage_taken":0,"max_hp_gain":0,"max_hp_loss":0,"event_name":"Mushrooms","floor":13,"gold_loss":0,"cards_obtained":["Parasite"]},{"damage_healed":0,"gold_gain":2,"player_choice":"1","damage_taken":0,"max_hp_gain":0,"max_hp_loss":0,"event_name":"betterStone:BetterStone","floor":19,"gold_loss":0},{"damage_healed":21,"gold_gain":0,"player_choice":"Heal","damage_taken":0,"max_hp_gain":0,"max_hp_loss":0,"event_name":"The Library","floor":20,"gold_loss":0},{"cards_removed":["Parasite"],"damage_healed":0,"gold_gain":0,"player_choice":"Gave Gold","damage_taken":0,"max_hp_gain":0,"max_hp_loss":0,"event_name":"Beggar","floor":24,"gold_loss":75},{"damage_healed":0,"gold_gain":0,"player_choice":"Upgraded","damage_taken":0,"max_hp_gain":0,"max_hp_loss":0,"event_name":"Upgrade Shrine","floor":29,"gold_loss":0,"cards_upgraded":["Apotheosis"]}],"is_beta":false,"boss_relics":[{"not_picked":["construct:WeddingRing","aspiration:FutureDiary"],"picked":"construct:ClawGrip"},{"not_picked":["theSenshi:MoonKaleidoScopeRelic","Astrolabe"],"picked":"Tiny House"}],"items_purged_floors":[],"is_endless":false,"potions_floor_spawned":[1,3,7,14,22,28,31,35],"killed_by":"3 Shapes","ascension_level":1}}