{"host":"by3dnjj711vo194a","time":1608171665,"event":{"mods":["2.2 Compatiblity","AchievementEnabler","BaseMod","Colored Map","DeckTracker","KOR Keyword Fix","Keyboard Shortcuts","Minty Spire (QoL Compilation)","Permanent Neow","Quick Restart","StSLib","SuperFastMode","everything is the same but u backflip on backflip"],"gold_per_floor":[118,293,64,64,64,105,119,162,162,162,183,196,219,252,252,383,383,401,401,401,416,88,131,230,230,230],"floor_reached":25,"playtime":971,"items_purged":["Doubt","Combust"],"score":263,"play_id":"e9d08ee8-4f62-42ef-a3fe-1f8494803898","local_time":"20201217112105","is_ascension_mode":true,"campfire_choices":[{"floor":10.0,"key":"REST"},{"floor":15,"key":"REST"}],"circlet_count":0,"master_deck":["Bash+1","Pummel","Reaper","Feed","Disarm","Offering","Ghostly Armor","Battle Trance","Double Tap","Anger","Dark Embrace","Dropkick","Feel No Pain","Evolve","Barricade","Body Slam"],"relics":["Burning Blood","HandDrill","Golden Idol","Ginger","Red Skull","Meat on the Bone","Pen Nib","Pandora\u0027s Box","Incense Burner","Ancient Tea Set","Omamori"],"acts_visited":["Exordium","TheCity"],"potions_floor_usage":[14,16,16],"damage_taken":[{"damage":2.0,"enemies":"Jaw Worm","floor":1.0,"turns":3.0},{"damage":52.0,"enemies":"3 Sentries","floor":6.0,"turns":10.0},{"damage":10.0,"enemies":"2 Louse","floor":7.0,"turns":2.0},{"damage":63.0,"enemies":"Lagavulin","floor":8.0,"turns":10.0},{"damage":0.0,"enemies":"Cultist","floor":11.0,"turns":2.0},{"damage":26.0,"enemies":"Exordium Wildlife","floor":12.0,"turns":4.0},{"damage":17,"enemies":"Looter","floor":13,"turns":4},{"damage":49,"enemies":"3 Sentries","floor":14,"turns":11},{"damage":63,"enemies":"Slime Boss","floor":16,"turns":9},{"damage":43,"enemies":"Spheric Guardian","floor":18,"turns":5},{"damage":20,"enemies":"Shell Parasite","floor":21,"turns":3},{"damage":53,"enemies":"Book of Stabbing","floor":23,"turns":7},{"damage":54,"enemies":"Gremlin Leader","floor":25,"turns":5}],"seed_played":"-7458161841261836835","potions_obtained":[{"floor":1.0,"key":"Fire Potion"},{"floor":8.0,"key":"ColorlessPotion"},{"floor":12.0,"key":"Block Potion"},{"floor":14,"key":"Regen Potion"},{"floor":18,"key":"Swift Potion"},{"floor":21,"key":"Dexterity Potion"}],"is_trial":false,"path_per_floor":["M","?","$","?","?","E","M","E","T","R","M","M","M","E","R","B",null,"M","?","T","M","$","E","?","E"],"character_chosen":"IRONCLAD","items_purchased":["HandDrill","Barricade","Ancient Tea Set"],"campfire_rested":2,"item_purchase_floors":[3,22,22],"current_hp_per_floor":[80,80,80,60,53,7,11,10,10,34,55,57,50,34,60,34,89,55,55,55,63,63,36,36,0,0],"gold":230,"neow_bonus":"UPGRADE_CARD","is_daily":false,"chose_seed":false,"campfire_upgraded":0,"win_rate":0.0,"timestamp":1608171665,"path_taken":["M","?","$","?","?","E","?","E","T","R","M","M","M","E","R","BOSS","M","?","?","M","$","E","?","E"],"items_purchased_type":["Relic","Card","Relic"],"build_version":"2020-12-13","purchased_purges":2,"victory":false,"max_hp_per_floor":[80,80,80,80,80,80,80,80,80,80,83,86,86,89,89,89,89,92,92,92,92,92,92,92,92,92],"card_choices":[{"not_picked":["Bloodletting","Rage"],"picked":"Pummel","floor":1.0},{"not_picked":["Wild Strike","Clash"],"picked":"Reaper","floor":6.0},{"not_picked":["Anger","Pummel","Headbutt"],"picked":"SKIP","floor":7.0},{"not_picked":["Dropkick","Spot Weakness"],"picked":"Feed","floor":8.0},{"not_picked":["Dark Embrace","Power Through","Clothesline"],"picked":"SKIP","floor":11.0},{"not_picked":["Havoc","Inflame","Whirlwind"],"picked":"SKIP","floor":12.0},{"not_picked":["Clash","Twin Strike"],"picked":"Disarm","floor":13},{"not_picked":["True Grit","Dropkick","Sword Boomerang"],"picked":"SKIP","floor":14},{"not_picked":["Brutality","Exhume"],"picked":"Offering","floor":16},{"not_picked":["Body Slam","Bloodletting","Intimidate+1"],"picked":"SKIP","floor":18},{"not_picked":["Metallicize+1","Rupture","Thunderclap"],"picked":"SKIP","floor":21},{"not_picked":["Flex+1","Hemokinesis"],"picked":"Body Slam","floor":23}],"player_experience":128326,"relics_obtained":[{"floor":6.0,"key":"Ginger"},{"floor":8.0,"key":"Red Skull"},{"floor":9.0,"key":"Meat on the Bone"},{"floor":14,"key":"Pen Nib"},{"floor":20,"key":"Incense Burner"},{"floor":23,"key":"Omamori"}],"event_choices":[{"damage_healed":0.0,"max_hp_gain":0.0,"max_hp_loss":0.0,"gold_gain":175.0,"event_name":"Liars Game","player_choice":"AGREE","floor":2.0,"gold_loss":0.0,"damage_taken":0.0,"cards_obtained":["Doubt"]},{"damage_healed":0.0,"max_hp_gain":0.0,"max_hp_loss":0.0,"gold_gain":0.0,"event_name":"Golden Idol","player_choice":"Take Damage","floor":4.0,"gold_loss":0.0,"damage_taken":20.0,"relics_obtained":["Golden Idol"]},{"cards_removed":["Strike_R"],"damage_healed":0.0,"max_hp_gain":0.0,"max_hp_loss":0.0,"gold_gain":0.0,"event_name":"Golden Wing","player_choice":"Card Removal","floor":5.0,"gold_loss":0.0,"damage_taken":7.0},{"damage_healed":0,"gold_gain":0,"player_choice":"Read","damage_taken":0,"max_hp_gain":0,"max_hp_loss":0,"event_name":"The Library","floor":19,"gold_loss":0,"cards_obtained":["Evolve"]},{"damage_healed":0,"gold_gain":99,"player_choice":"Stole From Cult","damage_taken":0,"max_hp_gain":0,"max_hp_loss":0,"event_name":"Nest","floor":24,"gold_loss":0}],"is_beta":false,"boss_relics":[{"not_picked":["SacredBark","Snecko Eye"],"picked":"Pandora\u0027s Box"}],"items_purged_floors":[3,22],"is_endless":false,"potions_floor_spawned":[1,8,12,14,18,21],"killed_by":"Gremlin Leader","ascension_level":2}}