{"host":"eav5i5w47nlnv2l1","time":1608239941,"event":{"mods":["BaseMod","Minty Spire (QoL Compilation)"],"gold_per_floor":[111,130,130,145,162,195,234,234,234,275,275,288,332,375,375,495,495,534,578,598,609,295,295,295,295,295,327,363,380,234,272,272,272,272],"floor_reached":33,"playtime":3402,"items_purged":["Strike_P"],"score":277,"play_id":"1772b2ee-84fb-4eb0-b7ff-66d241ae546a","local_time":"20201217161901","is_ascension_mode":false,"campfire_choices":[{"floor":8,"key":"REST"},{"data":"Eruption","floor":15,"key":"SMITH"},{"floor":23,"key":"REST"},{"data":"SashWhip","floor":25,"key":"SMITH"},{"data":"Prostrate","floor":32,"key":"SMITH"}],"circlet_count":0,"master_deck":["Defend_P","Defend_P","Defend_P","Defend_P","Eruption+1","Vigilance+1","ClearTheMind","SashWhip+1","FlurryOfBlows","DeceiveReality","Wish","Halt+1","Brilliance","DeceiveReality","Crescendo","DeusExMachina","Prostrate+1","FearNoEvil+1","EmptyBody+1","Bandage Up","SpiritShield","Evaluate+1"],"relics":["PureWater","Potion Belt","Eternal Feather","War Paint","Damaru","Omamori","Sundial","Happy Flower"],"acts_visited":["Exordium","TheCity"],"potions_floor_usage":[6,6,7,13,14,27,29,31,33],"damage_taken":[{"damage":2,"enemies":"Jaw Worm","floor":1,"turns":5},{"damage":5,"enemies":"Cultist","floor":2,"turns":7},{"damage":0,"enemies":"Small Slimes","floor":4,"turns":3},{"damage":4,"enemies":"Red Slaver","floor":5,"turns":3},{"damage":20,"enemies":"Lagavulin","floor":6,"turns":9},{"damage":40,"enemies":"Exordium Thugs","floor":7,"turns":6},{"damage":0,"enemies":"Blue Slaver","floor":10,"turns":11},{"damage":0,"enemies":"Looter","floor":12,"turns":4},{"damage":0,"enemies":"Gremlin Gang","floor":13,"turns":7},{"damage":0,"enemies":"Red Slaver","floor":14,"turns":7},{"damage":28,"enemies":"The Guardian","floor":16,"turns":23},{"damage":25,"enemies":"Chosen","floor":18,"turns":8},{"damage":24,"enemies":"3 Byrds","floor":19,"turns":7},{"damage":6,"enemies":"Shelled Parasite and Fungi","floor":20,"turns":7},{"damage":0,"enemies":"Centurion and Healer","floor":21,"turns":6},{"damage":10,"enemies":"Slavers","floor":27,"turns":9},{"damage":16,"enemies":"Sentry and Sphere","floor":28,"turns":7},{"damage":0,"enemies":"Snake Plant","floor":29,"turns":6},{"damage":4,"enemies":"Chosen and Byrds","floor":31,"turns":8},{"damage":65,"enemies":"Collector","floor":33,"turns":20}],"seed_played":"-2748411882778448946","potions_obtained":[{"floor":4,"key":"Regen Potion"},{"floor":5,"key":"Ancient Potion"},{"floor":6,"key":"EssenceOfSteel"},{"floor":12,"key":"Fire Potion"},{"floor":13,"key":"DistilledChaos"},{"floor":18,"key":"GamblersBrew"},{"floor":21,"key":"Dexterity Potion"},{"floor":28,"key":"Weak Potion"},{"floor":31,"key":"ColorlessPotion"}],"is_trial":false,"path_per_floor":["M","M","?","M","M","E","M","R","T","M","?","M","M","M","R","B",null,"M","M","M","M","$","R","T","R","T","E","M","M","$","M","R","B"],"character_chosen":"WATCHER","items_purchased":["Bandage Up","War Paint","Happy Flower"],"campfire_rested":2,"item_purchase_floors":[22,22,30],"current_hp_per_floor":[63,58,58,58,54,49,9,28,28,28,28,28,28,28,37,9,65,40,16,10,10,10,41,41,53,53,47,35,39,39,39,51,0,0],"gold":272,"neow_bonus":"REMOVE_TWO","is_daily":false,"chose_seed":false,"campfire_upgraded":3,"win_rate":0.0,"timestamp":1608239941,"path_taken":["M","M","?","M","M","E","M","R","T","?","?","M","M","M","R","BOSS","M","M","M","M","$","R","?","R","T","E","M","?","$","M","R","BOSS"],"items_purchased_type":["Card","Relic","Relic"],"build_version":"2020-12-13","purchased_purges":1,"victory":false,"max_hp_per_floor":[65,65,65,65,65,65,65,65,65,65,65,65,65,65,65,65,65,65,65,65,65,65,65,65,65,65,65,65,65,65,65,65,65,65],"card_choices":[{"not_picked":["WindmillStrike","EmptyMind"],"picked":"ClearTheMind","floor":1},{"not_picked":["JustLucky","MentalFortress"],"picked":"SashWhip","floor":2},{"not_picked":["EmptyFist","Protect"],"picked":"FlurryOfBlows","floor":4},{"not_picked":["JustLucky","FlyingSleeves"],"picked":"DeceiveReality","floor":5},{"not_picked":["CrushJoints","Wallop"],"picked":"Wish","floor":6},{"not_picked":["PathToVictory","LikeWater"],"picked":"Halt","floor":7},{"not_picked":["SignatureMove","Protect","Halt"],"picked":"SKIP","floor":10},{"not_picked":["Evaluate","SignatureMove"],"picked":"DeceiveReality","floor":12},{"not_picked":["Blasphemy","CrushJoints"],"picked":"Crescendo","floor":13},{"not_picked":["ClearTheMind","Protect","Halt"],"picked":"SKIP","floor":14},{"not_picked":["Scrawl","Judgement"],"picked":"DeusExMachina","floor":16},{"not_picked":["ThirdEye","Halt+1"],"picked":"Prostrate","floor":18},{"not_picked":["CrushJoints","Adaptation"],"picked":"FearNoEvil+1","floor":19},{"not_picked":["Collect+1","Crescendo","Halt"],"picked":"SKIP","floor":20},{"not_picked":["EmptyMind","JustLucky+1"],"picked":"EmptyBody+1","floor":21},{"not_picked":["PathToVictory+1","FlyingSleeves"],"picked":"SpiritShield","floor":27},{"not_picked":["Crescendo","Halt","ThirdEye+1"],"picked":"SKIP","floor":28},{"not_picked":["WindmillStrike","Protect"],"picked":"Evaluate+1","floor":29},{"not_picked":["WheelKick","Evaluate","Ragnarok"],"picked":"SKIP","floor":31}],"player_experience":1395094,"relics_obtained":[{"floor":6,"key":"Potion Belt"},{"floor":9,"key":"Eternal Feather"},{"floor":24,"key":"Damaru"},{"floor":26,"key":"Omamori"},{"floor":27,"key":"Sundial"}],"event_choices":[{"cards_removed":["Strike_P"],"damage_healed":0,"gold_gain":0,"player_choice":"Offered Basic","damage_taken":0,"max_hp_gain":0,"max_hp_loss":0,"event_name":"Bonfire Elementals","floor":3,"gold_loss":0},{"damage_healed":0,"gold_gain":0,"player_choice":"1 cards matched","damage_taken":0,"max_hp_gain":0,"max_hp_loss":0,"event_name":"Match and Keep!","floor":11,"gold_loss":0,"cards_obtained":["Brilliance"]}],"is_beta":false,"boss_relics":[{"not_picked":["Busted Crown","Coffee Dripper","Philosopher\u0027s Stone"]}],"items_purged_floors":[22],"is_endless":false,"potions_floor_spawned":[4,5,6,12,13,18,21,28,31],"killed_by":"Collector","ascension_level":0}}