{"host":"x8sop9v6zw8yitbt","time":1608232216,"event":{"mods":["BaseMod","Block Reminder","Colored Powertips","DeckTracker","Minty Spire (QoL Compilation)","Permanent Neow","Quick Restart","Relic Stats","Slay-I","StSLib"],"gold_per_floor":[111,111,186,186,196,196,208,208,208,208,234,234,249,284,284,386,386,405,405,421,436,232,232,243,270,270,289,309,209,228,258,258,362,362,377,161,161,161],"floor_reached":39,"playtime":1273,"items_purged":["Defend_G","Doubt","Strike_G"],"score":763,"play_id":"fd171b7b-4c06-4b5d-82d8-3d59907b1e8a","local_time":"20201217141016","is_ascension_mode":true,"campfire_choices":[{"data":"Neutralize","floor":6,"key":"SMITH"},{"data":"Corpse Explosion","floor":10,"key":"SMITH"},{"data":"Leg Sweep","floor":12,"key":"SMITH"},{"data":"Deadly Poison","floor":15,"key":"SMITH"},{"data":"Noxious Fumes","floor":23,"key":"SMITH"},{"data":"Catalyst","floor":32,"key":"SMITH"}],"circlet_count":0,"master_deck":["Strike_G+1","Strike_G+1","Defend_G+1","Defend_G","Defend_G","Defend_G+1","Survivor","Neutralize+1","Corpse Explosion+1","Deadly Poison","Deadly Poison+1","Backflip","Leg Sweep+1","Adrenaline","Catalyst+1","Die Die Die","Deadly Poison+1","Noxious Fumes+1","Good Instincts","Footwork","Blur","Footwork+1"],"relics":["Ring of the Snake","Gambling Chip","Snake Skull","War Paint","Cursed Key","Oddly Smooth Stone","Boot","Strawberry","Membership Card"],"acts_visited":["Exordium","TheCity","TheBeyond"],"potions_floor_usage":[38,38,38],"damage_taken":[{"damage":2,"enemies":"Small Slimes","floor":1,"turns":4},{"damage":0,"enemies":"Jaw Worm","floor":5,"turns":3},{"damage":0,"enemies":"Cultist","floor":7,"turns":3},{"damage":7,"enemies":"Lagavulin","floor":11,"turns":5},{"damage":1,"enemies":"3 Louse","floor":13,"turns":3},{"damage":12,"enemies":"Gremlin Nob","floor":14,"turns":3},{"damage":2,"enemies":"Hexaghost","floor":16,"turns":8},{"damage":0,"enemies":"Spheric Guardian","floor":18,"turns":2},{"damage":0,"enemies":"Shell Parasite","floor":20,"turns":3},{"damage":5,"enemies":"Shelled Parasite and Fungi","floor":21,"turns":4},{"damage":0,"enemies":"Snecko","floor":24,"turns":2},{"damage":0,"enemies":"Gremlin Leader","floor":25,"turns":5},{"damage":0,"enemies":"3 Cultists","floor":27,"turns":2},{"damage":3,"enemies":"Cultist and Chosen","floor":28,"turns":3},{"damage":0,"enemies":"Sentry and Sphere","floor":30,"turns":3},{"damage":5,"enemies":"Slavers","floor":31,"turns":3},{"damage":0,"enemies":"Automaton","floor":33,"turns":6},{"damage":0,"enemies":"3 Shapes","floor":35,"turns":1},{"damage":39,"enemies":"Awakened One","floor":38,"turns":15}],"seed_played":"-2559932620778293316","potions_obtained":[{"floor":14,"key":"SpeedPotion"},{"floor":16,"key":"Ancient Potion"},{"floor":21,"key":"ColorlessPotion"}],"is_trial":false,"path_per_floor":["M","?","?","?","M","R","M","?","T","R","E","R","M","E","R","B",null,"M","?","M","M","$","R","M","E","T","M","M","$","M","E","R","B",null,"M","$","?","B",null],"character_chosen":"THE_SILENT","items_purchased":["Noxious Fumes","Good Instincts","Membership Card"],"campfire_rested":0,"item_purchase_floors":[22,22,36],"current_hp_per_floor":[68,54,43,43,43,43,43,36,36,36,29,29,28,16,16,14,70,70,70,70,65,65,65,65,65,65,65,62,62,62,64,64,64,77,77,77,77,38],"gold":161,"neow_bonus":"ONE_RANDOM_RARE_CARD","is_daily":false,"chose_seed":false,"campfire_upgraded":6,"win_rate":0.0,"timestamp":1608232216,"path_taken":["M","?","?","?","M","R","?","?","T","R","E","R","M","E","R","BOSS","M","?","M","M","?","R","M","E","T","?","M","$","M","E","R","BOSS","M","$","?","BOSS"],"items_purchased_type":["Card","Card","Relic"],"build_version":"2020-12-13","purchased_purges":3,"victory":true,"max_hp_per_floor":[70,70,70,70,70,70,70,70,70,70,70,70,70,70,70,70,70,70,70,70,70,70,70,70,70,70,70,70,70,70,77,77,77,77,77,77,77,77],"relic_stats":{"counters":[19,78],"Gambling Chip":[59],"Snake Skull":[106],"War Paint":["Defend_G","Defend_G"],"Cursed Key":1,"Boot":[9],"obtain_stats":[{"Gambling Chip":9,"Strawberry":31,"Oddly Smooth Stone":25,"Snake Skull":11,"Membership Card":36,"War Paint":14,"Cursed Key":17,"Boot":26,"Ring of the Snake":0},{"Gambling Chip":3,"Strawberry":16,"Oddly Smooth Stone":12,"Snake Skull":4,"Membership Card":18,"War Paint":6,"Cursed Key":7,"Boot":12,"Ring of the Snake":0},{"Gambling Chip":10,"Strawberry":56,"Oddly Smooth Stone":45,"Snake Skull":15,"Membership Card":63,"War Paint":21,"Cursed Key":29,"Boot":45,"Ring of the Snake":0}],"Ring of the Snake":[38]},"card_choices":[{"not_picked":["Prepared","Terror"],"picked":"Deadly Poison","floor":1},{"not_picked":["Calculated Gamble","Prepared"],"picked":"Deadly Poison","floor":5},{"not_picked":["Acrobatics","Underhanded Strike"],"picked":"Backflip","floor":7},{"not_picked":["Cloak And Dagger","Reflex"],"picked":"Leg Sweep","floor":11},{"not_picked":["Cloak And Dagger","Dodge and Roll","Backstab"],"picked":"SKIP","floor":13},{"not_picked":["A Thousand Cuts","Backflip","Flechettes"],"picked":"SKIP","floor":14},{"not_picked":["Glass Knife","Wraith Form v2"],"picked":"Adrenaline","floor":16},{"not_picked":["Deflect+1","Dodge and Roll"],"picked":"Catalyst","floor":18},{"not_picked":["Endless Agony","Flying Knee","Terror"],"picked":"SKIP","floor":20},{"not_picked":["Outmaneuver+1","Leg Sweep"],"picked":"Deadly Poison+1","floor":21},{"not_picked":["Reflex+1","Slice"],"picked":"Footwork","floor":24},{"not_picked":["Flying Knee","Backstab","Deadly Poison"],"picked":"SKIP","floor":25},{"not_picked":["Backflip","Finisher+1","Slice"],"picked":"SKIP","floor":27},{"not_picked":["Glass Knife","Prepared","Underhanded Strike"],"picked":"SKIP","floor":28},{"not_picked":["Underhanded Strike","Cloak And Dagger+1"],"picked":"Blur","floor":30},{"not_picked":["After Image","Accuracy","Flying Knee"],"picked":"SKIP","floor":31},{"not_picked":["Slice+1","Prepared+1"],"picked":"Footwork+1","floor":35}],"player_experience":872799,"relics_obtained":[{"floor":9,"key":"Gambling Chip"},{"floor":11,"key":"Snake Skull"},{"floor":14,"key":"War Paint"},{"floor":25,"key":"Oddly Smooth Stone"},{"floor":26,"key":"Boot"},{"floor":31,"key":"Strawberry"}],"event_choices":[{"damage_healed":0,"gold_gain":0,"player_choice":"Entered Light","damage_taken":14,"max_hp_gain":0,"max_hp_loss":0,"event_name":"Shining Light","floor":2,"gold_loss":0,"cards_upgraded":["Strike_G","Strike_G"]},{"damage_healed":0,"gold_gain":75,"player_choice":"Gather Gold","damage_taken":11,"max_hp_gain":0,"max_hp_loss":0,"event_name":"World of Goop","floor":3,"gold_loss":0},{"damage_healed":0,"gold_gain":0,"player_choice":"Ignored","damage_taken":0,"max_hp_gain":0,"max_hp_loss":0,"event_name":"WeMeetAgain","floor":4,"gold_loss":0},{"cards_removed":["Strike_G"],"damage_healed":0,"gold_gain":0,"player_choice":"Card Removal","damage_taken":7,"max_hp_gain":0,"max_hp_loss":0,"event_name":"Golden Wing","floor":8,"gold_loss":0},{"damage_healed":0,"gold_gain":0,"cards_transformed":["Strike_G"],"player_choice":"Transformed","damage_taken":0,"max_hp_gain":0,"max_hp_loss":0,"event_name":"Transmorgrifier","floor":19,"gold_loss":0,"cards_obtained":["Die Die Die"]},{"damage_healed":0,"gold_gain":0,"player_choice":"Took Portal","damage_taken":0,"max_hp_gain":0,"max_hp_loss":0,"event_name":"SecretPortal","floor":37,"gold_loss":0}],"is_beta":false,"boss_relics":[{"not_picked":["HoveringKite","Astrolabe"],"picked":"Cursed Key"},{"not_picked":["Pandora\u0027s Box","Fusion Hammer","Snecko Eye"]}],"items_purged_floors":[22,29,36],"is_endless":false,"potions_floor_spawned":[14,16,21,25,27,31,33,35],"ascension_level":1}}