{"host":"07ljfmttuzqopd7f","time":1608180076,"event":{"mods":["2.2 Compatiblity","BaseMod","Bestiary","Block Reminder","Colored Map","Colored Powertips","Curses Come First","Hermit","Minty Spire (QoL Compilation)","Quick Restart","Random Character Button","Rare Cards Sparkle","Relic Stats","StSLib","The Cursed","UnlockEverythingMod","everything is the same but u backflip on backflip"],"gold_per_floor":[111,111,44,44,44,44,75,96,151,3,3,36,61,85,85,209,209,229,242,341,30,30,30,30],"floor_reached":23,"playtime":739,"items_purged":["TheCursedMod:Stretching"],"score":255,"play_id":"2cb481e2-8901-4bf6-ad7d-529c8ce0fdcf","local_time":"20201216234116","is_ascension_mode":true,"campfire_choices":[{"data":"TheCursedMod:TroublousMinions","floor":6,"key":"SMITH"},{"floor":15,"key":"REST"}],"circlet_count":0,"master_deck":["TheCursedMod:Strike_TheCursed","TheCursedMod:Strike_TheCursed","TheCursedMod:Strike_TheCursed","TheCursedMod:Strike_TheCursed","TheCursedMod:Defend_TheCursed","TheCursedMod:Defend_TheCursed","TheCursedMod:Defend_TheCursed","TheCursedMod:CursedWand","TheCursedMod:CleanUpWorkshop","TheCursedMod:Dregs","TheCursedMod:TroublousMinions+1","TheCursedMod:SpitefulPlan","Injury","TheCursedMod:CursedBlade","TheCursedMod:Wield","TheCursedMod:CursedBoomerang","TheCursedMod:VoidForm"],"relics":["TheCursedMod:BlackMagic101","NeowsBlessing","Bloody Idol","White Beast Statue","Omamori","Membership Card","Question Card","Fusion Hammer","Mummified Hand","Turnip"],"acts_visited":["Exordium","TheCity"],"potions_floor_usage":[14,16,16,18,19],"damage_taken":[{"damage":0,"enemies":"2 Louse","floor":1,"turns":1},{"damage":0,"enemies":"Gremlin Nob","floor":7,"turns":1},{"damage":0,"enemies":"Jaw Worm","floor":8,"turns":1},{"damage":32,"enemies":"3 Sentries","floor":12,"turns":7},{"damage":0,"enemies":"Small Slimes","floor":13,"turns":3},{"damage":10,"enemies":"Gremlin Gang","floor":14,"turns":5},{"damage":15,"enemies":"Slime Boss","floor":16,"turns":7},{"damage":18,"enemies":"Chosen","floor":18,"turns":5},{"damage":33,"enemies":"2 Thieves","floor":19,"turns":4},{"damage":0,"enemies":"Slavers","floor":23,"turns":1}],"seed_played":"7576537845597133271","potions_obtained":[{"floor":1,"key":"Weak Potion"},{"floor":8,"key":"Strength Potion"},{"floor":12,"key":"Block Potion"},{"floor":14,"key":"AttackPotion"},{"floor":16,"key":"ColorlessPotion"},{"floor":18,"key":"Strength Potion"},{"floor":19,"key":"Strength Potion"}],"is_trial":false,"path_per_floor":["M","?","$","?","$","R","E","M","T","$","?","E","M","M","R","B",null,"M","M","?","$","?","E"],"character_chosen":"THE_CURSED","items_purchased":["TheCursedMod:SpitefulPlan","Membership Card","Mummified Hand","Turnip"],"campfire_rested":1,"item_purchase_floors":[3,10,21,21],"current_hp_per_floor":[75,68,68,68,68,68,68,68,68,68,68,36,36,26,48,33,75,57,24,24,24,24,24,24],"gold":30,"neow_bonus":"THREE_ENEMY_KILL","is_daily":false,"chose_seed":false,"campfire_upgraded":1,"win_rate":0.0,"timestamp":1608180076,"path_taken":["M","?","$","?","$","R","E","M","T","?","?","E","?","M","R","BOSS","M","M","?","$","?","E"],"items_purchased_type":["Card","Relic","Relic","Relic"],"build_version":"2020-12-13","purchased_purges":1,"victory":false,"max_hp_per_floor":[75,75,75,75,75,75,75,75,75,75,75,75,75,75,75,75,75,75,75,75,75,75,75,75],"relic_stats":{"counters":[10,35],"Mummified Hand":[1],"Bloody Idol":0,"Turnip":[0],"Question Card":5,"obtain_stats":[{"TheCursedMod:BlackMagic101":0,"NeowsBlessing":0,"Golden Idol":4,"Mummified Hand":21,"Bloody Idol":22,"Fusion Hammer":17,"Turnip":21,"Omamori":9,"Membership Card":10,"Question Card":12,"White Beast Statue":7},{"TheCursedMod:BlackMagic101":0,"NeowsBlessing":0,"Golden Idol":1,"Mummified Hand":9,"Bloody Idol":9,"Fusion Hammer":7,"Turnip":9,"Omamori":3,"Membership Card":3,"Question Card":4,"White Beast Statue":2},{"TheCursedMod:BlackMagic101":0,"NeowsBlessing":0,"Golden Idol":1,"Mummified Hand":34,"Bloody Idol":34,"Fusion Hammer":25,"Turnip":34,"Omamori":3,"Membership Card":3,"Question Card":10,"White Beast Statue":2}]},"card_choices":[{"not_picked":["TheCursedMod:CircleOfAmplification","TheCursedMod:StingEye"],"picked":"TheCursedMod:TroublousMinions","floor":1},{"not_picked":["TheCursedMod:SurpriseAttack","TheCursedMod:WearCloak"],"picked":"TheCursedMod:Stretching","floor":7},{"not_picked":["TheCursedMod:CursedAmulet","TheCursedMod:SpitefulPlan"],"picked":"TheCursedMod:CursedBlade","floor":8},{"not_picked":["TheCursedMod:CircleOfFocus","TheCursedMod:VitalStrike","TheCursedMod:FuryStrike"],"picked":"SKIP","floor":12},{"not_picked":["TheCursedMod:CircleOfWindfury","TheCursedMod:BloodBarrier","TheCursedMod:SpitefulPray"],"picked":"TheCursedMod:Wield","floor":13},{"not_picked":["TheCursedMod:CursedMace","TheCursedMod:CircleOfFlame","TheCursedMod:VitalStrike"],"picked":"TheCursedMod:CursedBoomerang","floor":14},{"not_picked":["TheCursedMod:StunningStrike","TheCursedMod:CircleOfAbyss","TheCursedMod:DarkBarrier"],"picked":"TheCursedMod:VoidForm","floor":16},{"not_picked":["TheCursedMod:TacticalStrike","TheCursedMod:CursedMace","TheCursedMod:VitalStrike+1","TheCursedMod:CircleOfAmplification+1"],"picked":"SKIP","floor":18},{"not_picked":["TheCursedMod:CircleOfFocus","TheCursedMod:BloodBarrier","TheCursedMod:CircleOfAmplification","TheCursedMod:Wield"],"picked":"SKIP","floor":19}],"player_experience":425616,"relics_obtained":[{"floor":7,"key":"White Beast Statue"},{"floor":9,"key":"Omamori"},{"floor":12,"key":"Question Card"}],"event_choices":[{"cards_removed":["TheCursedMod:Defend_TheCursed"],"damage_healed":0,"gold_gain":0,"player_choice":"Card Removal","damage_taken":7,"max_hp_gain":0,"max_hp_loss":0,"event_name":"Golden Wing","floor":2,"gold_loss":0},{"damage_healed":0,"gold_gain":0,"player_choice":"Take Wound","damage_taken":0,"relics_obtained":["Golden Idol"],"max_hp_gain":0,"max_hp_loss":0,"event_name":"Golden Idol","floor":4,"gold_loss":0,"cards_obtained":["Injury"]},{"damage_healed":0,"gold_gain":0,"player_choice":"Cursed","damage_taken":0,"max_hp_gain":0,"max_hp_loss":0,"event_name":"Wheel of Change","floor":11,"gold_loss":0,"cards_obtained":["Decay"]},{"damage_healed":0,"gold_gain":99,"player_choice":"Stole From Cult","damage_taken":0,"max_hp_gain":0,"max_hp_loss":0,"event_name":"Nest","floor":20,"gold_loss":0},{"damage_healed":0,"gold_gain":0,"player_choice":"Gave Idol","damage_taken":0,"relics_obtained":["Bloody Idol"],"max_hp_gain":0,"max_hp_loss":0,"event_name":"Forgotten Altar","floor":22,"relics_lost":["Golden Idol"],"gold_loss":0}],"is_beta":false,"boss_relics":[{"not_picked":["Runic Pyramid","TheCursedMod:BlackMagicAdvanced"],"picked":"Fusion Hammer"}],"items_purged_floors":[21],"is_endless":false,"potions_floor_spawned":[1,8,12,13,14,16,18,19],"killed_by":"Slavers","ascension_level":3}}