{"host":"5s7sm4h73jkd9266","time":1608175329,"event":{"mods":["AchievementEnabler","Bartender","BaseMod","Better Match","Better Vampires","BetterRewards","Colored Map","Colored Powertips","Conspire","Downfall","Energized Spire","GifTheSpireLib","Hermit","Hubris","Magitek Elite","Marisa????????","Melee Mod","Minty Spire (QoL Compilation)","Potion Indicator Mod","Rare Cards Sparkle","Relic Stats","Replay The Spire","Robot Space Explorer","Shade Mod","Shop Mod","StSLib","Stuff the Spire","The Bladedancer","The Blue Laboratory","The Cursed","The Disciple","The Dragon Tamer","The Forsaken","The Necromancer","The Servant 0.9.4","The Wild Card","The Witch","TheVacant","Virulent Crown","everything is the same but u backflip on backflip","slay the spire mod where everything is the same but ironclad has a cowboy hat","vexMod"],"gold_per_floor":[114,114,114,6,6,6,17,45,91,110,120,10,10,10,10,87,87,99,99,99,38,38,38,69,82,82,82,114,114,134,197,197,274,940,951,1001,1001,1001],"floor_reached":37,"playtime":2722,"items_purged":[],"score":1073,"play_id":"0304ac20-a366-48c6-a8d9-ff321df8ab76","local_time":"20201216222209","is_ascension_mode":true,"campfire_choices":[{"floor":6.0,"key":"REST"},{"floor":15.0,"key":"REST"},{"floor":23.0,"key":"REST"},{"floor":29.0,"key":"REST"},{"floor":32.0,"key":"REST"}],"circlet_count":0,"master_deck":["AscendersBane","Strike_B","Strike_B","Strike_B","Strike_B","Defend_B","Defend_B","Defend_B","Defend_B","Zap+1","Dualcast","Static Discharge+1","The Bomb+1","Cold Snap","theWildCard:Metatron+1","conspire:Banana","BootSequence","Self Repair","Creative AI+1","Undo","Conserve Battery","Sunder","Pain","Electrodynamics","White Noise+1","RitualDagger","Doom and Gloom","hubris:Ukulele","Cold Snap","ReplayTheSpireMod:Dual Polarity","Streamline","FIFO Queue","Meteor Strike","Reinforced Body"],"relics":["Cracked Core","Sling","hubris:Towel","Tintinnabulum","Happy Flower","White_Cape","WarpedTongs","vexMod:ImprovementManual","Omamori","Bird Faced Urn","SsserpentHead","Counterbalance","vexMod:RockOfEvil"],"acts_visited":["Exordium","TheCity","TheBeyond"],"potions_floor_usage":[37],"damage_taken":[{"damage":4.0,"enemies":"2 Louse","floor":1.0,"turns":3.0},{"damage":5.0,"enemies":"Small Slimes","floor":7.0,"turns":4.0},{"damage":11.0,"enemies":"3 Sentries","floor":8.0,"turns":4.0},{"damage":2.0,"enemies":"Jaw Worm","floor":10.0,"turns":3.0},{"damage":10.0,"enemies":"Gremlin Gang","floor":11.0,"turns":3.0},{"damage":36.0,"enemies":"Slime Boss","floor":16.0,"turns":8.0},{"damage":19.0,"enemies":"Chosen","floor":18.0,"turns":6.0},{"damage":33.0,"enemies":"Replay:Snechameleon","floor":24.0,"turns":4.0},{"damage":15.0,"enemies":"conspire:FuzzyDice","floor":25.0,"turns":5.0},{"damage":17.0,"enemies":"Slavers","floor":28.0,"turns":2.0},{"damage":29.0,"enemies":"Shelled Parasite and Fungi","floor":30.0,"turns":3.0},{"damage":37.0,"enemies":"Chosen and Byrds","floor":31.0,"turns":4.0},{"damage":24.0,"enemies":"Champ","floor":33.0,"turns":13.0},{"damage":25,"enemies":"3 Shapes","floor":35,"turns":6},{"damage":83,"enemies":"3 Darklings","floor":37,"turns":4}],"seed_played":"8558385617315109366","potions_obtained":[{"floor":7.0,"key":"blueLaboratory:ImpenetrablePotion"},{"floor":10.0,"key":"Block Potion"},{"floor":24.0,"key":"SpeedPotion"},{"floor":28.0,"key":"Explosive Potion"},{"floor":31.0,"key":"blueLaboratory:RecallPotion"},{"floor":35,"key":"Dexterity Potion"}],"is_trial":false,"path_per_floor":["M","?","?","$","?","R","M","E","T","M","M","$","T","?","R","B",null,"M","?","?","$","?","R","E","M","T","?","E","R","M","M","R","B",null,"M","?","M"],"character_chosen":"DEFECT","items_purchased":["Sling","Static Discharge","The Bomb","conspire:Banana","Conserve Battery","Sunder","Doom and Gloom"],"campfire_rested":5,"item_purchase_floors":[0,0,0,4,12,12,21],"current_hp_per_floor":[45,45,45,45,45,66,62,52,53,60,59,60,61,62,75,40,67,57,52,53,54,55,77,52,46,47,48,36,61,37,16,41,49,76,65,66,0,0],"gold":1001,"neow_bonus":"","is_daily":false,"chose_seed":false,"campfire_upgraded":0,"win_rate":0.0,"timestamp":1608175329,"path_taken":["M","?","?","$","?","R","M","E","T","?","?","?","?","?","R","BOSS","M","?","?","?","?","R","E","?","T","?","E","R","M","?","R","BOSS","M","?","M"],"items_purchased_type":["Relic","Card","Card","Card","Card","Card","Card"],"build_version":"2020-12-13","purchased_purges":0,"victory":false,"max_hp_per_floor":[71,71,71,71,71,71,72,73,73,74,75,75,75,75,75,76,76,77,77,77,77,77,77,78,79,79,79,81,81,81,83,83,84,84,86,86,88,88],"relic_stats":{"SsserpentHead":100,"Happy Flower":[20],"counters":[18,91],"Bird Faced Urn":[52],"obtain_stats":[{"Happy Flower":9,"Self Forming Clay":0,"Golden Idol":0,"Counterbalance":28,"Omamori":24,"Orichalcum":0,"hubris:Towel":3,"Sling":0,"White_Cape":13,"vexMod:RockOfEvil":34,"Burning Blood":0,"WarpedTongs":14,"SsserpentHead":27,"Bird Faced Urn":26,"Tintinnabulum":8,"Turnip":0,"Cracked Core":0,"vexMod:ImprovementManual":17},{"Happy Flower":6,"Self Forming Clay":0,"Golden Idol":0,"Counterbalance":13,"Omamori":11,"Orichalcum":0,"hubris:Towel":4,"Sling":3,"White_Cape":8,"vexMod:RockOfEvil":16,"Burning Blood":0,"WarpedTongs":8,"SsserpentHead":12,"Bird Faced Urn":12,"Tintinnabulum":6,"Turnip":0,"Cracked Core":0,"vexMod:ImprovementManual":9},{"Happy Flower":30,"Self Forming Clay":0,"Golden Idol":0,"Counterbalance":61,"Omamori":54,"Orichalcum":0,"hubris:Towel":22,"Sling":19,"White_Cape":36,"vexMod:RockOfEvil":81,"Burning Blood":0,"WarpedTongs":36,"SsserpentHead":59,"Bird Faced Urn":59,"Tintinnabulum":30,"Turnip":0,"Cracked Core":0,"vexMod:ImprovementManual":44}],"WarpedTongs":[55]},"card_choices":[{"not_picked":["hubris:Ukulele","Coolheaded"],"picked":"Cold Snap","floor":1.0},{"not_picked":["Sweeping Beam","ReplayTheSpireMod:Reroute Power"],"picked":"BootSequence","floor":7.0},{"not_picked":["Compile Driver","ReplayTheSpireMod:Reroute Power"],"picked":"Self Repair","floor":8.0},{"not_picked":["Tempest","Steam"],"picked":"Creative AI","floor":10.0},{"not_picked":["Rebound","Redo"],"picked":"Undo","floor":11.0},{"not_picked":["Biased Cognition","All For One"],"picked":"Electrodynamics","floor":16.0},{"not_picked":["Rebound","StuffTheSpire:NuclearReactor"],"picked":"White Noise","floor":18.0},{"not_picked":["Tempest+1","Reprogram"],"picked":"hubris:Ukulele","floor":24.0},{"not_picked":["Barrage","Compile Driver"],"picked":"Cold Snap","floor":25.0},{"not_picked":["Gash","Hologram"],"picked":"ReplayTheSpireMod:Dual Polarity","floor":28.0},{"not_picked":["Sweeping Beam","ReplayTheSpireMod:Repulse"],"picked":"Streamline","floor":30.0},{"not_picked":["Turbo","Redo"],"picked":"FIFO Queue","floor":31.0},{"not_picked":["hubris:SpecializedCircuitry","All For One"],"picked":"Meteor Strike","floor":33.0},{"not_picked":["Gash+1","StuffTheSpire:SnapShoot"],"picked":"Reinforced Body","floor":35}],"player_experience":5309552,"relics_obtained":[{"floor":8.0,"key":"Tintinnabulum"},{"floor":9.0,"key":"Happy Flower"},{"floor":13.0,"key":"White_Cape"},{"floor":24.0,"key":"Omamori"},{"floor":26.0,"key":"Bird Faced Urn"},{"floor":28.0,"key":"Counterbalance"}],"event_choices":[{"damage_healed":0.0,"max_hp_gain":0.0,"max_hp_loss":0.0,"gold_gain":0.0,"event_name":"Golden Wing","player_choice":"Ignored","floor":5.0,"gold_loss":0.0,"damage_taken":0.0},{"damage_healed":0.0,"max_hp_gain":0.0,"max_hp_loss":0.0,"gold_gain":0.0,"event_name":"Accursed Blacksmith","player_choice":"Rummage","floor":14.0,"gold_loss":0.0,"damage_taken":0.0,"relics_obtained":["WarpedTongs"],"cards_obtained":["Pain"]},{"damage_healed":0.0,"max_hp_gain":0.0,"max_hp_loss":0.0,"gold_gain":0.0,"event_name":"Nest","player_choice":"Joined the Cult","floor":19.0,"gold_loss":0.0,"damage_taken":6.0,"cards_obtained":["RitualDagger"]},{"damage_healed":0.0,"max_hp_gain":0.0,"max_hp_loss":0.0,"gold_gain":0.0,"event_name":"FaceTrader","player_choice":"Trade","floor":27.0,"gold_loss":0.0,"damage_taken":0.0,"relics_obtained":["SsserpentHead"]},{"damage_healed":0,"gold_gain":0,"player_choice":"Ignored","damage_taken":0,"max_hp_gain":0,"max_hp_loss":0,"event_name":"Tomb of Lord Red Mask","floor":36,"gold_loss":0}],"is_beta":false,"boss_relics":[{"not_picked":["Runic Dome","Velvet Choker"],"picked":"vexMod:ImprovementManual"},{"not_picked":["StuffTheSpire:Kangaroo","hubris:HollowSoul"],"picked":"vexMod:RockOfEvil"}],"items_purged_floors":[],"is_endless":false,"potions_floor_spawned":[7,10,24,28,31,35],"killed_by":"3 Darklings","ascension_level":17}}