{"host":"dntw6kil9p09eemm","time":1608244468,"event":{"mods":["BaseMod","Become a monster €›?Œ÷","BetterRewards","Colored Powertips","Hermit","Minty Spire (QoL Compilation)","Permanent Neow","Shop Mod","Spicy Shops","StSLib","The Factory","The Runesmith","Waifu the Spire","vexMod"],"gold_per_floor":[99,110,110,130,150,0,0,18,36,36,53,15,28,41,41,41,146,146,163,174,174,187,82,82,99,117,140,140,160,71,71,71,71,71,71],"floor_reached":34,"playtime":1210,"items_purged":["Strike_R","Strike_R","Defend_R"],"score":273,"play_id":"f14a36ef-b900-4eed-b43e-151cbdc263e2","local_time":"20201218073428","is_ascension_mode":false,"campfire_choices":[{"data":"Thunderclap","floor":7,"key":"SMITH"},{"data":"Sword Boomerang","floor":16,"key":"SMITH"},{"data":"Cleave","floor":24,"key":"SMITH"},{"data":"Anger","floor":28,"key":"SMITH"},{"data":"Thunderclap","floor":31,"key":"SMITH"},{"data":"Anger","floor":33,"key":"SMITH"}],"circlet_count":0,"master_deck":["Strike_R","Strike_R","Defend_R","Defend_R","Bash","Anger+1","Thunderclap+1","Fire Breathing","Sword Boomerang+1","Shrug It Off","Berserk+1","Exhume","Cleave+1","Juggernaut","Hemokinesis+1","Blood for Blood","Anger+1","Clash","Thunderclap+1"],"relics":["Burning Blood","Thread and Needle","Membership Card","Coffee Dripper","MerchantsRug","vexMod:FocusSash","Tiny Chest","Molten Egg 2"],"acts_visited":["Exordium","TheCity"],"potions_floor_usage":[11,17,22,26],"damage_taken":[{"damage":0,"enemies":"3 Shapes","floor":2,"turns":1},{"damage":0,"enemies":"2 Louse","floor":4,"turns":3},{"damage":0,"enemies":"Small Slimes","floor":5,"turns":3},{"damage":4,"enemies":"3 Louse","floor":8,"turns":3},{"damage":0,"enemies":"Large Slime","floor":9,"turns":4},{"damage":0,"enemies":"Exordium Thugs","floor":11,"turns":4},{"damage":1,"enemies":"Looter","floor":13,"turns":3},{"damage":0,"enemies":"Red Slaver","floor":14,"turns":4},{"damage":20,"enemies":"Slime Boss","floor":17,"turns":6},{"damage":9,"enemies":"Spheric Guardian","floor":19,"turns":4},{"damage":1,"enemies":"3 Byrds","floor":20,"turns":3},{"damage":28,"enemies":"Shelled Parasite and Fungi","floor":22,"turns":4},{"damage":21,"enemies":"Cultist and Chosen","floor":25,"turns":7},{"damage":8,"enemies":"Snake Plant","floor":26,"turns":3},{"damage":12,"enemies":"Centurion and Healer","floor":29,"turns":5},{"damage":41,"enemies":"Champ","floor":34,"turns":5}],"seed_played":"-849378529451887610","potions_obtained":[{"floor":4,"key":"CultistPotion"},{"floor":8,"key":"ColorlessPotion"},{"floor":9,"key":"AttackPotion"},{"floor":13,"key":"Weak Potion"},{"floor":14,"key":"LiquidMemories"},{"floor":20,"key":"LiquidBronze"},{"floor":25,"key":"PowerPotion"},{"floor":29,"key":"Explosive Potion"}],"is_trial":false,"path_per_floor":["M","M","?","M","M","$","R","M","M","T","M","$","M","M","?","R","B",null,"M","M","?","M","$","R","M","M","T","R","M","$","R","T","R","B"],"character_chosen":"IRONCLAD","items_purchased":["Membership Card","MerchantsRug","vexMod:FocusSash","Thunderclap"],"campfire_rested":0,"item_purchase_floors":[6,23,23,30],"current_hp_per_floor":[56,62,62,68,74,74,74,76,80,80,80,80,80,80,80,80,66,80,77,80,80,58,58,58,43,41,41,41,35,35,35,35,35,0,0],"gold":71,"neow_bonus":"ONE_RARE_RELIC","is_daily":false,"chose_seed":false,"campfire_upgraded":6,"win_rate":0.0,"timestamp":1608244468,"path_taken":["M","?","M","M","$","R","M","M","T","M","$","M","M","?","R","BOSS","M","?","?","M","$","R","M","M","T","R","?","$","R","?","R","BOSS"],"items_purchased_type":["Relic","Relic","Relic","Card"],"build_version":"2020-12-13","purchased_purges":3,"victory":false,"max_hp_per_floor":[80,80,80,80,80,80,80,80,80,80,80,80,80,80,80,80,80,80,80,80,80,80,80,80,80,80,80,80,80,80,80,80,80,80,80],"card_choices":[{"not_picked":["True Grit","Havoc"],"picked":"Anger","floor":2},{"not_picked":["Heavy Blade","Iron Wave","Warcry"],"picked":"SKIP","floor":4},{"not_picked":["Heavy Blade","Pommel Strike"],"picked":"Thunderclap","floor":5},{"not_picked":["Perfected Strike","Wild Strike"],"picked":"Fire Breathing","floor":8},{"not_picked":["Disarm","Whirlwind"],"picked":"Sword Boomerang","floor":9},{"not_picked":["Pummel","Clash"],"picked":"Shrug It Off","floor":11},{"not_picked":["Flex","Second Wind","Ghostly Armor"],"picked":"SKIP","floor":13},{"not_picked":["Body Slam","Combust"],"picked":"Berserk","floor":14},{"not_picked":["Limit Break","Fiend Fire"],"picked":"Exhume","floor":17},{"not_picked":["Pummel","True Grit","Flex"],"picked":"SKIP","floor":19},{"not_picked":["Shrug It Off","Iron Wave"],"picked":"Cleave","floor":20},{"not_picked":["Disarm","Seeing Red+1"],"picked":"Hemokinesis+1","floor":22},{"not_picked":["Havoc","Clash+1"],"picked":"Blood for Blood","floor":25},{"not_picked":["Clothesline","Combust"],"picked":"Anger","floor":26},{"not_picked":["Brutality","Blood for Blood"],"picked":"Clash","floor":29}],"player_experience":186407,"relics_obtained":[{"floor":10,"key":"Centennial Puzzle"},{"floor":27,"key":"Tiny Chest"},{"floor":32,"key":"Molten Egg 2"}],"event_choices":[{"damage_healed":0,"gold_gain":0,"player_choice":"Upgraded","damage_taken":0,"max_hp_gain":0,"max_hp_loss":0,"event_name":"Upgrade Shrine","floor":15,"gold_loss":0,"cards_upgraded":["Berserk"]},{"damage_healed":0,"gold_gain":0,"cards_transformed":["Strike_R"],"player_choice":"Transformed","damage_taken":0,"max_hp_gain":0,"max_hp_loss":0,"event_name":"Transmorgrifier","floor":21,"gold_loss":0,"cards_obtained":["Juggernaut"]}],"is_beta":false,"boss_relics":[{"not_picked":["Runic Dome","vexMod:ImprovementManual"],"picked":"Coffee Dripper"}],"items_purged_floors":[12,23,30],"is_endless":false,"potions_floor_spawned":[4,8,9,13,14,20,25,29],"killed_by":"Champ","ascension_level":0}}