{"host":"3a1ypf1irl30q4k8","time":1608242339,"event":{"mods":["AchievementEnabler","BaseMod","Bestiary","Colored Map","Minty Spire (QoL Compilation)","Relic Stats"],"gold_per_floor":[118,39,39,59,234,234,264,264,264,294,305,305,319,2,2,101,101,111,26,26,36,48,48,0,0,0,0,14,14,14,14],"floor_reached":30,"playtime":946,"items_purged":["Strike_B"],"score":367,"play_id":"8edeed06-2a4e-4e91-aba9-eba16744018c","local_time":"20201217215859","is_ascension_mode":true,"campfire_choices":[{"data":"Echo Form","floor":6,"key":"SMITH"},{"floor":8,"key":"REST"},{"floor":12,"key":"REST"},{"data":"Capacitor","floor":15,"key":"SMITH"},{"floor":23,"key":"REST"},{"floor":25,"key":"REST"},{"data":"Static Discharge","floor":27,"key":"SMITH"}],"circlet_count":0,"master_deck":["Strike_B","Strike_B","Strike_B","Defend_B","Defend_B","Defend_B","Defend_B","Zap","Dualcast","Beam Cell","Loop","Echo Form+1","Doubt","Defragment","Steam","Ball Lightning","Static Discharge+1","Storm","Capacitor+1","Coolheaded","Rainbow","Ball Lightning","Auto Shields","Turbo+1","Beam Cell","Heatsinks"],"relics":["Cracked Core","Blood Vial","The Courier","Letter Opener","Membership Card","Bronze Scales","Inserter","Matryoshka","Pear","Cables"],"acts_visited":["Exordium","TheCity"],"potions_floor_usage":[7,16,16],"damage_taken":[{"damage":1,"enemies":"Small Slimes","floor":1,"turns":3},{"damage":7,"enemies":"Jaw Worm","floor":4,"turns":3},{"damage":30,"enemies":"Lagavulin","floor":7,"turns":7},{"damage":50,"enemies":"3 Sentries","floor":10,"turns":8},{"damage":3,"enemies":"2 Louse","floor":11,"turns":3},{"damage":4,"enemies":"2 Fungi Beasts","floor":13,"turns":3},{"damage":40,"enemies":"The Guardian","floor":16,"turns":8},{"damage":5,"enemies":"3 Byrds","floor":18,"turns":2},{"damage":31,"enemies":"2 Thieves","floor":21,"turns":4},{"damage":27,"enemies":"Snecko","floor":22,"turns":6},{"damage":60,"enemies":"Cultist and Chosen","floor":28,"turns":5},{"damage":17,"enemies":"Colosseum Slavers","floor":30,"turns":1}],"seed_played":"-6250344332329536386","potions_obtained":[{"floor":4,"key":"DuplicationPotion"},{"floor":7,"key":"FearPotion"},{"floor":10,"key":"SkillPotion"},{"floor":16,"key":"Strength Potion"},{"floor":28,"key":"EssenceOfSteel"}],"is_trial":false,"path_per_floor":["M","$","?","M","?","R","E","R","T","E","M","R","M","$","R","B",null,"M","?","$","M","M","R","$","R","T","R","M","$","?"],"character_chosen":"DEFECT","items_purchased":["Loop","Storm","Membership Card","Bronze Scales","Capacitor","Coolheaded","LiquidBronze","Beam Cell"],"campfire_rested":4,"item_purchase_floors":[2,14,14,14,14,14,14,24],"current_hp_per_floor":[74,74,79,72,72,72,42,68,68,20,19,45,43,43,43,5,67,64,64,64,35,10,36,36,62,72,72,14,14,0,0],"gold":14,"neow_bonus":"TEN_PERCENT_HP_BONUS","is_daily":false,"chose_seed":false,"campfire_upgraded":3,"win_rate":0.0,"timestamp":1608242339,"path_taken":["M","$","?","M","?","R","E","R","T","E","M","R","M","$","R","BOSS","M","?","$","M","M","R","$","R","T","R","M","?","?"],"items_purchased_type":["Card","Card","Relic","Relic","Card","Card","Potion","Card"],"build_version":"2020-12-13","purchased_purges":1,"victory":false,"max_hp_per_floor":[82,82,87,87,87,87,87,87,87,87,87,87,87,87,87,87,87,87,87,87,87,87,87,87,87,97,97,97,97,97,97],"relic_stats":{"Blood Vial":18,"Inserter":[9],"counters":[12,53],"Bronze Scales":[80],"Letter Opener":[50],"obtain_stats":[{"Blood Vial":7,"Inserter":17,"Matryoshka":19,"Pear":26,"Bronze Scales":14,"The Courier":9,"Letter Opener":10,"Membership Card":14,"Cracked Core":0,"Cables":26},{"Blood Vial":3,"Inserter":7,"Matryoshka":8,"Pear":10,"Bronze Scales":6,"The Courier":3,"Letter Opener":4,"Membership Card":6,"Cracked Core":0,"Cables":10},{"Blood Vial":13,"Inserter":35,"Matryoshka":37,"Pear":47,"Bronze Scales":27,"The Courier":13,"Letter Opener":21,"Membership Card":27,"Cracked Core":0,"Cables":47}],"Cables":[6,4,2,0,0]},"card_choices":[{"not_picked":["Turbo","Hologram"],"picked":"Beam Cell","floor":1},{"not_picked":["Beam Cell","Redo"],"picked":"Echo Form","floor":4},{"not_picked":["Loop","Genetic Algorithm"],"picked":"Defragment","floor":7},{"not_picked":["Beam Cell","FTL"],"picked":"Steam","floor":10},{"not_picked":["Tempest","Leap"],"picked":"Ball Lightning","floor":11},{"not_picked":["Chaos","Skim"],"picked":"Static Discharge","floor":13},{"not_picked":["Meteor Strike","Seek"],"picked":"Rainbow","floor":16},{"not_picked":["Sweeping Beam","Steam+1"],"picked":"Ball Lightning","floor":18},{"not_picked":["Chill","Turbo+1"],"picked":"Auto Shields","floor":21},{"not_picked":["Steam","Hologram"],"picked":"Turbo+1","floor":22},{"not_picked":["All For One","Ball Lightning"],"picked":"Heatsinks","floor":28}],"player_experience":854750,"relics_obtained":[{"floor":7,"key":"Blood Vial"},{"floor":9,"key":"The Courier"},{"floor":10,"key":"Letter Opener"},{"floor":26,"key":"Pear"},{"floor":26,"key":"Cables"}],"event_choices":[{"damage_healed":0,"gold_gain":0,"player_choice":"Donut","damage_taken":0,"max_hp_gain":5,"max_hp_loss":0,"event_name":"Big Fish","floor":3,"gold_loss":0},{"damage_healed":0,"gold_gain":175,"player_choice":"AGREE","damage_taken":0,"max_hp_gain":0,"max_hp_loss":0,"event_name":"Liars Game","floor":5,"gold_loss":0,"cards_obtained":["Doubt"]},{"damage_healed":0,"gold_gain":0,"player_choice":"Obtained Relic","damage_taken":0,"relics_obtained":["Matryoshka"],"max_hp_gain":0,"max_hp_loss":0,"event_name":"Addict","floor":19,"gold_loss":85},{"damage_healed":0,"gold_gain":0,"player_choice":"Fight","damage_taken":0,"max_hp_gain":0,"max_hp_loss":0,"event_name":"Colosseum","floor":30,"gold_loss":0}],"is_beta":false,"boss_relics":[{"not_picked":["Ectoplasm","Runic Pyramid"],"picked":"Inserter"}],"items_purged_floors":[24],"is_endless":false,"potions_floor_spawned":[4,7,10,16,28],"killed_by":"Colosseum Slavers","ascension_level":9}}