{"host":"3jpwrwmmgyabjceh","time":1608205688,"event":{"mods":["AchievementEnabler","BaseMod","Colored Map","Colored Powertips","Highlight Path","Minty Spire (QoL Compilation)","StSLib"],"gold_per_floor":[111,111,125,125,148,191,212,227,227,227,250,266,341,410,410,539,539,552,552,294,308,321,321,321,321],"floor_reached":24,"playtime":1004,"items_purged":["Strike_R"],"score":230,"play_id":"34a38acd-8e7f-4f70-bbb1-4ba933caa8d4","local_time":"20201217144808","is_ascension_mode":true,"campfire_choices":[{"floor":10,"key":"REST"},{"floor":15,"key":"REST"},{"data":"Shrug It Off","floor":23,"key":"SMITH"}],"circlet_count":0,"master_deck":["Defend_R","Defend_R","Defend_R","Defend_R","Bash","Fire Breathing","Injury","Ghostly Armor","Pommel Strike","Reaper","Wild Strike","Pommel Strike","Entrench","Combust+1","Brutality+1","Shrug It Off+1","Shame","Reaper","Shrug It Off"],"relics":["Burning Blood","Golden Idol","Kunai","Matryoshka","Frozen Egg 2","Empty Cage","Smiling Mask"],"acts_visited":["Exordium","TheCity"],"potions_floor_usage":[11,18,22],"damage_taken":[{"damage":8,"enemies":"Jaw Worm","floor":1,"turns":5},{"damage":10,"enemies":"Small Slimes","floor":3,"turns":4},{"damage":0,"enemies":"Cultist","floor":5,"turns":4},{"damage":69,"enemies":"Gremlin Nob","floor":6,"turns":6},{"damage":12,"enemies":"2 Fungi Beasts","floor":7,"turns":4},{"damage":8,"enemies":"Blue Slaver","floor":8,"turns":4},{"damage":9,"enemies":"3 Louse","floor":11,"turns":2},{"damage":16,"enemies":"Lots of Slimes","floor":12,"turns":6},{"damage":15,"enemies":"3 Sentries","floor":14,"turns":5},{"damage":29,"enemies":"Slime Boss","floor":16,"turns":7},{"damage":6,"enemies":"Chosen","floor":18,"turns":4},{"damage":36,"enemies":"2 Thieves","floor":21,"turns":4},{"damage":81,"enemies":"Centurion and Healer","floor":22,"turns":8},{"damage":20,"enemies":"Shelled Parasite and Fungi","floor":24,"turns":4}],"seed_played":"-3720098048848119798","potions_obtained":[{"floor":1,"key":"FairyPotion"},{"floor":7,"key":"DistilledChaos"},{"floor":8,"key":"FearPotion"},{"floor":14,"key":"FearPotion"}],"is_trial":false,"path_per_floor":["M","?","M","?","M","E","M","M","T","R","M","M","?","?","R","B",null,"M","?","$","M","M","R","M"],"character_chosen":"IRONCLAD","items_purchased":["Reaper","Shrug It Off"],"campfire_rested":2,"item_purchase_floors":[20,20],"current_hp_per_floor":[78,78,74,74,80,17,11,9,9,33,38,44,33,36,60,37,80,80,80,80,54,19,19,0,0],"gold":321,"neow_bonus":"REMOVE_CARD","is_daily":false,"chose_seed":false,"campfire_upgraded":1,"win_rate":0.0,"timestamp":1608205688,"path_taken":["M","?","M","?","M","E","M","M","T","R","?","M","?","?","R","BOSS","M","?","$","M","M","R","M"],"items_purchased_type":["Card","Card"],"build_version":"2020-12-13","purchased_purges":1,"victory":false,"max_hp_per_floor":[80,80,80,80,80,80,80,80,80,80,80,80,80,80,80,80,80,80,80,80,80,80,80,80,80],"card_choices":[{"not_picked":["Blood for Blood","Havoc"],"picked":"Fire Breathing","floor":1},{"not_picked":["Warcry","True Grit","Flex"],"picked":"SKIP","floor":3},{"not_picked":["Combust","Hemokinesis"],"picked":"Pommel Strike","floor":5},{"not_picked":["Corruption","Sword Boomerang"],"picked":"Reaper","floor":6},{"not_picked":["Sword Boomerang","Warcry"],"picked":"Wild Strike","floor":7},{"not_picked":["Body Slam","True Grit"],"picked":"Pommel Strike","floor":8},{"not_picked":["Intimidate","Flame Barrier","Sword Boomerang"],"picked":"SKIP","floor":11},{"not_picked":["Perfected Strike","Inflame"],"picked":"Entrench","floor":12},{"not_picked":["Rage","Body Slam"],"picked":"Combust+1","floor":14},{"not_picked":["Double Tap","Fiend Fire"],"picked":"Brutality+1","floor":16},{"not_picked":["Havoc","Pummel"],"picked":"Shrug It Off","floor":18},{"not_picked":["Spot Weakness+1","Uppercut","Sever Soul+1"],"picked":"SKIP","floor":21},{"not_picked":["Headbutt","Iron Wave","Infernal Blade"],"picked":"SKIP","floor":22}],"player_experience":206796,"relics_obtained":[{"floor":6,"key":"Kunai"},{"floor":9,"key":"Matryoshka"},{"floor":14,"key":"Frozen Egg 2"}],"event_choices":[{"damage_healed":0,"gold_gain":0,"player_choice":"Take Wound","damage_taken":0,"relics_obtained":["Golden Idol"],"max_hp_gain":0,"max_hp_loss":0,"event_name":"Golden Idol","floor":2,"gold_loss":0,"cards_obtained":["Injury"]},{"damage_healed":0,"gold_gain":0,"cards_transformed":["Strike_R"],"player_choice":"Transformed","damage_taken":0,"max_hp_gain":0,"max_hp_loss":0,"event_name":"Transmorgrifier","floor":4,"gold_loss":0,"cards_obtained":["Ghostly Armor"]},{"damage_healed":0,"gold_gain":75,"player_choice":"Gather Gold","damage_taken":11,"max_hp_gain":0,"max_hp_loss":0,"event_name":"World of Goop","floor":13,"gold_loss":0},{"damage_healed":0,"gold_gain":0,"player_choice":"Searched \u00271\u0027 times","damage_taken":0,"max_hp_gain":0,"max_hp_loss":0,"event_name":"Dead Adventurer","floor":14,"gold_loss":0},{"damage_healed":0,"gold_gain":0,"player_choice":"Stole Relic","damage_taken":0,"relics_obtained":["Smiling Mask"],"max_hp_gain":0,"max_hp_loss":0,"event_name":"Addict","floor":19,"gold_loss":0,"cards_obtained":["Shame"]}],"is_beta":false,"boss_relics":[{"not_picked":["Coffee Dripper","Sozu"],"picked":"Empty Cage"}],"items_purged_floors":[20],"is_endless":false,"potions_floor_spawned":[1,7,8,14],"killed_by":"Shelled Parasite and Fungi","ascension_level":3}}