{"host":"6ko66ogg91i6g7xq","time":1608191018,"event":{"mods":["AchievementEnabler","Act Like it!","BaseMod","Colored Map","Colored Powertips","Downfall","Hermit","Minty Spire (QoL Compilation)","Quick Restart","Relic Stats","StSLib","The Jungle","everything is the same but u backflip on backflip"],"gold_per_floor":[116,291,301,251,251,285,24,24,24],"floor_reached":8,"playtime":112,"items_purged":[],"score":83,"play_id":"ca9103bf-03e7-4f6b-b2d0-28a7f720408f","local_time":"20201217024338","is_ascension_mode":true,"campfire_choices":[],"circlet_count":0,"master_deck":["Strike_G","Strike_G","Strike_G","Strike_G","Strike_G","Defend_G","Defend_G","Defend_G","Defend_G","Defend_G","Survivor","Neutralize","Backflip","Dagger Spray","Deadly Poison"],"relics":["Ring of the Snake","NeowsBlessing","Golden Idol","TungstenRod","Molten Egg 2"],"acts_visited":["Exordium"],"potions_floor_usage":[],"damage_taken":[{"damage":0,"enemies":"2 Louse","floor":1,"turns":1},{"damage":0,"enemies":"Small Slimes","floor":3,"turns":1},{"damage":0,"enemies":"Gremlin Nob","floor":6,"turns":1},{"damage":1,"enemies":"Lagavulin","floor":8,"turns":4}],"seed_played":"-6901959044772397906","potions_obtained":[{"floor":6,"key":"LiquidMemories"}],"is_trial":false,"path_per_floor":["M","?","M","?","?","E","$","E"],"character_chosen":"THE_SILENT","items_purchased":["Molten Egg 2"],"campfire_rested":0,"item_purchase_floors":[7],"current_hp_per_floor":[70,70,70,70,53,53,53,52,52],"gold":24,"neow_bonus":"THREE_ENEMY_KILL","is_daily":false,"chose_seed":false,"campfire_upgraded":0,"win_rate":0.0,"timestamp":1608191018,"path_taken":["M","?","M","?","?","E","?","E"],"items_purchased_type":["Relic"],"build_version":"2020-12-13","purchased_purges":0,"victory":false,"max_hp_per_floor":[70,70,70,70,70,70,70,70,70],"relic_stats":{"counters":[4,7],"Golden Idol":7,"obtain_stats":[{"NeowsBlessing":0,"Golden Idol":5,"Molten Egg 2":7,"TungstenRod":6,"Ring of the Snake":0},{"NeowsBlessing":0,"Golden Idol":2,"Molten Egg 2":3,"TungstenRod":3,"Ring of the Snake":0},{"NeowsBlessing":0,"Golden Idol":2,"Molten Egg 2":3,"TungstenRod":3,"Ring of the Snake":0}],"TungstenRod":1,"Ring of the Snake":[8]},"card_choices":[{"not_picked":["Slice","Reflex"],"picked":"Backflip","floor":1},{"not_picked":["Well Laid Plans","Heel Hook"],"picked":"Dagger Spray","floor":3},{"not_picked":["Dagger Throw","Bane"],"picked":"Deadly Poison","floor":6}],"player_experience":281651,"relics_obtained":[{"floor":6,"key":"TungstenRod"}],"event_choices":[{"damage_healed":0,"gold_gain":175,"player_choice":"AGREE","damage_taken":0,"max_hp_gain":0,"max_hp_loss":0,"event_name":"Liars Game","floor":2,"gold_loss":0,"cards_obtained":["Doubt"]},{"cards_removed":["Doubt"],"damage_healed":0,"gold_gain":0,"player_choice":"Card Removal","damage_taken":0,"max_hp_gain":0,"max_hp_loss":0,"event_name":"The Cleric","floor":4,"gold_loss":50},{"damage_healed":0,"gold_gain":0,"player_choice":"Take Damage","damage_taken":17,"relics_obtained":["Golden Idol"],"max_hp_gain":0,"max_hp_loss":0,"event_name":"Golden Idol","floor":5,"gold_loss":0}],"is_beta":false,"boss_relics":[],"items_purged_floors":[],"is_endless":false,"potions_floor_spawned":[6],"killed_by":"Lagavulin","ascension_level":1}}