{"host":"0fmi5fguj5lvt8pf","time":1608217899,"event":{"mods":["BaseMod","BetterRewards","Colored Map","Downfall","Minty Spire (QoL Compilation)","Permanent Neow","StSLib"],"gold_per_floor":[0,10,10,21,21,21,21,21,6,6,20,20,33,45,62,62,62],"floor_reached":16,"playtime":685,"items_purged":[],"score":92,"play_id":"77132836-2caa-4769-9fe3-b4a6a9173d3f","local_time":"20201217071139","is_ascension_mode":false,"campfire_choices":[{"data":"Mayhem","floor":1.0,"key":"SMITH"},{"data":"champ:Taunt","floor":3.0,"key":"SMITH"},{"data":"champ:DeathBlow","floor":6.0,"key":"SMITH"}],"circlet_count":0,"master_deck":["champ:Strike","champ:Strike","champ:Strike","champ:Strike","champ:Defend","champ:Defend","champ:Defend","champ:Defend","champ:Execute","champ:Taunt+1","Mayhem+1","champ:SwordSigil","champ:DeathBlow+1","champ:HoldFirm","champ:BladeFlurry","champ:FlashCut","champ:FocusedGladiator"],"relics":["champ:ChampionCrown","StrikeDummy"],"acts_visited":["Exordium"],"potions_floor_usage":[16,16],"damage_taken":[{"damage":6.0,"enemies":"Cultist","floor":2.0,"turns":4.0},{"damage":12.0,"enemies":"Small Slimes","floor":4.0,"turns":4.0},{"damage":55.0,"enemies":"downfall:FleeingMerchant","floor":9.0,"turns":4.0},{"damage":35.0,"enemies":"Jaw Worm","floor":11.0,"turns":5.0},{"damage":25.0,"enemies":"Large Slime","floor":13.0,"turns":4.0},{"damage":27.0,"enemies":"2 Fungi Beasts","floor":14.0,"turns":3.0},{"damage":25.0,"enemies":"Lots of Slimes","floor":15.0,"turns":1.0},{"damage":89,"enemies":"downfall:Defect","floor":16,"turns":9}],"seed_played":"-2717643538294945480","potions_obtained":[{"floor":4.0,"key":"champ:OpenerPotion"},{"floor":11.0,"key":"GamblersBrew"},{"floor":14.0,"key":"sneckomod:MuddlingPotion"}],"is_trial":false,"path_per_floor":["R","M","R","M","?","R","T","T","$","?","M","?","M","M","M","B"],"character_chosen":"THE_CHAMP","items_purchased":[],"campfire_rested":0,"item_purchase_floors":[],"current_hp_per_floor":[90,89,89,82,87,87,87,87,87,87,86,86,86,84,84,0,0],"gold":62,"neow_bonus":"RANDOM_COLORLESS_2","is_daily":false,"chose_seed":false,"campfire_upgraded":3,"win_rate":0.0,"timestamp":1608217899,"path_taken":["R","M","R","?","?","R","T","?","$","?","M","?","M","?","M","BOSS"],"items_purchased_type":[],"build_version":"2020-12-13","purchased_purges":0,"victory":false,"max_hp_per_floor":[90,90,90,90,95,95,95,95,95,95,95,95,95,95,95,95,95],"card_choices":[{"not_picked":["Secret Weapon","Transmutation"],"picked":"Mayhem","floor":0.0},{"not_picked":["champ:Shatter","champ:HeartStrike"],"picked":"champ:SwordSigil","floor":2.0},{"not_picked":["champ:CrookedStrike","champ:BerserkerStyle"],"picked":"champ:DeathBlow","floor":4.0},{"not_picked":["champ:FanOfKnives","champ:BringItOn"],"picked":"champ:HoldFirm","floor":9.0},{"not_picked":["champ:FlashCut","champ:BerserkersShout"],"picked":"champ:BladeFlurry","floor":11.0},{"not_picked":["champ:FanOfKnives","champ:Haymaker","champ:GladiatorsShout"],"picked":"SKIP","floor":13.0},{"not_picked":["champ:BerserkerStyle","champ:SwordSigil"],"picked":"champ:FlashCut","floor":14.0},{"not_picked":["champ:Haymaker","champ:FaceSlap"],"picked":"champ:FocusedGladiator","floor":15.0}],"player_experience":1176467,"relics_obtained":[{"floor":8.0,"key":"StrikeDummy"}],"event_choices":[{"damage_healed":0.0,"max_hp_gain":5.0,"max_hp_loss":0.0,"gold_gain":0.0,"event_name":"Big Fish","player_choice":"Donut","floor":5.0,"gold_loss":0.0,"damage_taken":0.0},{"damage_healed":0.0,"max_hp_gain":0.0,"max_hp_loss":0.0,"gold_gain":0.0,"event_name":"NoteForYourself","player_choice":"Ignored","floor":12.0,"gold_loss":0.0,"damage_taken":0.0}],"is_beta":false,"boss_relics":[],"items_purged_floors":[],"is_endless":false,"potions_floor_spawned":[4,11,14],"killed_by":"downfall:Defect","ascension_level":0}}