{"host":"02w9hl92h62kgkzk","time":1608245713,"event":{"mods":["2.2 Compatiblity","AchievementEnabler","Act Like it!","AlwaysNeverKeys","Aspiration","Bard","BaseMod","Beaked The Cultist","Better Altar","Better Match","Better Note","Better Sensory Stone","Better Skull","Better Third Choice","Better Vampires","BetterRewards","Block Reminder","CCEM","ChefMod","Colored Map","Colored Powertips","Conspire","Dio Mod","Downfall","Ekko","Elementarium","Emptier Cage","Energized Spire","Fireblade Mod","Friendly Minions","FruityMod","Gensokyo","GifTheSpireLib","Halation","Hallownest","Hermit","Hubris","Jorbs\u0027s Wanderer Trilogy","Magitek Elite","Marisa????????","Marked Mod","Minty Spire (QoL Compilation)","Permanent Neow","QueenMod","Quick Restart","Random Character Mod","Rare Cards Sparkle","Replay The Spire","Retaliation","Reworked Bosses","Robot Space Explorer","SIMod","Shade Mod","Shop Mod","Somnambulant","Spicy Shops","Spikes Relics","StSLib","Stuff the Spire","Synergy Search","The Administrix","The Alterego","The Animator","The Blackbeard","The Blue Laboratory","The Bug Knight","The Construct","The Cursed","The Death Knight","The Disciple","The Factory","The Fake Hero","The Forsaken","The Gatherer","The Hayseed","The Hierophant","The Judge","The Jungle","The Runesmith","The Valiant","The Vixen","The Wild Card","TheHero","TheVacant","Trackpad","Transform Curses","Unceasing Turn Reminder","Wandering Minibosses","thorton","vexMod"],"gold_per_floor":[114,670,681,606,103,135,135,43,43,43,43,43,167,201,201,298,298,313,313,148,162,162,162,188,204,204,204,204,204,304,332,332,433,433,446,446,290,320,337,337,337,337,337,337,367,383,29,29,29,0],"floor_reached":51,"playtime":2191,"items_purged":["DeathKnight:Hysteria","Defend_G","DeathKnight:GargoyleSkin","theForsaken:PlagueCurse"],"score":790,"play_id":"f44689f1-0bde-4731-89c0-07b455ed2986","local_time":"20201217165513","daily_mods":["Draft"],"is_ascension_mode":false,"campfire_choices":[{"floor":7,"key":"REST"},{"floor":10,"key":"REST"},{"data":"DeathKnight:RuneShock","floor":12,"key":"SMITH"},{"data":"DeathKnight:PlagueStrike","floor":15,"key":"SMITH"},{"data":"DeathKnight:BoneSpear","floor":23,"key":"SMITH"},{"data":"DeathKnight:Runesurge","floor":28,"key":"SMITH"},{"floor":32,"key":"RECALL"},{"data":"DeathKnight:ScourgeStrike","floor":40,"key":"SMITH"},{"data":"DeathKnight:DeathAndDecay","floor":42,"key":"SMITH"},{"data":"DeathKnight:BloodStrike","floor":44,"key":"SMITH"},{"floor":49,"key":"REST"}],"circlet_count":0,"master_deck":["DeathKnight:ScourgeStrike+1","DeathKnight:DeathRune","DeathKnight:DeathAndDecay+1","DeathKnight:DeathRune","DeathKnight:RuneShock+1","DeathKnight:UnholyPresence","DeathKnight:IcyTouch","DeathKnight:BloodStrike","DeathKnight:BloodStrike+1","DeathKnight:BoneSpear+1","DeathKnight:Contagion+1","DeathKnight:AntiMagicShell+1","DeathKnight:PlagueStrike+1","Bane","DeathKnight:RuneShock+1","DeathKnight:IceboundArmor","DeathKnight:Runesurge+1","Pot Of Greed","Pot Of Greed"],"relics":["Ring of Chaos","MerchantsRug","Strange Spoon","Genji_Glove","Vajra","Singing Bowl","Mythril_Glove","LugNut","Snack Pack","SpikesRelics:DaevaFist","aspiration:AnachronicSnailShell","CCEMRelics:FryingPan","CCEMRelics:SpiritsEdge","halation:SmartPhone","SpikesRelics:SneckoPlush","theForsaken:PlagueMask","vexMod:ScavengeHelm","ReplayTheSpireMod:Ninjato","aspiration:Nostalgia","theForsaken:JudgementScales","Grinning Jar","hubris:Icosahedron"],"acts_visited":["Hallownest:Greenpath","TheCity","TheBeyond"],"potions_floor_usage":[],"damage_taken":[{"damage":3,"enemies":"2_ Uuma","floor":1,"turns":3},{"damage":4,"enemies":"Hallownest:monsterHuskWarrior","floor":3,"turns":2},{"damage":10,"enemies":"Hallownest:eliteCrystalGuardian","floor":6,"turns":5},{"damage":7,"enemies":"Hallownest:2_MossCreeps","floor":13,"turns":6},{"damage":2,"enemies":"Hallownest:eliteMossKnight","floor":14,"turns":3},{"damage":10,"enemies":"Hallownest:BossFalseKnight","floor":16,"turns":6},{"damage":2,"enemies":"3 Byrds","floor":18,"turns":3},{"damage":4,"enemies":"Spheric Guardian","floor":21,"turns":1},{"damage":12,"enemies":"Book of Stabbing","floor":24,"turns":2},{"damage":12,"enemies":"Centurion and Healer","floor":25,"turns":2},{"damage":13,"enemies":"Colosseum Slavers","floor":30,"turns":2},{"damage":4,"enemies":"Colosseum Nobs","floor":30,"turns":2},{"damage":10,"enemies":"HollowMod:Nosk","floor":31,"turns":2},{"damage":20,"enemies":"conspire:MysteriousRune","floor":33,"turns":4},{"damage":2,"enemies":"3 Shapes","floor":35,"turns":2},{"damage":6,"enemies":"3 Darklings","floor":38,"turns":4},{"damage":10,"enemies":"Spire Growth","floor":39,"turns":2},{"damage":22,"enemies":"Giant Head","floor":45,"turns":4},{"damage":27,"enemies":"4 Shapes","floor":46,"turns":3},{"damage":23,"enemies":"bossMod:newShapes","floor":50,"turns":4}],"seed_played":"2879744180098642413","potions_obtained":[{"floor":6,"key":"blueLaboratory:PhilterOfMotion"},{"floor":13,"key":"Energy Potion"},{"floor":16,"key":"blueLaboratory:BubblePotion"},{"floor":21,"key":"blueLaboratory:HorrorPotion"},{"floor":24,"key":"sneckomod:MuddlingPotion"},{"floor":33,"key":"Elixir"},{"floor":38,"key":"EssenceOfSteel"}],"is_trial":true,"path_per_floor":["M","?","M","?","$","E","R","$","T","R","?","R","M","E","R","B",null,"M","?","$","M","?","R","E","M","T","?","R","?","?","E","R","B",null,"M","?","$","M","M","R","?","R","T","R","E","M","$","?","R","B",null],"character_chosen":"DEATH_KNIGHT","items_purchased":["MerchantsRug","Chameleon Ring","Strange Spoon","Genji_Glove","Vajra","Snack Pack","SpikesRelics:SneckoPlush","aspiration:Nostalgia","Grinning Jar"],"campfire_rested":3,"item_purchase_floors":[5,5,5,8,8,20,37,47,47],"current_hp_per_floor":[72,21,17,17,17,7,29,29,29,51,42,42,35,35,35,27,79,79,79,79,77,77,77,69,61,61,61,61,61,52,48,48,38,89,82,82,82,84,71,71,62,62,62,62,43,11,2,2,31,18],"gold":0,"neow_bonus":"","is_daily":false,"chose_seed":false,"campfire_upgraded":7,"win_rate":0.0,"timestamp":1608245713,"path_taken":["M","?","?","?","$","E","R","$","T","R","?","R","M","E","R","BOSS","M","?","$","M","?","R","E","?","T","?","R","?","?","E","R","BOSS","M","?","$","M","M","R","?","R","T","R","E","M","$","?","R","BOSS"],"items_purchased_type":["Relic","Relic","Relic","Relic","Relic","Relic","Relic","Relic","Relic"],"build_version":"2020-12-13","purchased_purges":4,"victory":true,"max_hp_per_floor":[75,75,75,75,75,75,75,75,75,75,75,75,75,77,77,79,79,81,81,81,81,81,81,81,83,83,83,83,83,85,87,87,89,89,91,91,91,93,95,95,95,95,95,95,97,99,99,99,99,99],"card_choices":[{"not_picked":["DeathKnight:IceboundArmor","DeathKnight:RuneShock"],"picked":"DeathKnight:ScourgeStrike","floor":0},{"not_picked":["DeathKnight:RunicCorruption","DeathKnight:Hysteria"],"picked":"DeathKnight:DeathRune","floor":0},{"not_picked":["DeathKnight:Pestilence","DeathKnight:BloodPact"],"picked":"DeathKnight:DeathAndDecay","floor":0},{"not_picked":["DeathKnight:RunicCorruption","DeathKnight:HornOfWinter"],"picked":"DeathKnight:DeathRune","floor":0},{"not_picked":["DeathKnight:Ossuary","DeathKnight:Hemostasis"],"picked":"DeathKnight:RuneShock","floor":0},{"not_picked":["DeathKnight:Culling","DeathKnight:BoneSpear"],"picked":"DeathKnight:UnholyPresence","floor":0},{"not_picked":["DeathKnight:BloodStrike","DeathKnight:MindFreeze"],"picked":"DeathKnight:GargoyleSkin","floor":0},{"not_picked":["DeathKnight:Parry","DeathKnight:PillarOfFrost"],"picked":"DeathKnight:Hysteria","floor":0},{"not_picked":["DeathKnight:ChainsOfIce","DeathKnight:BloodTap"],"picked":"DeathKnight:UnholyFrenzy","floor":0},{"not_picked":["DeathKnight:DeathsAdvance","DeathKnight:BloodPact"],"picked":"DeathKnight:MindFreeze","floor":0},{"not_picked":["DeathKnight:UnholyPresence","DeathKnight:FrosPresence"],"picked":"DeathKnight:IcyTouch","floor":0},{"not_picked":["DeathKnight:PillarOfFrost","DeathKnight:WraithWalk"],"picked":"DeathKnight:IcyTouch","floor":0},{"not_picked":["DeathKnight:DancingRuneblade","DeathKnight:HartStrike"],"picked":"DeathKnight:BloodStrike","floor":0},{"not_picked":["DeathKnight:MindFreeze","DeathKnight:BoneSpear"],"picked":"DeathKnight:BloodStrike","floor":0},{"not_picked":["DeathKnight:RaiseAlly","DeathKnight:Hemostasis"],"picked":"DeathKnight:BoneSpear","floor":0},{"not_picked":["DeathKnight:RaiseAlly","DeathKnight:UnholyAssault","DeathKnight:DreadStrike"],"picked":"SKIP","floor":1},{"not_picked":["DeathKnight:BladedArmor","DeathKnight:Obliterate","DeathKnight:DeathCoil"],"picked":"SKIP","floor":3},{"not_picked":["DeathKnight:Culling+1","DeathKnight:Hemostasis+1"],"picked":"DeathKnight:Contagion+1","floor":4},{"not_picked":["DeathKnight:BloodEchoes+1","DeathKnight:ChainsOfIce+1"],"picked":"DeathKnight:AntiMagicShell+1","floor":4},{"not_picked":["DeathKnight:MutagenicPlague","DeathKnight:RunicCorruption","DeathKnight:DreadStrike"],"picked":"SKIP","floor":6},{"not_picked":["DeathKnight:MindFreeze","DeathKnight:IcyTouch"],"picked":"DeathKnight:PlagueStrike","floor":13},{"not_picked":["DeathKnight:BloodTap","DeathKnight:ShatteringStrikes","DeathKnight:RunicCorruption"],"picked":"Singing Bowl","floor":14},{"not_picked":["DeathKnight:VampiricBlood","DeathKnight:Frostscythe","DeathKnight:Razorice"],"picked":"Singing Bowl","floor":16},{"not_picked":["DeathKnight:Lichborne","DeathKnight:MindFreeze","DeathKnight:DeathCoil+1"],"picked":"Singing Bowl","floor":18},{"not_picked":["DeathKnight:MindFreeze","DeathKnight:HowlingBlast"],"picked":"DeathKnight:RuneShock+1","floor":21},{"not_picked":["DeathKnight:HowlingBlast+1","DeathKnight:Obliterate"],"picked":"DeathKnight:Runesurge","floor":24},{"not_picked":["DeathKnight:DeathAndDecay","DeathKnight:WraithWalk","DeathKnight:Ossuary+1"],"picked":"Singing Bowl","floor":25},{"not_picked":["DeathKnight:WraithWalk","DeathKnight:Obliterate","DeathKnight:DreadStrike"],"picked":"Singing Bowl","floor":30},{"not_picked":["DeathKnight:Parry+1","DeathKnight:FoulBulwark+1","DeathKnight:BoneSpear"],"picked":"Singing Bowl","floor":31},{"not_picked":["DeathKnight:RunicDetonation","DeathKnight:ArmyOfTheDead","DeathKnight:Runesurge"],"picked":"Singing Bowl","floor":33},{"not_picked":["DeathKnight:MutagenicPlague","DeathKnight:BladedArmor","DeathKnight:BoneShield"],"picked":"Singing Bowl","floor":35},{"not_picked":["DeathKnight:BladedArmor+1","DeathKnight:DeathCoil","DeathKnight:MutagenicPlague+1"],"picked":"Singing Bowl","floor":38},{"not_picked":["DeathKnight:IcyTouch","DeathKnight:BoneShield","DeathKnight:ShatteringStrikes+1"],"picked":"Singing Bowl","floor":39},{"not_picked":["DeathKnight:Pestilence+1","DeathKnight:IcyTouch","DeathKnight:BloodTap"],"picked":"Singing Bowl","floor":45},{"not_picked":["DeathKnight:BoneSpear+1","DeathKnight:BladedArmor+1","DeathKnight:BloodTap"],"picked":"Singing Bowl","floor":46}],"player_experience":1110532,"relics_obtained":[{"floor":6,"key":"Replay:Accelerometer"},{"floor":9,"key":"Singing Bowl"},{"floor":14,"key":"Mythril_Glove"},{"floor":24,"key":"SpikesRelics:DaevaFist"},{"floor":30,"key":"aspiration:AnachronicSnailShell"},{"floor":30,"key":"CCEMRelics:FryingPan"},{"floor":31,"key":"CCEMRelics:SpiritsEdge"},{"floor":43,"key":"vexMod:ScavengeHelm"},{"floor":45,"key":"ReplayTheSpireMod:Ninjato"}],"event_choices":[{"damage_healed":0,"gold_gain":556,"player_choice":"GO GO GO GO GO ","damage_taken":56,"relics_obtained":[],"max_hp_gain":0,"max_hp_loss":0,"event_name":"betterSkull:BetterSkull","floor":2,"gold_loss":0,"cards_upgraded":[]},{"damage_healed":0,"gold_gain":0,"player_choice":"3","damage_taken":0,"max_hp_gain":0,"max_hp_loss":0,"event_name":"betterMatch:BetterMatch","floor":4,"gold_loss":0,"cards_obtained":["betterMatch:UncommonCard"]},{"damage_healed":0,"gold_gain":0,"cards_transformed":["StuffTheSpire:Python"],"player_choice":"Transformed","damage_taken":0,"max_hp_gain":0,"max_hp_loss":0,"event_name":"Transmorgrifier","floor":22,"gold_loss":0,"cards_obtained":["DeathKnight:IceboundArmor"]},{"damage_healed":0,"gold_gain":0,"player_choice":"Fight","damage_taken":0,"max_hp_gain":0,"max_hp_loss":0,"event_name":"Colosseum","floor":30,"gold_loss":0},{"damage_healed":0,"gold_gain":0,"player_choice":"Fought Nobs","damage_taken":0,"max_hp_gain":0,"max_hp_loss":0,"event_name":"Colosseum","floor":30,"gold_loss":0},{"damage_healed":0,"gold_gain":0,"player_choice":"Obtain Plague Curse","damage_taken":0,"max_hp_gain":0,"max_hp_loss":0,"event_name":"Plague Doctor","floor":41,"gold_loss":0,"cards_obtained":["theForsaken:PlagueCurse"]}],"is_beta":false,"boss_relics":[{"not_picked":["Replay:Wanted Poster","aspiration:RunicSpoon"],"picked":"hubris:Backtick"},{"not_picked":["energizedSpire:OgreHead","energizedSpire:MagnifyingGlass"],"picked":"halation:SmartPhone"}],"items_purged_floors":[5,20,37,47],"is_endless":false,"potions_floor_spawned":[6,13,16,21,24,30,33,35,38],"ascension_level":0}}