{"host":"i9o21tdcc8l3o4rw","time":1608217130,"event":{"mods":["2.2 Compatiblity","Act Like it!","BaseMod","BetterRewards","Colored Map","Colored Powertips","Hubris","Infinite Spire","Jorbs\u0027s Wanderer Trilogy","Marisa????????","Menagerie","Minty Spire (QoL Compilation)","Replay The Spire","Shop Mod","StSLib","The Bladedancer","The Exalted","The Servant 0.9.4","??????REMEMod"],"gold_per_floor":[109,2,12,28,42,53,53,84,84,104,104,114,175,175,175,270,270,282,232,232],"floor_reached":19,"playtime":3598,"items_purged":[],"score":171,"play_id":"2f38f3a1-bc8b-4887-8268-6bcc589db27f","local_time":"20201217155850","is_ascension_mode":false,"campfire_choices":[{"data":"blademaster:RagingBlow","floor":7.0,"key":"SMITH"},{"floor":11.0,"key":"REST"},{"floor":15.0,"key":"REST"}],"circlet_count":0,"master_deck":["blademaster:Strike","blademaster:Strike","blademaster:Strike","blademaster:Strike","blademaster:Defend","blademaster:Defend","blademaster:Defend","blademaster:Defend","blademaster:RagingBlow+1","blademaster:HighVoltage","White Noise","blademaster:AncestralHealing","blademaster:LeechingStrike","blademaster:TraverseCut","blademaster:TraverseCut","blademaster:ThunderSlash","blademaster:AspectOfWind","blademaster:CombatPrep","blademaster:Vortex","blademaster:ParryingStrike","blademaster:Bloodbath","blademaster:FuriousStrike","blademaster:DeadlyDance","blademaster:RollingTyphoon+1","blademaster:FuriousStrike"],"relics":["blademaster:DancersAmulet","REME_ComplimentaryCards","NeowsBlessing","ReplayTheSpireMod:Shallot","Golden Egg","hubris:TenFootPole","hubris:Icosahedron"],"acts_visited":["Exordium","TheCity"],"potions_floor_usage":[],"damage_taken":[{"damage":0.0,"enemies":"Cultist","floor":1.0,"turns":1.0},{"damage":0.0,"enemies":"2 Louse","floor":3.0,"turns":1.0},{"damage":0.0,"enemies":"Jaw Worm","floor":4.0,"turns":1.0},{"damage":10.0,"enemies":"2 Fungi Beasts","floor":5.0,"turns":3.0},{"damage":9.0,"enemies":"Gremlin Gang","floor":6.0,"turns":4.0},{"damage":13.0,"enemies":"Lagavulin","floor":8.0,"turns":6.0},{"damage":5.0,"enemies":"Exordium Thugs","floor":10.0,"turns":4.0},{"damage":10.0,"enemies":"Lots of Slimes","floor":12.0,"turns":4.0},{"damage":56.0,"enemies":"Lagavulin Event","floor":13.0,"turns":10.0},{"damage":64.0,"enemies":"Slime Boss","floor":16.0,"turns":13.0},{"damage":32,"enemies":"3 Byrds","floor":18,"turns":6},{"damage":55,"enemies":"Chosen","floor":19,"turns":6}],"seed_played":"3356510697803437187","potions_obtained":[{"floor":1.0,"key":"infinitespire:BlackPotion"},{"floor":4.0,"key":"SteroidPotion"},{"floor":5.0,"key":"CultistPotion"},{"floor":13.0,"key":"Death Potion"}],"is_trial":false,"path_per_floor":["M","$","M","M","M","M","R","E","T","M","R","M","?","?","R","B",null,"M","M"],"character_chosen":"THE_BLADEMASTER","items_purchased":["blademaster:LeechingStrike","blademaster:TraverseCut"],"campfire_rested":2,"item_purchase_floors":[2,2],"current_hp_per_floor":[75,75,75,75,65,59,59,49,49,47,69,59,29,29,51,7,75,47,0,0],"gold":232,"neow_bonus":"THREE_ENEMY_KILL","is_daily":false,"chose_seed":false,"campfire_upgraded":1,"win_rate":0.0,"timestamp":1608217130,"path_taken":["M","?","M","M","M","M","R","E","T","M","R","M","?","?","R","BOSS","M","M"],"items_purchased_type":["Card","Card"],"build_version":"2020-11-29","purchased_purges":0,"victory":false,"max_hp_per_floor":[75,75,75,75,75,75,75,75,75,75,75,75,75,75,75,75,75,75,75,75],"card_choices":[{"not_picked":["blademaster:Slice","blademaster:Frontflip"],"picked":"blademaster:AncestralHealing","floor":1.0},{"not_picked":["blademaster:Sunder","blademaster:ParryingStrike"],"picked":"blademaster:ThunderSlash","floor":3.0},{"not_picked":["blademaster:DancingEdge","blademaster:Meditate"],"picked":"blademaster:AspectOfWind","floor":4.0},{"not_picked":["blademaster:Stability","blademaster:KiBarrier"],"picked":"blademaster:CombatPrep","floor":5.0},{"not_picked":["blademaster:Rupture","blademaster:WindSlash"],"picked":"blademaster:Vortex","floor":6.0},{"not_picked":["blademaster:ThunderSlash","blademaster:RagingBlow"],"picked":"blademaster:ParryingStrike","floor":8.0},{"not_picked":["blademaster:DaggerAndCloak","blademaster:BladeCross"],"picked":"blademaster:Bloodbath","floor":10.0},{"not_picked":["blademaster:EyeOfTheTornado","blademaster:BladeCross"],"picked":"blademaster:FuriousStrike","floor":12.0},{"not_picked":["blademaster:BladeCross","blademaster:BloodyBlow"],"picked":"blademaster:DeadlyDance","floor":13.0},{"not_picked":["blademaster:HighVoltage","blademaster:FlockOfBlades"],"picked":"blademaster:RollingTyphoon","floor":16.0},{"not_picked":["blademaster:Quickness","blademaster:AspectOfWind+1"],"picked":"blademaster:FuriousStrike","floor":18}],"player_experience":85065,"relics_obtained":[{"floor":8.0,"key":"ReplayTheSpireMod:Shallot"},{"floor":8.0,"key":"blademaster:BonusFuryPerk"},{"floor":9.0,"key":"Golden Egg"},{"floor":13.0,"key":"hubris:TenFootPole"},{"floor":13.0,"key":"blademaster:WindChargePerk"}],"event_choices":[{"damage_healed":0.0,"max_hp_gain":0.0,"max_hp_loss":0.0,"gold_gain":0.0,"event_name":"Dead Adventurer","player_choice":"Searched \u00271\u0027 times","floor":13.0,"gold_loss":0.0,"damage_taken":0.0}],"is_beta":false,"boss_relics":[{"not_picked":["Kintsugi","Abe\u0027s Treasure","Fusion Hammer"]}],"items_purged_floors":[],"is_endless":false,"potions_floor_spawned":[1,4,5,13],"killed_by":"Chosen","ascension_level":0}}