{"host":"htqwg582tjjtn9p7","time":1608215869,"event":{"mods":["2.2 Compatiblity","AchievementEnabler","Act Like it!","Aspiration","BaseMod","Better Third Choice","Colored Map","Conspire","Curses Come First","Displayed Cursed Tome","Energized Spire","Force Act Four","GifTheSpireLib","Hermit","Highlight Path","JesterMod","Mad Scientist","Minty Spire (QoL Compilation)","Pale of the Ancients","Permanent Neow","Random Character Button","Relic Stats","Replay The Spire","Robot Space Explorer","Somnambulant","Spicy Shops","Spikes Relics","StSLib","Stuff the Spire","The Blue Laboratory","The Disciple","The Dragon Tamer","The Forsaken","The Gatherer","The Judge","The Jungle","The Runesmith","The Servant 0.9.4"],"gold_per_floor":[115,134,145,195,208,208,240,252,264,294,306,318,365,393,405,494,506,534,563,575,587,599,599],"floor_reached":22,"playtime":819,"items_purged":[],"score":343,"play_id":"d73211ec-6593-4d55-a9be-37e08a07bbdd","local_time":"20201217153749","is_ascension_mode":true,"campfire_choices":[{"data":"Deadly Poison","floor":6,"key":"SMITH"},{"floor":8,"key":"REST"},{"floor":15,"key":"REST"}],"circlet_count":0,"master_deck":["AscendersBane","Strike_G","Strike_G","Defend_G","Defend_G","Defend_G","Defend_G","Defend_G","Survivor","Neutralize","Dagger Spray","Poisoned Stab","Backflip","Deadly Poison+1","Dagger Throw","PiercingWail","After Image","Dagger Spray+1","Prepared+1","Atom Bomb+1","Shame"],"relics":["Black Star","conspire:BottledYoYo","MawBank","Letter Opener","Snake Skull","Meat on the Bone","Astrolabe","theJungle:SneckoAutograph","theJungle:WildMango"],"acts_visited":["Exordium","Exordium"],"potions_floor_usage":[5,7,10,16],"damage_taken":[{"damage":1,"enemies":"conspire:RoseBush","floor":1,"turns":6},{"damage":0,"enemies":"Cultist","floor":2,"turns":4},{"damage":0,"enemies":"Small Slimes","floor":3,"turns":3},{"damage":1,"enemies":"Looter","floor":5,"turns":4},{"damage":20,"enemies":"Gremlin Nob","floor":7,"turns":4},{"damage":2,"enemies":"2 Fungi Beasts","floor":10,"turns":4},{"damage":30,"enemies":"Lagavulin","floor":13,"turns":6},{"damage":0,"enemies":"Red Slaver","floor":14,"turns":3},{"damage":61,"enemies":"Fading Forest","floor":16,"turns":11},{"damage":18,"enemies":"theJungle:Flameango_and_Byrd","floor":18,"turns":7},{"damage":20,"enemies":"theJungle:MUSHROOMGANG","floor":19,"turns":5},{"damage":0,"enemies":"Snake Plant","floor":22,"turns":2}],"seed_played":"-2603854811632223732","potions_obtained":[{"floor":2,"key":"blueLaboratory:PolymorphPotion"},{"floor":3,"key":"blueLaboratory:FruitPunch"},{"floor":7,"key":"LiquidMemories"},{"floor":13,"key":"Adrenaline Potion"},{"floor":14,"key":"blueLaboratory:ExaltedPotion"},{"floor":19,"key":"blueLaboratory:ArtistsPotion"}],"is_trial":false,"path_per_floor":["M","M","M","?","M","R","E","R","T","M","?","$","E","M","R","B",null,"M","M","?","?","M"],"character_chosen":"THE_SILENT","items_purchased":[],"campfire_rested":2,"item_purchase_floors":[],"current_hp_per_floor":[58,58,58,58,59,59,39,59,59,57,57,57,27,39,59,24,57,39,31,31,45,45,45],"gold":599,"neow_bonus":"BOSS_RELIC","is_daily":false,"chose_seed":false,"campfire_upgraded":1,"win_rate":0.0,"timestamp":1608215869,"path_taken":["M","M","M","?","M","R","E","R","T","?","?","$","E","M","R","BOSS","M","M","?","?","M"],"items_purchased_type":[],"build_version":"2020-12-13","purchased_purges":0,"victory":false,"max_hp_per_floor":[66,66,66,66,68,68,68,68,68,68,68,68,68,68,68,68,68,68,68,68,82,82,82],"relic_stats":{"counters":[12,59],"Astrolabe":["Dagger Spray","Prepared","Atom Bomb"],"Snake Skull":[24],"Black Star":2,"Letter Opener":[72],"MawBank":180,"obtain_stats":[{"theJungle:SneckoAutograph":20,"Astrolabe":17,"Snake Skull":13,"Black Star":0,"conspire:BottledYoYo":7,"Letter Opener":9,"theJungle:WildMango":21,"MawBank":7,"Ring of the Snake":0,"Meat on the Bone":13},{"theJungle:SneckoAutograph":11,"Astrolabe":9,"Snake Skull":7,"Black Star":0,"conspire:BottledYoYo":5,"Letter Opener":5,"theJungle:WildMango":11,"MawBank":5,"Ring of the Snake":0,"Meat on the Bone":7},{"theJungle:SneckoAutograph":57,"Astrolabe":45,"Snake Skull":31,"Black Star":0,"conspire:BottledYoYo":21,"Letter Opener":21,"theJungle:WildMango":57,"MawBank":21,"Ring of the Snake":0,"Meat on the Bone":31}],"Meat on the Bone":36},"card_choices":[{"not_picked":["Sucker Punch","Deflect"],"picked":"Dagger Spray","floor":1},{"not_picked":["conspire:DoublingDagger","Well Laid Plans"],"picked":"Poisoned Stab","floor":2},{"not_picked":["InfectiousVector","ReplayTheSpireMod:Exploit Weakness"],"picked":"Backflip","floor":3},{"not_picked":["Calculated Gamble","Quick Slash"],"picked":"Deadly Poison","floor":5},{"not_picked":["Choke","Hidden Blade"],"picked":"Dagger Throw","floor":7},{"not_picked":["Choke","Finisher","ShadowRift"],"picked":"SKIP","floor":10},{"not_picked":["conspire:PoisonWeapons","Draining Mist","Slice"],"picked":"SKIP","floor":13},{"not_picked":["StuffTheSpire:Shiver","ReplayTheSpireMod:Speed Training"],"picked":"PiercingWail","floor":14},{"not_picked":["Grand Finale","Venomology"],"picked":"After Image","floor":16},{"not_picked":["Blade Dance","Infinite Blades","Outmaneuver"],"picked":"SKIP","floor":18},{"not_picked":["Bane","Dodge and Roll","Underhanded Strike"],"picked":"SKIP","floor":19}],"player_experience":1688561,"relics_obtained":[{"floor":7,"key":"conspire:BottledYoYo"},{"floor":7,"key":"MawBank"},{"floor":9,"key":"Letter Opener"},{"floor":13,"key":"Snake Skull"},{"floor":13,"key":"Meat on the Bone"}],"event_choices":[{"damage_healed":0,"gold_gain":50,"player_choice":"Pray","damage_taken":0,"max_hp_gain":0,"max_hp_loss":0,"event_name":"Golden Shrine","floor":4,"gold_loss":0}],"is_beta":false,"boss_relics":[{"not_picked":["Runic Dome","Empty Cage"],"picked":"Astrolabe"}],"items_purged_floors":[],"is_endless":false,"potions_floor_spawned":[2,3,7,13,14,19],"killed_by":"Snake Plant","ascension_level":15}}