{"host":"w01zow3jg16g8jdh","time":1608206224,"event":{"mods":["AchievementEnabler","BaseMod","DeckTracker","Keyboard Shortcuts","Minty Spire (QoL Compilation)","Permanent Neow","StSLib","SuperFastMode"],"gold_per_floor":[361,326,326,344,362,362,437,480,506,531,456,456,55,76,76,76,76],"floor_reached":16,"playtime":240,"items_purged":["Strike_B"],"score":200,"play_id":"1e6f6b2f-6d4e-44a7-b69a-7cd5b7df7bcf","local_time":"20201217205704","is_ascension_mode":true,"campfire_choices":[{"data":"Darkness","floor":6,"key":"SMITH"},{"data":"Dualcast","floor":12,"key":"SMITH"},{"data":"Darkness","floor":15,"key":"SMITH"}],"circlet_count":0,"master_deck":["AscendersBane","Strike_B","Strike_B","Strike_B","Defend_B","Defend_B","Defend_B","Defend_B","Zap","Dualcast+1","Genetic Algorithm","Genetic Algorithm","Darkness+1","Doom and Gloom","Rebound","Darkness+1","Hologram"],"relics":["Cracked Core","Golden Idol","PreservedInsect","Art of War","Anchor","MealTicket"],"acts_visited":["Exordium"],"potions_floor_usage":[16],"damage_taken":[{"damage":8,"enemies":"Small Slimes","floor":1,"turns":3},{"damage":7,"enemies":"Jaw Worm","floor":4,"turns":4},{"damage":0,"enemies":"2 Louse","floor":5,"turns":4},{"damage":20,"enemies":"Lagavulin","floor":8,"turns":6},{"damage":2,"enemies":"Large Slime","floor":10,"turns":5},{"damage":11,"enemies":"Blue Slaver","floor":14,"turns":4},{"damage":15,"enemies":"The Guardian","floor":16,"turns":2}],"seed_played":"17661400802190467","potions_obtained":[{"floor":1,"key":"PotionOfCapacity"},{"floor":8,"key":"Regen Potion"}],"is_trial":false,"path_per_floor":["M","?","?","M","M","R","?","E","T","M","$","R","$","M","R","B"],"character_chosen":"DEFECT","items_purchased":["Anchor","Darkness","MealTicket"],"campfire_rested":0,"item_purchase_floors":[13,13,13],"current_hp_per_floor":[38,55,55,48,48,48,37,17,17,15,15,15,15,4,4,0,0],"gold":76,"neow_bonus":"TWO_FIFTY_GOLD","is_daily":false,"chose_seed":false,"campfire_upgraded":3,"win_rate":0.0,"timestamp":1608206224,"path_taken":["M","?","?","?","M","R","?","E","T","M","$","R","$","M","R","BOSS"],"items_purchased_type":["Relic","Card","Relic"],"build_version":"2020-12-13","purchased_purges":1,"victory":false,"max_hp_per_floor":[71,71,64,64,64,64,64,64,64,64,64,64,64,64,64,64,64],"card_choices":[{"not_picked":["Skim","Conserve Battery"],"picked":"Genetic Algorithm","floor":1},{"not_picked":["Compile Driver","Hologram"],"picked":"Genetic Algorithm","floor":4},{"not_picked":["Reprogram","Beam Cell"],"picked":"Darkness","floor":5},{"not_picked":["Streamline","Sweeping Beam"],"picked":"Doom and Gloom","floor":8},{"not_picked":["Leap","Turbo"],"picked":"Rebound","floor":10},{"not_picked":["Steam Power","Cold Snap"],"picked":"Hologram","floor":14}],"player_experience":288956,"relics_obtained":[{"floor":8,"key":"PreservedInsect"},{"floor":9,"key":"Art of War"}],"event_choices":[{"damage_healed":17,"gold_gain":0,"player_choice":"Healed","damage_taken":0,"max_hp_gain":0,"max_hp_loss":0,"event_name":"The Cleric","floor":2,"gold_loss":35},{"damage_healed":0,"gold_gain":0,"player_choice":"Lose Max HP","damage_taken":0,"relics_obtained":["Golden Idol"],"max_hp_gain":0,"max_hp_loss":7,"event_name":"Golden Idol","floor":3,"gold_loss":0},{"damage_healed":0,"gold_gain":75,"player_choice":"Gather Gold","damage_taken":11,"max_hp_gain":0,"max_hp_loss":0,"event_name":"World of Goop","floor":7,"gold_loss":0}],"is_beta":false,"boss_relics":[],"items_purged_floors":[11],"is_endless":false,"potions_floor_spawned":[1,8,14],"killed_by":"The Guardian","ascension_level":20}}