{"host":"wha9hktbkslqvblg","time":1608212077,"event":{"mods":["BaseMod","Colored Map","Minty Spire (QoL Compilation)","Relic Stats","SuperFastMode","everything is the same but u backflip on backflip"],"gold_per_floor":[110,110,133,133,18,58,58,92,146,57,57,57,57,75,75,169,169,187,203,203,203,224,140,183,206,253,253,293,305,352,377,389,497,509,534,562,574,79,97,141,141,175,250,284,309,332,63,107,107,107,107,107,107,107,150,150],"floor_reached":57,"playtime":1563,"items_purged":["Strike_R","Feel No Pain"],"score":3847,"play_id":"25e63fe1-d595-4eb7-8c9b-18450e5a5a1b","local_time":"20201217223437","is_ascension_mode":true,"campfire_choices":[{"data":"Sword Boomerang","floor":7.0,"key":"SMITH"},{"data":"Barricade","floor":11.0,"key":"SMITH"},{"data":"Flame Barrier","floor":13.0,"key":"SMITH"},{"data":"Entrench","floor":15.0,"key":"SMITH"},{"data":"Battle Trance","floor":27,"key":"SMITH"},{"data":"Body Slam","floor":29,"key":"SMITH"},{"data":"Evolve","floor":32,"key":"SMITH"},{"data":"Master of Strategy","floor":41,"key":"SMITH"},{"floor":49,"key":"RECALL"},{"floor":53,"key":"DIG"}],"circlet_count":0,"master_deck":["AscendersBane","Evolve+1","Flame Barrier+1","Barricade+1","Entrench+1","Offering+1","Second Wind+1","Battle Trance+1","Body Slam+1","Master of Strategy+1"],"relics":["Burning Blood","NeowsBlessing","Golden Idol","Lantern","Dream Catcher","Blood Vial","Pandora\u0027s Box","Ancient Tea Set","War Paint","MawBank","Regal Pillow","Busted Crown","Potion Belt","ClockworkSouvenir","CeramicFish","Shovel","Centennial Puzzle","Bag of Preparation","Pantograph","Paper Frog","Letter Opener"],"acts_visited":["Exordium","TheCity","TheBeyond","TheEnding"],"potions_floor_usage":[19],"damage_taken":[{"damage":0.0,"enemies":"Jaw Worm","floor":1.0,"turns":1.0},{"damage":0.0,"enemies":"Small Slimes","floor":3.0,"turns":1.0},{"damage":0.0,"enemies":"Lagavulin","floor":6.0,"turns":2.0},{"damage":24.0,"enemies":"3 Sentries","floor":8.0,"turns":10.0},{"damage":3.0,"enemies":"2 Louse","floor":14.0,"turns":3.0},{"damage":32.0,"enemies":"Hexaghost","floor":16.0,"turns":18.0},{"damage":21,"enemies":"Shell Parasite","floor":18,"turns":10},{"damage":9,"enemies":"2 Thieves","floor":19,"turns":5},{"damage":6,"enemies":"Snecko","floor":22,"turns":15},{"damage":6,"enemies":"Gremlin Leader","floor":24,"turns":25},{"damage":21,"enemies":"Centurion and Healer","floor":25,"turns":6},{"damage":6,"enemies":"Slavers","floor":28,"turns":5},{"damage":6,"enemies":"Book of Stabbing","floor":30,"turns":3},{"damage":11,"enemies":"Shelled Parasite and Fungi","floor":31,"turns":4},{"damage":6,"enemies":"Automaton","floor":33,"turns":5},{"damage":22,"enemies":"Orb Walker","floor":35,"turns":2},{"damage":17,"enemies":"3 Shapes","floor":36,"turns":4},{"damage":6,"enemies":"Jaw Worm Horde","floor":39,"turns":3},{"damage":6,"enemies":"Nemesis","floor":40,"turns":3},{"damage":6,"enemies":"Giant Head","floor":42,"turns":2},{"damage":6,"enemies":"Reptomancer","floor":44,"turns":2},{"damage":6,"enemies":"3 Darklings","floor":45,"turns":2},{"damage":6,"enemies":"Sphere and 2 Shapes","floor":46,"turns":2},{"damage":6,"enemies":"Giant Head","floor":48,"turns":2},{"damage":6,"enemies":"Donu and Deca","floor":50,"turns":2},{"damage":6,"enemies":"Time Eater","floor":51,"turns":3},{"damage":6,"enemies":"Shield and Spear","floor":55,"turns":2},{"damage":8,"enemies":"The Heart","floor":56,"turns":6}],"seed_played":"-6571872453409049885","potions_obtained":[{"floor":6.0,"key":"Strength Potion"},{"floor":14.0,"key":"Regen Potion"},{"floor":18,"key":"AttackPotion"},{"floor":24,"key":"Dexterity Potion"},{"floor":28,"key":"ElixirPotion"},{"floor":40,"key":"LiquidMemories"},{"floor":45,"key":"DuplicationPotion"},{"floor":48,"key":"Regen Potion"}],"is_trial":false,"path_per_floor":["M","?","M","?","$","E","R","E","T","$","R","?","R","M","R","B",null,"M","M","?","?","M","$","E","M","T","R","E","R","E","M","R","B",null,"M","M","?","$","M","E","R","E","T","E","M","M","$","E","R","B","B",null,"R","$","E","B",null],"character_chosen":"IRONCLAD","items_purchased":["Evolve","Barricade","Battle Trance","Potion Belt","ClockworkSouvenir","Master of Strategy","Bag of Preparation"],"campfire_rested":0,"item_purchase_floors":[5,10,23,38,38,38,47],"current_hp_per_floor":[74,48,54,59,59,65,65,47,47,47,47,47,47,52,52,43,71,58,57,34,34,36,36,38,25,25,25,27,27,29,26,26,28,71,57,48,53,53,55,57,57,59,59,61,63,65,65,67,67,85,85,85,85,85,85,83],"gold":150,"neow_bonus":"THREE_ENEMY_KILL","is_daily":false,"chose_seed":false,"campfire_upgraded":8,"win_rate":0.0,"timestamp":1608212077,"path_taken":["M","?","M","?","$","E","R","E","T","$","R","?","R","M","R","BOSS","M","M","?","?","?","$","E","M","T","R","E","R","E","M","R","BOSS","M","M","?","$","M","E","R","E","T","E","M","?","?","E","R","BOSS","BOSS","R","$","E","BOSS"],"items_purchased_type":["Card","Card","Card","Relic","Relic","Card","Relic"],"build_version":"2020-12-13","purchased_purges":2,"victory":true,"max_hp_per_floor":[75,75,75,80,80,80,80,80,80,80,80,80,80,80,80,80,80,80,80,85,85,85,85,85,85,85,85,85,85,85,85,85,85,85,85,85,85,85,85,85,85,85,85,85,85,85,85,85,85,85,85,85,85,85,85,85],"relic_stats":{"Regal Pillow":0,"counters":[28,148],"Golden Idol":222,"CeramicFish":0,"Bag of Preparation":[10],"Letter Opener":[15],"War Paint":["Offering","Second Wind"],"MawBank":120,"Burning Blood":168,"Blood Vial":40,"Dream Catcher":0,"Centennial Puzzle":[14],"Busted Crown":20,"Shovel":1,"Pantograph":18,"Pandora\u0027s Box":["Metallicize","Combust","Clothesline","Warcry","Second Wind","Body Slam","True Grit","Inflame"],"obtain_stats":[{"Potion Belt":38,"Lantern":6,"Regal Pillow":30,"NeowsBlessing":0,"Golden Idol":2,"CeramicFish":40,"Bag of Preparation":47,"Letter Opener":55,"War Paint":26,"Ancient Tea Set":24,"MawBank":28,"Burning Blood":0,"ClockworkSouvenir":38,"Blood Vial":9,"Dream Catcher":8,"Centennial Puzzle":44,"Busted Crown":34,"Shovel":42,"Pantograph":48,"Pandora\u0027s Box":17,"Paper Frog":53},{"Potion Belt":17,"Lantern":3,"Regal Pillow":13,"NeowsBlessing":0,"Golden Idol":1,"CeramicFish":19,"Bag of Preparation":23,"Letter Opener":27,"War Paint":11,"Ancient Tea Set":10,"MawBank":12,"Burning Blood":0,"ClockworkSouvenir":17,"Blood Vial":4,"Dream Catcher":4,"Centennial Puzzle":21,"Busted Crown":15,"Shovel":20,"Pantograph":24,"Pandora\u0027s Box":6,"Paper Frog":26},{"Potion Belt":119,"Lantern":4,"Regal Pillow":104,"NeowsBlessing":0,"Golden Idol":1,"CeramicFish":125,"Bag of Preparation":133,"Letter Opener":142,"War Paint":96,"Ancient Tea Set":90,"MawBank":101,"Burning Blood":0,"ClockworkSouvenir":119,"Blood Vial":14,"Dream Catcher":14,"Centennial Puzzle":129,"Busted Crown":113,"Shovel":127,"Pantograph":135,"Pandora\u0027s Box":35,"Paper Frog":140}]},"card_choices":[{"not_picked":["Flex","Whirlwind","Armaments"],"picked":"SKIP","floor":1.0},{"not_picked":["Combust","Warcry"],"picked":"Sword Boomerang","floor":3.0},{"not_picked":["Perfected Strike","Havoc"],"picked":"Feel No Pain","floor":6.0},{"not_picked":["Iron Wave","Infernal Blade"],"picked":"Flame Barrier","floor":8.0},{"not_picked":["Armaments","Warcry"],"picked":"Entrench","floor":14.0},{"not_picked":["Bludgeon","Reaper"],"picked":"Offering","floor":16.0},{"not_picked":["Thunderclap+1","Iron Wave","Wild Strike"],"picked":"SKIP","floor":18},{"not_picked":["Ghostly Armor","Clash+1","Sever Soul"],"picked":"SKIP","floor":19},{"not_picked":["Thunderclap+1","Headbutt"],"picked":"Second Wind","floor":22},{"not_picked":["True Grit","Havoc"],"picked":"Body Slam","floor":24},{"not_picked":["Reaper","Heavy Blade","Hemokinesis"],"picked":"SKIP","floor":25},{"not_picked":["Intimidate","Battle Trance","Clash"],"picked":"SKIP","floor":28},{"not_picked":["Searing Blow+1","Evolve","Bloodletting"],"picked":"SKIP","floor":30},{"not_picked":["Sword Boomerang","Sever Soul","Warcry"],"picked":"SKIP","floor":31},{"not_picked":["Heavy Blade"],"picked":"SKIP","floor":35},{"not_picked":["Rupture"],"picked":"SKIP","floor":36},{"not_picked":["Clash"],"picked":"SKIP","floor":39},{"not_picked":["Infernal Blade"],"picked":"SKIP","floor":40},{"not_picked":["Ghostly Armor+1"],"picked":"SKIP","floor":42},{"not_picked":["Sword Boomerang"],"picked":"SKIP","floor":44},{"not_picked":["Fire Breathing"],"picked":"SKIP","floor":45},{"not_picked":["Rage+1"],"picked":"SKIP","floor":46},{"not_picked":["Inflame"],"picked":"SKIP","floor":48},{"not_picked":["Havoc"],"picked":"SKIP","floor":55}],"player_experience":863552,"relics_obtained":[{"floor":6.0,"key":"Lantern"},{"floor":8.0,"key":"Dream Catcher"},{"floor":9.0,"key":"Blood Vial"},{"floor":24,"key":"Ancient Tea Set"},{"floor":26,"key":"War Paint"},{"floor":28,"key":"MawBank"},{"floor":30,"key":"Regal Pillow"},{"floor":40,"key":"CeramicFish"},{"floor":42,"key":"Shovel"},{"floor":44,"key":"Centennial Puzzle"},{"floor":48,"key":"Pantograph"},{"floor":53,"key":"Paper Frog"},{"floor":55,"key":"Letter Opener"}],"event_choices":[{"damage_healed":0.0,"max_hp_gain":0.0,"max_hp_loss":0.0,"gold_gain":0.0,"event_name":"Golden Idol","player_choice":"Take Damage","floor":2.0,"gold_loss":0.0,"damage_taken":26.0,"relics_obtained":["Golden Idol"]},{"damage_healed":0.0,"max_hp_gain":5.0,"max_hp_loss":0.0,"gold_gain":0.0,"event_name":"Big Fish","player_choice":"Donut","floor":4.0,"gold_loss":0.0,"damage_taken":0.0},{"damage_healed":0.0,"max_hp_gain":0.0,"max_hp_loss":0.0,"gold_gain":0.0,"event_name":"Dead Adventurer","player_choice":"Searched \u00270\u0027 times","floor":12.0,"gold_loss":0.0,"damage_taken":0.0},{"damage_healed":0,"gold_gain":0,"player_choice":"Shed Blood","damage_taken":28,"max_hp_gain":5,"max_hp_loss":0,"event_name":"Forgotten Altar","floor":20,"gold_loss":0},{"cards_removed":["Bash"],"damage_healed":0,"gold_gain":0,"player_choice":"Purged","damage_taken":0,"max_hp_gain":0,"max_hp_loss":0,"event_name":"Purifier","floor":21,"gold_loss":0},{"cards_removed":["Sword Boomerang"],"damage_healed":5,"gold_gain":0,"player_choice":"Offered Common","damage_taken":0,"max_hp_gain":0,"max_hp_loss":0,"event_name":"Bonfire Elementals","floor":37,"gold_loss":0},{"cards_removed":["Sword Boomerang"],"damage_healed":5,"gold_gain":0,"player_choice":"Offered Special","damage_taken":0,"max_hp_gain":0,"max_hp_loss":0,"event_name":"Bonfire Elementals","floor":37,"gold_loss":0}],"is_beta":false,"boss_relics":[{"not_picked":["Runic Cube","Tiny House"],"picked":"Pandora\u0027s Box"},{"not_picked":["Runic Dome","SacredBark"],"picked":"Busted Crown"}],"items_purged_floors":[5,47],"is_endless":false,"potions_floor_spawned":[6,14,18,24,28,30,33,36,40,45,48,55],"ascension_level":20}}