{"host":"0tg1gncob7yth7j0","time":1608233957,"event":{"mods":["BaseMod","Best Route Mod","Block Reminder","Disable Question Mark Monsters","Gold Saver","Minty Spire (QoL Compilation)","SacredBarkPlus","StSLib","Transform Curses"],"gold_per_floor":[376,476,476,476,494,526,537,537,537,571,571,584,584,402,402,475,475,489,503,307,307,307],"floor_reached":21,"playtime":838,"items_purged":[],"score":391,"play_id":"e6f96251-7c39-40cd-bc20-3d452aca43ca","local_time":"20201217143917","is_ascension_mode":true,"campfire_choices":[{"data":"Eruption","floor":8,"key":"SMITH"},{"data":"ClearTheMind","floor":11,"key":"SMITH"},{"data":"Vigilance","floor":13,"key":"SMITH"},{"data":"Metamorphosis","floor":15,"key":"SMITH"}],"circlet_count":0,"master_deck":["AscendersBane","Strike_P","Strike_P","Strike_P","Strike_P","Defend_P","Defend_P","Defend_P","Defend_P","Eruption+1","Vigilance+1","EmptyFist","Tantrum","ClearTheMind+1","Metamorphosis+1","MasterReality","CurseOfTheBell","TalkToTheHand","Halt","BattleHymn"],"relics":["PureWater","NeowsBlessing","Unceasing Top","Bronze Scales","Mummified Hand","Nunchaku","Calling Bell","Regal Pillow","Singing Bowl","GoldenEye","CeramicFish"],"acts_visited":["Exordium","TheCity"],"potions_floor_usage":[10,21,21],"damage_taken":[{"damage":0,"enemies":"Cultist","floor":1,"turns":1},{"damage":0,"enemies":"2 Louse","floor":5,"turns":1},{"damage":0,"enemies":"3 Sentries","floor":6,"turns":1},{"damage":0,"enemies":"Small Slimes","floor":7,"turns":2},{"damage":0,"enemies":"Gremlin Nob","floor":10,"turns":2},{"damage":20,"enemies":"3 Louse","floor":12,"turns":4},{"damage":27,"enemies":"Hexaghost","floor":16,"turns":7},{"damage":30,"enemies":"Shell Parasite","floor":18,"turns":4},{"damage":22,"enemies":"2 Thieves","floor":19,"turns":4},{"damage":11,"enemies":"Cultist and Chosen","floor":21,"turns":4}],"seed_played":"-5439242897816004269","potions_obtained":[{"floor":1,"key":"Fire Potion"},{"floor":6,"key":"Ancient Potion"},{"floor":19,"key":"BlessingOfTheForge"}],"is_trial":false,"path_per_floor":["M","?","?","?","M","E","M","R","T","E","R","M","R","$","R","B",null,"M","M","$","M"],"character_chosen":"WATCHER","items_purchased":["Metamorphosis","BattleHymn","CeramicFish"],"campfire_rested":0,"item_purchase_floors":[14,20,20],"current_hp_per_floor":[65,65,65,65,65,65,65,65,65,65,65,45,45,45,45,18,59,29,7,7,0,0],"gold":307,"neow_bonus":"THREE_ENEMY_KILL","is_daily":false,"chose_seed":false,"campfire_upgraded":4,"win_rate":0.0,"timestamp":1608233957,"path_taken":["M","?","?","?","M","E","M","R","T","E","R","M","R","$","R","BOSS","M","M","$","M"],"items_purchased_type":["Card","Card","Relic"],"build_version":"2020-12-13","purchased_purges":0,"victory":false,"max_hp_per_floor":[72,72,72,72,72,72,72,72,72,72,72,72,72,72,72,72,72,72,72,72,72,72],"card_choices":[{"not_picked":["Sanctity","FlurryOfBlows","MentalFortress"],"picked":"SKIP","floor":1},{"not_picked":["JustLucky","ReachHeaven"],"picked":"EmptyFist","floor":5},{"not_picked":["SashWhip","BowlingBash"],"picked":"Tantrum","floor":6},{"not_picked":["WheelKick","FlurryOfBlows"],"picked":"ClearTheMind","floor":7},{"not_picked":["SpiritShield","SignatureMove","FlurryOfBlows"],"picked":"SKIP","floor":10},{"not_picked":["ThirdEye","WaveOfTheHand","FlyingSleeves"],"picked":"SKIP","floor":12},{"not_picked":["Devotion","Scrawl"],"picked":"MasterReality","floor":16},{"not_picked":["Wireheading","WaveOfTheHand"],"picked":"TalkToTheHand","floor":18},{"not_picked":["PathToVictory+1","FollowUp"],"picked":"Halt","floor":19}],"player_experience":3601931,"relics_obtained":[{"floor":4,"key":"Unceasing Top"},{"floor":6,"key":"Bronze Scales"},{"floor":9,"key":"Mummified Hand"},{"floor":10,"key":"Nunchaku"},{"floor":17,"key":"Regal Pillow"},{"floor":17,"key":"Singing Bowl"},{"floor":17,"key":"GoldenEye"}],"event_choices":[{"damage_healed":0,"gold_gain":100,"player_choice":"Pray","damage_taken":0,"max_hp_gain":0,"max_hp_loss":0,"event_name":"Golden Shrine","floor":2,"gold_loss":0},{"damage_healed":0,"gold_gain":0,"player_choice":"Ignored","damage_taken":0,"max_hp_gain":0,"max_hp_loss":0,"event_name":"Transmorgrifier","floor":3,"gold_loss":0},{"damage_healed":0,"gold_gain":0,"player_choice":"Relic","damage_taken":0,"max_hp_gain":0,"max_hp_loss":0,"event_name":"Wheel of Change","floor":4,"gold_loss":0}],"is_beta":false,"boss_relics":[{"not_picked":["Pandora\u0027s Box","Snecko Eye"],"picked":"Calling Bell"}],"items_purged_floors":[],"is_endless":false,"potions_floor_spawned":[1,6,7,19],"killed_by":"Cultist and Chosen","ascension_level":13}}