{"host":"cqsz3xitorlhbrhq","time":1608235368,"event":{"mods":["AchievementEnabler","BaseMod","Bestiary","Block Reminder","Minty Spire (QoL Compilation)","Relic Stats","egg"],"gold_per_floor":[114,127,142,92,111,111,139,139,139,154,79,111,111,130,130,130,130],"floor_reached":16,"playtime":620,"items_purged":["Strike_R"],"score":134,"play_id":"84ffdcf7-3e7f-4e7f-8fa1-78f01965d4c0","local_time":"20201217150248","is_ascension_mode":true,"campfire_choices":[{"data":"Shockwave","floor":6,"key":"SMITH"},{"data":"Bash","floor":8,"key":"SMITH"},{"data":"Inflame","floor":15,"key":"SMITH"}],"circlet_count":0,"master_deck":["Defend_R","Defend_R","Defend_R","Defend_R","Bash+1","Rampage","Rampage","Shockwave+1","Cleave","Dropkick+1","Seeing Red","Inflame+1","Rupture","Ghostly Armor"],"relics":["Empty Cage","Whetstone","Pen Nib","Matryoshka"],"acts_visited":["Exordium"],"potions_floor_usage":[7],"damage_taken":[{"damage":1,"enemies":"Small Slimes","floor":1,"turns":4},{"damage":4,"enemies":"Jaw Worm","floor":2,"turns":5},{"damage":1,"enemies":"Cultist","floor":3,"turns":3},{"damage":8,"enemies":"2 Fungi Beasts","floor":5,"turns":4},{"damage":15,"enemies":"Lagavulin","floor":7,"turns":5},{"damage":0,"enemies":"Large Slime","floor":10,"turns":4},{"damage":15,"enemies":"Gremlin Nob","floor":12,"turns":3},{"damage":10,"enemies":"3 Louse","floor":14,"turns":3},{"damage":27,"enemies":"The Guardian","floor":16,"turns":2}],"seed_played":"-7974286280312105730","potions_obtained":[{"floor":1,"key":"SteroidPotion"},{"floor":3,"key":"SteroidPotion"},{"floor":10,"key":"SpeedPotion"}],"is_trial":false,"path_per_floor":["M","M","M","?","M","R","E","R","T","M","$","E","?","M","R","B"],"character_chosen":"IRONCLAD","items_purchased":[],"campfire_rested":0,"item_purchase_floors":[],"current_hp_per_floor":[79,75,74,74,66,66,51,51,51,51,51,36,36,26,26,0,0],"gold":130,"neow_bonus":"BOSS_RELIC","is_daily":false,"chose_seed":false,"campfire_upgraded":3,"win_rate":0.0,"timestamp":1608235368,"path_taken":["M","M","M","?","M","R","E","R","T","M","$","E","?","M","R","BOSS"],"items_purchased_type":[],"build_version":"2020-12-13","purchased_purges":1,"victory":false,"max_hp_per_floor":[80,80,80,80,80,80,80,80,80,80,80,80,80,80,80,80,80],"relic_stats":{"counters":[9,33],"Pen Nib":[2],"Whetstone":["Strike_R","Dropkick"],"obtain_stats":[{"Matryoshka":12,"Pen Nib":9,"Whetstone":7,"Empty Cage":0,"Burning Blood":0},{"Matryoshka":7,"Pen Nib":5,"Whetstone":5,"Empty Cage":0,"Burning Blood":0},{"Matryoshka":28,"Pen Nib":21,"Whetstone":21,"Empty Cage":0,"Burning Blood":0}]},"card_choices":[{"not_picked":["Power Through","Rage"],"picked":"Rampage","floor":1},{"not_picked":["Havoc","Fire Breathing"],"picked":"Rampage","floor":2},{"not_picked":["Sever Soul","Body Slam"],"picked":"Shockwave","floor":3},{"not_picked":["Clash","Perfected Strike"],"picked":"Cleave","floor":5},{"not_picked":["Corruption","Warcry"],"picked":"Dropkick","floor":7},{"not_picked":["Burning Pact","Dark Embrace"],"picked":"Seeing Red","floor":10},{"not_picked":["Sentinel","Perfected Strike"],"picked":"Inflame","floor":12},{"not_picked":["Searing Blow","Combust"],"picked":"Ghostly Armor","floor":14}],"player_experience":74643,"relics_obtained":[{"floor":7,"key":"Whetstone"},{"floor":9,"key":"Pen Nib"},{"floor":12,"key":"Matryoshka"}],"event_choices":[{"cards_removed":["Strike_R"],"damage_healed":0,"gold_gain":0,"player_choice":"Card Removal","damage_taken":0,"max_hp_gain":0,"max_hp_loss":0,"event_name":"The Cleric","floor":4,"gold_loss":50},{"damage_healed":0,"gold_gain":0,"cards_transformed":["Strike_R"],"player_choice":"Transformed","damage_taken":0,"max_hp_gain":0,"max_hp_loss":0,"event_name":"Transmorgrifier","floor":13,"gold_loss":0,"cards_obtained":["Rupture"]}],"is_beta":false,"boss_relics":[],"items_purged_floors":[11],"is_endless":false,"potions_floor_spawned":[1,3,10],"killed_by":"The Guardian","ascension_level":4}}