{"host":"pjgcdp3h1plnbocs","time":1608204930,"event":{"mods":["AchievementEnabler","BaseMod","Colored Map","Highlight Path","Minty Spire (QoL Compilation)"],"gold_per_floor":[115,133,150,150,169,194,194,229,229,229,240,240,240,273,273,371,421,433,452,452,452,468,271,294,294,294,327,327,327,352,369,369,472,472,486,536,547,146,159,192,204,204,204,239,257,13,13,46,46,46],"floor_reached":51,"playtime":1830,"items_purged":["Defend_B","Streamline+1","Self Repair"],"score":967,"play_id":"d210342b-2700-4f95-bb43-fc483e07c3bd","local_time":"20201217123530","is_ascension_mode":true,"campfire_choices":[{"data":"Streamline","floor":7.0,"key":"SMITH"},{"floor":12.0,"key":"REST"},{"data":"Capacitor","floor":15.0,"key":"SMITH"},{"data":"Streamline","floor":25.0,"key":"SMITH"},{"floor":29.0,"key":"REST"},{"data":"Cold Snap","floor":32.0,"key":"SMITH"},{"floor":49,"key":"REST"}],"circlet_count":0,"master_deck":["Strike_B","Strike_B","Defend_B","Defend_B+1","Zap+1","Dualcast+1","Ball Lightning","Streamline+1","Glacier+1","Capacitor+1","Cold Snap","Cold Snap+1","Gash+1","Cold Snap+1","Core Surge","Gash","Gash","Gash","Defragment"],"relics":["FrozenCore","Smiling Mask","Regal Pillow","Vajra","Shuriken","Tiny House","Pen Nib","ClockworkSouvenir","War Paint","HornCleat","Bottled Tornado","Ornamental Fan","Pocketwatch","Emotion Chip","Potion Belt","Toy Ornithopter","Meat on the Bone","PreservedInsect","DataDisk"],"acts_visited":["Exordium","TheCity","TheBeyond"],"potions_floor_usage":[40,40,50,50],"damage_taken":[{"damage":7.0,"enemies":"Small Slimes","floor":1.0,"turns":3.0},{"damage":0.0,"enemies":"Cultist","floor":2.0,"turns":2.0},{"damage":8.0,"enemies":"2 Louse","floor":3.0,"turns":2.0},{"damage":7.0,"enemies":"Looter","floor":5.0,"turns":3.0},{"damage":15.0,"enemies":"3 Sentries","floor":6.0,"turns":5.0},{"damage":7.0,"enemies":"Gremlin Nob","floor":8.0,"turns":4.0},{"damage":6.0,"enemies":"Exordium Wildlife","floor":11.0,"turns":2.0},{"damage":15.0,"enemies":"Lagavulin","floor":14.0,"turns":6.0},{"damage":24.0,"enemies":"Hexaghost","floor":16.0,"turns":10.0},{"damage":10.0,"enemies":"Chosen","floor":18.0,"turns":4.0},{"damage":11.0,"enemies":"3 Byrds","floor":19.0,"turns":6.0},{"damage":21.0,"enemies":"Sentry and Sphere","floor":22.0,"turns":7.0},{"damage":50.0,"enemies":"Book of Stabbing","floor":27.0,"turns":5.0},{"damage":10.0,"enemies":"Gremlin Leader","floor":30.0,"turns":7.0},{"damage":12.0,"enemies":"Chosen and Byrds","floor":31.0,"turns":5.0},{"damage":42.0,"enemies":"Champ","floor":33.0,"turns":10.0},{"damage":4.0,"enemies":"Orb Walker","floor":35.0,"turns":2.0},{"damage":12.0,"enemies":"Mind Bloom Boss Battle","floor":36.0,"turns":9.0},{"damage":16.0,"enemies":"3 Shapes","floor":37.0,"turns":4.0},{"damage":8.0,"enemies":"Jaw Worm Horde","floor":39.0,"turns":5.0},{"damage":52,"enemies":"Reptomancer","floor":40,"turns":6},{"damage":5,"enemies":"Sphere and 2 Shapes","floor":41,"turns":4},{"damage":20,"enemies":"Giant Head","floor":44,"turns":7},{"damage":1,"enemies":"4 Shapes","floor":45,"turns":10},{"damage":1,"enemies":"Reptomancer","floor":48,"turns":5},{"damage":8,"enemies":"Time Eater","floor":50,"turns":10}],"seed_played":"1638933203207483037","potions_obtained":[{"floor":1.0,"key":"LiquidBronze"},{"floor":5.0,"key":"SkillPotion"},{"floor":6.0,"key":"Dexterity Potion"},{"floor":8.0,"key":"ColorlessPotion"},{"floor":14.0,"key":"Dexterity Potion"},{"floor":22.0,"key":"BlessingOfTheForge"},{"floor":35.0,"key":"FairyPotion"},{"floor":44,"key":"Block Potion"}],"is_trial":false,"path_per_floor":["M","M","M","?","M","E","R","E","T","?","M","R","?","E","R","B",null,"M","M","?","?","M","$","T","R","T","E","?","R","E","M","R","B",null,"M","?","M","$","M","E","M","?","T","E","M","$","?","E","R","B",null],"character_chosen":"DEFECT","items_purchased":["ClockworkSouvenir","Gash","Emotion Chip","SteroidPotion","Ancient Potion","GamblersBrew"],"campfire_rested":3,"item_purchase_floors":[23,38,38,46,46,46],"current_hp_per_floor":[47,47,39,39,39,24,24,17,17,22,16,55,55,47,47,23,85,82,78,78,78,64,64,64,64,64,21,21,61,58,53,53,18,85,81,76,60,60,52,32,27,27,27,19,37,37,37,48,85,82],"gold":46,"neow_bonus":"REMOVE_TWO","is_daily":false,"chose_seed":false,"campfire_upgraded":4,"win_rate":0.0,"timestamp":1608204930,"path_taken":["M","M","M","?","?","E","R","E","T","?","M","R","?","E","R","BOSS","M","M","?","?","?","$","?","R","T","E","?","R","E","M","R","BOSS","M","?","M","$","M","E","M","?","T","E","?","$","?","E","R","BOSS"],"items_purchased_type":["Relic","Card","Relic","Potion","Potion","Potion"],"build_version":"2020-12-13","purchased_purges":3,"victory":true,"max_hp_per_floor":[75,75,75,75,75,75,75,75,75,80,80,80,80,80,80,80,85,85,85,85,85,85,85,85,85,85,85,85,85,85,85,85,85,85,85,85,85,85,85,85,85,85,85,85,85,85,85,85,85,85],"card_choices":[{"not_picked":["Aggregate","Conserve Battery"],"picked":"Ball Lightning","floor":1.0},{"not_picked":["Compile Driver","Recycle","Leap"],"picked":"SKIP","floor":2.0},{"not_picked":["Hologram","Machine Learning"],"picked":"Self Repair","floor":3.0},{"not_picked":["Conserve Battery","Fusion"],"picked":"Streamline","floor":5.0},{"not_picked":["Turbo","Skim"],"picked":"Glacier","floor":6.0},{"not_picked":["Chill","Heatsinks"],"picked":"Capacitor","floor":8.0},{"not_picked":["Turbo","Reinforced Body"],"picked":"Cold Snap","floor":11.0},{"not_picked":["Storm","Sweeping Beam"],"picked":"Streamline","floor":14.0},{"not_picked":["Sunder","Barrage"],"picked":"Cold Snap","floor":17.0},{"not_picked":["Skim+1","Rebound","Fusion"],"picked":"SKIP","floor":18.0},{"not_picked":["Barrage","Undo"],"picked":"Streamline+1","floor":19.0},{"not_picked":["Reprogram","Conserve Battery","Hologram"],"picked":"SKIP","floor":22.0},{"not_picked":["Streamline","Reinforced Body"],"picked":"Gash+1","floor":27.0},{"not_picked":["Reinforced Body","Hologram"],"picked":"Cold Snap+1","floor":30.0},{"not_picked":["Conserve Battery","Barrage","Leap"],"picked":"SKIP","floor":31.0},{"not_picked":["All For One","Meteor Strike"],"picked":"Core Surge","floor":33.0},{"not_picked":["Turbo","Streamline+1","Genetic Algorithm"],"picked":"SKIP","floor":35.0},{"not_picked":["Turbo+1","Cold Snap","Ball Lightning+1"],"picked":"SKIP","floor":37.0},{"not_picked":["Hologram","Streamline+1"],"picked":"Gash","floor":39.0},{"not_picked":["Ball Lightning+1","Darkness+1"],"picked":"Gash","floor":40},{"not_picked":["Leap","Chaos","Scrape+1"],"picked":"SKIP","floor":41},{"not_picked":["Reprogram+1","Scrape+1","Conserve Battery+1"],"picked":"SKIP","floor":44},{"not_picked":["Capacitor+1","Force Field+1","Hello World"],"picked":"SKIP","floor":45},{"not_picked":["Conserve Battery","Multi-Cast"],"picked":"Defragment","floor":48}],"player_experience":104617,"relics_obtained":[{"floor":6.0,"key":"Smiling Mask"},{"floor":8.0,"key":"Regal Pillow"},{"floor":9.0,"key":"Vajra"},{"floor":14.0,"key":"Shuriken"},{"floor":24.0,"key":"War Paint"},{"floor":26.0,"key":"HornCleat"},{"floor":27.0,"key":"Bottled Tornado"},{"floor":30.0,"key":"Ornamental Fan"},{"floor":36.0,"key":"Pocketwatch"},{"floor":40,"key":"Potion Belt"},{"floor":43,"key":"Meat on the Bone"},{"floor":44,"key":"PreservedInsect"},{"floor":48,"key":"DataDisk"}],"event_choices":[{"cards_removed":["Strike_B"],"damage_healed":0.0,"max_hp_gain":0.0,"max_hp_loss":0.0,"gold_gain":0.0,"event_name":"Bonfire Elementals","player_choice":"Offered Basic","floor":4.0,"gold_loss":0.0,"damage_taken":0.0},{"damage_healed":0.0,"max_hp_gain":5.0,"max_hp_loss":0.0,"gold_gain":0.0,"event_name":"Big Fish","player_choice":"Donut","floor":10.0,"gold_loss":0.0,"damage_taken":0.0},{"damage_healed":0.0,"max_hp_gain":0.0,"max_hp_loss":0.0,"gold_gain":0.0,"event_name":"Living Wall","player_choice":"Grow","floor":13.0,"gold_loss":0.0,"damage_taken":0.0,"cards_upgraded":["Zap"]},{"damage_healed":0.0,"max_hp_gain":0.0,"max_hp_loss":0.0,"gold_gain":0.0,"event_name":"The Mausoleum","player_choice":"Opened","floor":20.0,"gold_loss":0.0,"damage_taken":0.0,"relics_obtained":["Pen Nib"],"cards_obtained":["Writhe"]},{"cards_removed":["Writhe"],"damage_healed":0.0,"max_hp_gain":0.0,"max_hp_loss":0.0,"gold_gain":0.0,"event_name":"Purifier","player_choice":"Purged","floor":21.0,"gold_loss":0.0,"damage_taken":0.0},{"damage_healed":0.0,"max_hp_gain":0.0,"max_hp_loss":0.0,"gold_gain":0.0,"event_name":"Cursed Tome","player_choice":"Ignored","floor":28.0,"gold_loss":0.0,"damage_taken":0.0},{"damage_healed":0.0,"max_hp_gain":0.0,"max_hp_loss":0.0,"gold_gain":0.0,"event_name":"MindBloom","player_choice":"Fight","floor":36.0,"gold_loss":0.0,"damage_taken":0.0},{"cards_removed":["Streamline"],"damage_healed":0,"gold_gain":0,"player_choice":"Gave Card","damage_taken":0,"relics_obtained":["Toy Ornithopter"],"max_hp_gain":0,"max_hp_loss":0,"event_name":"WeMeetAgain","floor":42,"gold_loss":0},{"damage_healed":0,"gold_gain":0,"player_choice":"Memory 1","damage_taken":0,"max_hp_gain":0,"max_hp_loss":0,"event_name":"SensoryStone","floor":47,"gold_loss":0}],"is_beta":false,"boss_relics":[{"not_picked":["Busted Crown","Coffee Dripper"],"picked":"Tiny House"},{"not_picked":["Philosopher\u0027s Stone","Cursed Key"],"picked":"FrozenCore"}],"items_purged_floors":[23,38,46],"is_endless":false,"potions_floor_spawned":[1,5,6,8,14,16,19,22,27,35,39,44],"ascension_level":4}}