{"host":"ormi09wwzv7sq47a","time":1608247542,"event":{"mods":["2.2 Compatiblity","AchievementEnabler","Act Like it!","BaseMod","Bestiary","Better Note","Better Sensory Stone","Better Skull","Better Vampires","Colored Map","Colored Powertips","Curses Come First","DeckTracker","Downfall","Highlight Path","Minty Spire (QoL Compilation)","Permanent Neow","Quick Restart","Rare Cards Sparkle","Relic Stats","Shop Mod","StSLib","The Jungle"],"gold_per_floor":[110,35,35,53,228,228,178,190,238,238,257,11,11,46,46,149,149,162,177,187,200,210,210,228,228,228,228,76,76,76,76,76,76,76],"floor_reached":33,"playtime":1053,"items_purged":["Strike_B","Guardian:Aged"],"score":245,"play_id":"bdb890e5-b84e-437a-8394-372344f08c42","local_time":"20201217212542","is_ascension_mode":false,"campfire_choices":[{"data":"Zap","floor":6.0,"key":"SMITH"},{"data":"Dualcast","floor":10.0,"key":"SMITH"},{"data":"Compile Driver","floor":13.0,"key":"SMITH"},{"data":"Conserve Battery","floor":15.0,"key":"SMITH"},{"data":"Sweeping Beam","floor":23,"key":"SMITH"},{"data":"Cold Snap","floor":25,"key":"SMITH"},{"data":"Auto Shields","floor":27,"key":"SMITH"},{"data":"Defend_B","floor":32,"key":"SMITH"}],"circlet_count":0,"master_deck":["Strike_B+1","Strike_B","Strike_B+1","Defend_B+1","Defend_B","Defend_B","Defend_B","Zap+1","Dualcast+1","Compile Driver+1","Conserve Battery+1","Cold Snap+1","Sweeping Beam+1","Go for the Eyes+1","Auto Shields+1","Ball Lightning+1","Conserve Battery+1","Writhe","Regret"],"relics":["Cracked Core","Bag of Preparation","Whetstone","Mercury Hourglass","Art of War","Cursed Key","Toxic Egg 2","Question Card","Shuriken"],"acts_visited":["Exordium","TheCity"],"potions_floor_usage":[20,20,33,33],"damage_taken":[{"damage":0.0,"enemies":"Small Slimes","floor":1.0,"turns":2.0},{"damage":1.0,"enemies":"Jaw Worm","floor":4.0,"turns":3.0},{"damage":0.0,"enemies":"Cultist","floor":8.0,"turns":3.0},{"damage":0.0,"enemies":"2 Fungi Beasts","floor":11.0,"turns":2.0},{"damage":19.0,"enemies":"Lagavulin","floor":14.0,"turns":4.0},{"damage":11.0,"enemies":"The Guardian","floor":16.0,"turns":9.0},{"damage":8.0,"enemies":"2 Thieves","floor":18.0,"turns":3.0},{"damage":0.0,"enemies":"3 Byrds","floor":19.0,"turns":3.0},{"damage":11,"enemies":"Snake Plant","floor":20,"turns":5},{"damage":0,"enemies":"Chosen and Byrds","floor":21,"turns":4},{"damage":3,"enemies":"Centurion and Healer","floor":22,"turns":5},{"damage":0,"enemies":"Snecko","floor":24,"turns":4},{"damage":55,"enemies":"Collector","floor":33,"turns":8}],"seed_played":"6825441020925686185","potions_obtained":[{"floor":14.0,"key":"Block Potion"},{"floor":16.0,"key":"Block Potion"},{"floor":21,"key":"BlessingOfTheForge"},{"floor":22,"key":"champ:CounterPotion"},{"floor":24,"key":"Block Potion"}],"is_trial":false,"path_per_floor":["M","$","?","M","?","R","?","M","T","R","M","$","R","E","R","B",null,"M","M","M","M","M","R","M","R","T","R","$","?","?","T","R","B"],"character_chosen":"DEFECT","items_purchased":["Mercury Hourglass","Conserve Battery+1"],"campfire_rested":0,"item_purchase_floors":[12,28],"current_hp_per_floor":[75,75,75,74,74,74,74,74,74,74,74,74,74,55,55,44,75,67,67,56,56,53,53,53,53,53,53,53,53,53,53,53,0,0],"gold":76,"neow_bonus":"RANDOM_COMMON_RELIC","is_daily":false,"chose_seed":false,"campfire_upgraded":8,"win_rate":0.0,"timestamp":1608247542,"path_taken":["M","$","?","M","?","R","?","?","T","R","M","$","R","E","R","BOSS","M","M","M","M","M","R","M","R","T","R","$","?","?","?","R","BOSS"],"items_purchased_type":["Relic","Card"],"build_version":"2020-12-13","purchased_purges":2,"victory":false,"max_hp_per_floor":[75,75,75,75,75,75,75,75,75,75,75,75,75,75,75,75,75,75,75,75,75,75,75,75,75,75,75,75,75,75,75,75,75,75],"relic_stats":{"counters":[13,54],"Shuriken":[4],"Bag of Preparation":[26],"Art of War":[1],"Whetstone":["Strike_B","Strike_B"],"Cursed Key":2,"Question Card":0,"obtain_stats":[{"Shuriken":31,"Bag of Preparation":0,"Art of War":14,"Whetstone":9,"Toxic Egg 2":26,"Cracked Core":0,"Cursed Key":17,"Question Card":30,"Mercury Hourglass":12},{"Shuriken":12,"Bag of Preparation":0,"Art of War":5,"Whetstone":3,"Toxic Egg 2":12,"Cracked Core":0,"Cursed Key":6,"Question Card":12,"Mercury Hourglass":4},{"Shuriken":46,"Bag of Preparation":0,"Art of War":14,"Whetstone":8,"Toxic Egg 2":46,"Cracked Core":0,"Cursed Key":23,"Question Card":46,"Mercury Hourglass":10}],"Mercury Hourglass":[176]},"card_choices":[{"not_picked":["Conserve Battery","Auto Shields"],"picked":"Compile Driver","floor":1.0},{"not_picked":["Reprogram","FTL"],"picked":"Conserve Battery","floor":4.0},{"not_picked":["Sunder","BootSequence","Genetic Algorithm"],"picked":"SKIP","floor":8.0},{"not_picked":["Compile Driver","Core Surge","Beam Cell"],"picked":"SKIP","floor":11.0},{"not_picked":["White Noise","Self Repair"],"picked":"Cold Snap","floor":14.0},{"not_picked":["Doom and Gloom","Reinforced Body"],"picked":"Sweeping Beam","floor":18.0},{"not_picked":["Glacier","Rebound","Stack"],"picked":"SKIP","floor":19.0},{"not_picked":["Capacitor","Loop+1"],"picked":"Go for the Eyes+1","floor":20},{"not_picked":["Reprogram","Go for the Eyes","Stack"],"picked":"SKIP","floor":21},{"not_picked":["Hyperbeam","Sweeping Beam+1"],"picked":"Auto Shields","floor":22},{"not_picked":["Rebound","Rip and Tear"],"picked":"Ball Lightning+1","floor":24}],"player_experience":706383,"relics_obtained":[{"floor":9.0,"key":"Whetstone"},{"floor":14.0,"key":"Art of War"},{"floor":26,"key":"Toxic Egg 2"},{"floor":31,"key":"Shuriken"}],"event_choices":[{"damage_healed":0.0,"max_hp_gain":0.0,"max_hp_loss":0.0,"gold_gain":1.0,"event_name":"betterStone:BetterStone","player_choice":"1","floor":3.0,"gold_loss":0.0,"damage_taken":0.0},{"damage_healed":0.0,"max_hp_gain":0.0,"max_hp_loss":0.0,"gold_gain":175.0,"event_name":"Liars Game","player_choice":"AGREE","floor":5.0,"gold_loss":0.0,"damage_taken":0.0,"cards_obtained":["Doubt"]},{"cards_removed":["Doubt"],"damage_healed":0.0,"max_hp_gain":0.0,"max_hp_loss":0.0,"gold_gain":0.0,"event_name":"The Cleric","player_choice":"Card Removal","floor":7.0,"gold_loss":50.0,"damage_taken":0.0},{"damage_healed":0,"gold_gain":0,"player_choice":"Ignored","damage_taken":0,"max_hp_gain":0,"max_hp_loss":0,"event_name":"betterNote:BetterNote","floor":29,"gold_loss":0,"cards_obtained":["Regret"]},{"damage_healed":0,"gold_gain":0,"player_choice":"Opened","damage_taken":0,"relics_obtained":["Question Card"],"max_hp_gain":0,"max_hp_loss":0,"event_name":"The Mausoleum","floor":30,"gold_loss":0,"cards_obtained":["Writhe"]}],"is_beta":false,"boss_relics":[{"not_picked":["Runic Pyramid","Astrolabe"],"picked":"Cursed Key"}],"items_purged_floors":[2,28],"is_endless":false,"potions_floor_spawned":[14,16,21,22,24],"killed_by":"Collector","ascension_level":0}}