{"host":"qgwlv9366poilr0p","time":1608201777,"event":{"mods":["BaseMod","Colored Powertips","Dota2Spire","Friendly Minions","Halation","Hubris","Infinite Spire","Minty Spire (QoL Compilation)","Relic Stats","Replay The Spire","Shop Mod","StSLib","The Blue Laboratory","vexMod"],"gold_per_floor":[112,112,130,141,141,170,189,114,114,114,149,129,55,71,71,145,145,155,155,175,19,33,33,68,68,68,96,109,143,143,163,163,240,240,251,269,269,296,307,333,348,368,368,380,380,394,394,428,428,428,428,428,0,0,0,0],"floor_reached":55,"playtime":3279,"items_purged":["Strike_B","Strike_B","Strike_B","Strike_B"],"score":1590,"play_id":"c9995fe0-8f43-4bd3-a322-8f763ed1ca69","local_time":"20201217114257","is_ascension_mode":true,"campfire_choices":[{"data":"Zap","floor":10,"key":"SMITH"},{"data":"Barrage","floor":10,"key":"SMITH"},{"data":"Defragment","floor":15,"key":"SMITH"},{"data":"Multi-Cast","floor":15,"key":"SMITH"},{"data":"infinitespire:Oblivion","floor":23,"key":"SMITH"},{"data":"Self Repair","floor":23,"key":"SMITH"},{"data":"Creative AI","floor":25,"key":"SMITH"},{"data":"Coolheaded","floor":25,"key":"SMITH"},{"data":"Loop","floor":30,"key":"SMITH"},{"data":"Dualcast","floor":30,"key":"SMITH"},{"data":"Compile Driver","floor":32,"key":"SMITH"},{"data":"hubris:PowerSurge","floor":32,"key":"SMITH"},{"data":"Fission","floor":45,"key":"SMITH"},{"data":"ReplayTheSpireMod:??????????????????????","floor":45,"key":"SMITH"},{"data":"Hologram","floor":47,"key":"SMITH"},{"floor":47,"key":"RECALL"},{"data":"Aggregate","floor":49,"key":"SMITH"},{"data":"ReplayRNGCard","floor":49,"key":"SMITH"},{"data":"Capacitor","floor":52,"key":"SMITH"},{"data":"Barrage","floor":52,"key":"SMITH"},{"data":"Fusion","floor":54,"key":"SMITH"},{"data":"Cold Snap","floor":54,"key":"SMITH"}],"circlet_count":0,"master_deck":["AscendersBane","Defend_B","Defend_B","Defend_B","Dualcast+1","Cold Snap+1","Sweeping Beam","Multi-Cast+1","Defragment+1","Self Repair+1","Coolheaded+1","hubris:DuctTapeCard","Defragment+1","Creative AI+1","Barrage+1","Glacier","infinitespire:Oblivion+1","Double Energy+1","hubris:PowerSurge+1","Hologram+1","Loop+1","Compile Driver+1","Fission+1","Capacitor+1","Barrage+1","ReplayTheSpireMod:??????????????????????+1","Defragment+1","Aggregate+1","Hologram+1","hubris:Ukulele+1","ReplayRNGCard+1","Coolheaded+1","Fusion+1","Heatsinks+1","Cold Snap"],"relics":["FrozenCore","Prayer Wheel","halation:PenCase","Dota2Spire:MonkeyKingBar","hubris:DuctTape","Ring of Chaos","Lantern","vexMod:Spyglass","Calipers","InkBottle","Replay:Rubber Ducky","Boot","Pet Ghost","Dota2Spire:OrchidMalevolence","hubris:BottledRain","halation:Komachan"],"acts_visited":["Exordium","TheCity","TheBeyond","TheEnding"],"potions_floor_usage":[6,18,24,27,55,55],"damage_taken":[{"damage":5,"enemies":"2 Louse","floor":1,"turns":3},{"damage":0,"enemies":"Small Slimes","floor":3,"turns":3},{"damage":4,"enemies":"Cultist","floor":4,"turns":3},{"damage":26,"enemies":"Gremlin Nob","floor":6,"turns":4},{"damage":12,"enemies":"3 Louse","floor":7,"turns":6},{"damage":7,"enemies":"Lagavulin","floor":11,"turns":5},{"damage":5,"enemies":"2 Fungi Beasts","floor":14,"turns":3},{"damage":0,"enemies":"Slime Boss","floor":16,"turns":6},{"damage":3,"enemies":"Shell Parasite","floor":18,"turns":5},{"damage":0,"enemies":"3 Byrds","floor":20,"turns":1},{"damage":17,"enemies":"Centurion and Healer","floor":22,"turns":5},{"damage":9,"enemies":"Slavers","floor":24,"turns":6},{"damage":7,"enemies":"Book of Stabbing","floor":27,"turns":4},{"damage":0,"enemies":"Snake Plant","floor":28,"turns":4},{"damage":8,"enemies":"Slavers","floor":29,"turns":3},{"damage":14,"enemies":"Shelled Parasite and Fungi","floor":31,"turns":2},{"damage":3,"enemies":"Collector","floor":33,"turns":7},{"damage":0,"enemies":"3 Darklings","floor":35,"turns":3},{"damage":0,"enemies":"3 Shapes","floor":36,"turns":3},{"damage":0,"enemies":"Transient","floor":39,"turns":5},{"damage":2,"enemies":"Sphere and 2 Shapes","floor":41,"turns":6},{"damage":0,"enemies":"Spire Growth","floor":42,"turns":4},{"damage":7,"enemies":"Writhing Mass","floor":44,"turns":5},{"damage":0,"enemies":"Transient","floor":46,"turns":5},{"damage":0,"enemies":"Giant Head","floor":48,"turns":2},{"damage":0,"enemies":"Donu and Deca","floor":50,"turns":5},{"damage":71,"enemies":"The Heart","floor":55,"turns":6}],"seed_played":"3424580275883545623","potions_obtained":[{"floor":1,"key":"blueLaboratory:BottleOfRum"},{"floor":6,"key":"Venom Potion"},{"floor":11,"key":"blueLaboratory:RecallPotion"},{"floor":16,"key":"blueLaboratory:BottledHope"},{"floor":18,"key":"blueLaboratory:BottleOfVodka"},{"floor":31,"key":"Dexterity Potion"},{"floor":33,"key":"blueLaboratory:BubblePotion"},{"floor":44,"key":"EssenceOfDarkness"}],"is_trial":false,"path_per_floor":["M","?","M","M","?","E","M","$","T","R","E","?","$","M","R","B",null,"M","AVR","M","$","M","R","E","R","T","E","M","E","R","M","R","B",null,"M","M","AVR","T","M","T","M","M","T","M","R","M","R","E","R","B",null,"R","$","R","B"],"character_chosen":"DEFECT","items_purchased":["Defragment","vexMod:Spyglass","halation:Komachan","Fusion","Heatsinks+1","Cold Snap"],"campfire_rested":0,"item_purchase_floors":[13,21,53,53,53,53],"current_hp_per_floor":[59,59,59,55,55,29,24,24,24,24,24,24,24,26,26,33,62,66,66,66,66,56,56,57,57,57,60,70,71,71,67,67,71,71,71,71,71,71,71,71,69,69,69,71,71,71,71,71,71,71,71,71,71,71,0,0],"gold":0,"neow_bonus":"ONE_RARE_RELIC","is_daily":false,"chose_seed":false,"campfire_upgraded":21,"win_rate":0.0,"timestamp":1608201777,"path_taken":["M","?","M","M","?","E","M","$","T","R","E","?","$","M","R","BOSS","M","AVR","?","$","?","R","E","R","T","E","M","E","R","M","R","BOSS","M","M","AVR","?","M","?","M","M","T","M","R","M","R","E","R","BOSS","R","$","R","BOSS"],"items_purchased_type":["Card","Relic","Relic","Card","Card","Card"],"build_version":"2020-12-13","purchased_purges":4,"victory":false,"max_hp_per_floor":[71,71,71,71,71,71,71,71,71,71,71,71,71,71,71,71,71,71,71,71,71,71,71,71,71,71,71,71,71,71,71,71,71,71,71,71,71,71,71,71,71,71,71,71,71,71,71,71,71,71,71,71,71,71,71,71],"relic_stats":{"counters":[27,113],"Prayer Wheel":17,"Boot":[7],"obtain_stats":[{"Lantern":19,"Calipers":24,"hubris:DuctTape":11,"Dota2Spire:OrchidMalevolence":43,"Ring of Chaos":17,"halation:Komachan":53,"vexMod:Spyglass":21,"Boot":37,"Pet Ghost":40,"Replay:Rubber Ducky":29,"FrozenCore":34,"halation:PenCase":6,"Prayer Wheel":0,"Cracked Core":0,"Dota2Spire:MonkeyKingBar":9,"InkBottle":26,"hubris:BottledRain":48},{"Lantern":9,"Calipers":12,"hubris:DuctTape":6,"Dota2Spire:OrchidMalevolence":22,"Ring of Chaos":8,"halation:Komachan":26,"vexMod:Spyglass":10,"Boot":19,"Pet Ghost":20,"Replay:Rubber Ducky":15,"FrozenCore":17,"halation:PenCase":4,"Prayer Wheel":0,"Cracked Core":0,"Dota2Spire:MonkeyKingBar":5,"InkBottle":12,"hubris:BottledRain":25},{"Lantern":38,"Calipers":50,"hubris:DuctTape":24,"Dota2Spire:OrchidMalevolence":90,"Ring of Chaos":33,"halation:Komachan":107,"vexMod:Spyglass":39,"Boot":75,"Pet Ghost":80,"Replay:Rubber Ducky":61,"FrozenCore":70,"halation:PenCase":13,"Prayer Wheel":0,"Cracked Core":0,"Dota2Spire:MonkeyKingBar":19,"InkBottle":50,"hubris:BottledRain":102}],"InkBottle":[26],"FrozenCore":[18]},"card_choices":[{"not_picked":["Scrape","Gash"],"picked":"Cold Snap","floor":1},{"not_picked":["Steam Power","Steam"],"picked":"Sweeping Beam","floor":1},{"not_picked":["hubris:PowerSurge","Aggregate"],"picked":"Barrage","floor":3},{"not_picked":["Double Energy","Hologram","Redo"],"picked":"SKIP","floor":3},{"not_picked":["Double Energy","Hologram","Redo"],"picked":"SKIP","floor":3},{"not_picked":["Darkness","Stack"],"picked":"Multi-Cast","floor":4},{"not_picked":["Hologram","Rebound","Cold Snap"],"picked":"SKIP","floor":4},{"not_picked":["Hello World","Rip and Tear"],"picked":"Self Repair","floor":6},{"not_picked":["Aggregate","Beam Cell"],"picked":"Coolheaded","floor":7},{"not_picked":["Steam","Turbo","Redo"],"picked":"SKIP","floor":7},{"not_picked":["Steam","Turbo","Redo"],"picked":"SKIP","floor":7},{"not_picked":["Redo","Gash","hubris:DoWhile"],"picked":"SKIP","floor":11},{"not_picked":["Leap","ReplayGash","Sweeping Beam"],"picked":"SKIP","floor":14},{"not_picked":["Coolheaded","Gash","Steam"],"picked":"SKIP","floor":14},{"not_picked":["Buffer","Seek"],"picked":"Creative AI","floor":16},{"not_picked":["Streamline","Hologram"],"picked":"Barrage+1","floor":18},{"not_picked":["Gash","Reprogram"],"picked":"Glacier","floor":18},{"not_picked":["Go for the Eyes","Leap"],"picked":"Double Energy+1","floor":20},{"not_picked":["Conserve Battery","Defragment","Hello World"],"picked":"SKIP","floor":20},{"not_picked":["Blizzard","Steam Power"],"picked":"hubris:PowerSurge","floor":22},{"not_picked":["hubris:DoWhile","Steam+1","White Noise"],"picked":"SKIP","floor":22},{"not_picked":["Turbo","hubris:SpecializedCircuitry","Storm"],"picked":"SKIP","floor":24},{"not_picked":["hubris:PowerSurge","Self Repair"],"picked":"Hologram+1","floor":27},{"not_picked":["Gash","Stack","hubris:PowerSurge"],"picked":"SKIP","floor":28},{"not_picked":["Ball Lightning","Rebound","Hologram"],"picked":"SKIP","floor":28},{"not_picked":["Redo","White Noise"],"picked":"Loop","floor":29},{"not_picked":["Ball Lightning","Redo"],"picked":"Compile Driver","floor":31},{"not_picked":["ReplayGash","hubris:PowerSurge","Redo"],"picked":"SKIP","floor":31},{"not_picked":["hubris:Prefetch","Buffer"],"picked":"Fission","floor":33},{"not_picked":["Blizzard+1","Conserve Battery+1","Stack+1"],"picked":"SKIP","floor":35},{"not_picked":["Scrape","Leap+1","Auto Shields"],"picked":"SKIP","floor":35},{"not_picked":["Lockon","Redo"],"picked":"Capacitor","floor":36},{"not_picked":["Conserve Battery+1","Leap"],"picked":"Barrage","floor":36},{"not_picked":["Leap","Sweeping Beam"],"picked":"Defragment+1","floor":39},{"not_picked":["Leap","FTL+1","Steam Power"],"picked":"SKIP","floor":39},{"not_picked":["Darkness","Biased Cognition"],"picked":"Aggregate","floor":41},{"not_picked":["Gash","Hello World","Beam Cell"],"picked":"SKIP","floor":41},{"not_picked":["White Noise","Melter"],"picked":"Hologram","floor":42},{"not_picked":["Beam Cell","Barrage+1","Tempest"],"picked":"SKIP","floor":42},{"not_picked":["Rebound+1","hubris:PowerSurge"],"picked":"hubris:Ukulele+1","floor":44},{"not_picked":["Beam Cell","Stack"],"picked":"ReplayRNGCard","floor":44},{"not_picked":["Barrage","Loop"],"picked":"Coolheaded+1","floor":46},{"not_picked":["Beam Cell","Turbo","Sweeping Beam"],"picked":"SKIP","floor":46},{"not_picked":["Barrage+1","Beam Cell+1","Steam+1"],"picked":"SKIP","floor":48}],"player_experience":1058746,"relics_obtained":[{"floor":6,"key":"halation:PenCase"},{"floor":9,"key":"Dota2Spire:MonkeyKingBar"},{"floor":11,"key":"hubris:DuctTape"},{"floor":24,"key":"Calipers"},{"floor":26,"key":"InkBottle"},{"floor":29,"key":"Replay:Rubber Ducky"},{"floor":40,"key":"Pet Ghost"},{"floor":43,"key":"Dota2Spire:OrchidMalevolence"},{"floor":48,"key":"hubris:BottledRain"}],"event_choices":[{"damage_healed":0,"gold_gain":0,"player_choice":"Bought 1 Potion","damage_taken":0,"max_hp_gain":0,"max_hp_loss":0,"event_name":"The Woman in Blue","floor":12,"gold_loss":0}],"is_beta":false,"boss_relics":[{"not_picked":["Coffee Dripper","vexMod:FluxCapacitor"],"picked":"Ring of Chaos"},{"not_picked":["halation:Yufonium","Runic Dome"],"picked":"FrozenCore"}],"items_purged_floors":[8,19,37,53],"is_endless":false,"potions_floor_spawned":[1,6,11,16,18,22,31,33,41,42,44],"killed_by":"The Heart","ascension_level":15}}