{"host":"hfvpa4llnnjpeawn","time":1608175768,"event":{"mods":["2.2 Compatiblity","AchievementEnabler","Act Like it!","Aspiration","Bard","BaseMod","Beaked The Cultist","Better Skull","Better Third Choice","BetterRewards","CapriCore","Conspire","Downfall","Elementarium","Energized Spire","Hermit","Hubris","Jorbs\u0027s Wanderer Trilogy","Koishi","Lobotomy","Minty Spire (QoL Compilation)","Replay The Spire","Shade Mod","Spicy Shops","StSLib","The Bladedancer","The Factory","The Gatherer","The Jungle","Waifu the Spire","Wandering Minibosses"],"gold_per_floor":[116,34,54,54,54,83,96,128,209,209,219,219,246,259,259,259,259],"floor_reached":16,"playtime":877,"items_purged":[],"score":157,"play_id":"9b162f39-a96e-42ee-aff6-0524e3f3fcb2","local_time":"20201216222928","is_ascension_mode":true,"campfire_choices":[{"data":"expansioncontent:DefensiveStance","floor":10,"key":"SMITH"},{"floor":12,"key":"REST"},{"floor":15,"key":"RECALL"}],"circlet_count":0,"master_deck":["Strike_R","Strike_R","Strike_R","Strike_R","Strike_R","Defend_R","Defend_R","Defend_R","Defend_R","Bash","Bloodletting","expansioncontent:DefensiveStance+1","Seeing Red","hubris:ReadiedAction","Flame Barrier","Warcry"],"relics":["Burning Blood","aspiration:BabyByrd","hubris:MysteriousPyramids","Replay:Bottled Snecko","aspiration:FetidBarrel"],"acts_visited":["Exordium"],"potions_floor_usage":[8,11,13,14],"damage_taken":[{"damage":11,"enemies":"2 Louse","floor":1,"turns":3},{"damage":7,"enemies":"Jaw Worm","floor":3,"turns":4},{"damage":42,"enemies":"Lagavulin","floor":6,"turns":9},{"damage":0,"enemies":"Cultist","floor":7,"turns":4},{"damage":23,"enemies":"Gremlin Nob","floor":8,"turns":4},{"damage":3,"enemies":"3 Louse","floor":11,"turns":2},{"damage":17,"enemies":"3 Sentries","floor":13,"turns":10},{"damage":8,"enemies":"2 Fungi Beasts","floor":14,"turns":6},{"damage":57,"enemies":"Hexaghost","floor":16,"turns":14}],"seed_played":"3145148370560059709","potions_obtained":[{"floor":7,"key":"hexamod:EctoCoolerPotion"},{"floor":8,"key":"Explosive Potion"},{"floor":11,"key":"ColorlessPotion"},{"floor":13,"key":"LiquidMemories"}],"is_trial":false,"path_per_floor":["M","$","M","?","?","E","M","E","T","R","M","R","E","M","R","B"],"character_chosen":"IRONCLAD","items_purchased":["expansioncontent:DefensiveStance"],"campfire_rested":1,"item_purchase_floors":[2],"current_hp_per_floor":[91,91,90,90,83,47,53,36,36,36,39,67,56,54,54,0,0],"gold":259,"neow_bonus":"TWENTY_PERCENT_HP_BONUS","is_daily":false,"chose_seed":false,"campfire_upgraded":1,"win_rate":0.0,"timestamp":1608175768,"path_taken":["M","$","M","?","?","E","M","E","T","R","M","R","E","M","R","BOSS"],"items_purchased_type":["Card"],"build_version":"2020-12-13","purchased_purges":0,"victory":false,"max_hp_per_floor":[96,96,96,96,96,96,96,96,96,96,96,96,96,96,96,96,96],"card_choices":[{"not_picked":["Pommel Strike","Iron Wave"],"picked":"Bloodletting","floor":1},{"not_picked":["Perfected Strike","Battle Trance"],"picked":"Seeing Red","floor":3},{"not_picked":["Feed","Flame Barrier","Carnage"],"picked":"SKIP","floor":6},{"not_picked":["Perfected Strike","Havoc","Twin Strike"],"picked":"SKIP","floor":7},{"not_picked":["Dropkick","Armaments"],"picked":"hubris:ReadiedAction","floor":8},{"not_picked":["Body Slam","Armaments"],"picked":"Flame Barrier","floor":11},{"not_picked":["Berserk","Uppercut","Armaments"],"picked":"SKIP","floor":13},{"not_picked":["Cleave","True Grit"],"picked":"Warcry","floor":14}],"player_experience":246035,"relics_obtained":[{"floor":6,"key":"hubris:MysteriousPyramids"},{"floor":9,"key":"Replay:Bottled Snecko"},{"floor":13,"key":"aspiration:FetidBarrel"}],"event_choices":[{"cards_removed":["Spreading Infection"],"damage_healed":0,"gold_gain":0,"player_choice":"Card Removal","damage_taken":7,"max_hp_gain":0,"max_hp_loss":0,"event_name":"Golden Wing","floor":5,"gold_loss":0}],"is_beta":false,"boss_relics":[],"items_purged_floors":[],"is_endless":false,"potions_floor_spawned":[7,8,11,13],"killed_by":"Hexaghost","ascension_level":2}}