{"host":"htqwg582tjjtn9p7","time":1608220974,"event":{"mods":["2.2 Compatiblity","AchievementEnabler","Act Like it!","Aspiration","BaseMod","Better Third Choice","Colored Map","Conspire","Curses Come First","Displayed Cursed Tome","Energized Spire","Force Act Four","GifTheSpireLib","Hermit","Highlight Path","JesterMod","Mad Scientist","Minty Spire (QoL Compilation)","Pale of the Ancients","Permanent Neow","Random Character Button","Relic Stats","Replay The Spire","Robot Space Explorer","Somnambulant","Spicy Shops","Spikes Relics","StSLib","Stuff the Spire","The Blue Laboratory","The Disciple","The Dragon Tamer","The Forsaken","The Gatherer","The Judge","The Jungle","The Runesmith","The Servant 0.9.4"],"gold_per_floor":[118,188,188,188,199,199,233,233,256,282,282,85,85,48,48,124,124,143,157,207,227,2,2,2,37,108,123,25,25,38,67,67,142,142,157,44,60,60,80,80,80],"floor_reached":40,"playtime":1857,"items_purged":["Strike_G","Strike_G","Defend_G"],"score":778,"play_id":"9a4ec76e-5b33-40e2-b9af-83d7cf035eb7","local_time":"20201217170254","is_ascension_mode":true,"campfire_choices":[{"data":"Bouncing Flask","floor":6,"key":"SMITH"},{"floor":8,"key":"REST"},{"floor":11,"key":"REST"},{"floor":13,"key":"REST"},{"data":"ReplayTheSpireMod:Scrap Shanks","floor":15,"key":"SMITH"},{"floor":23,"key":"REST"},{"floor":29,"key":"REST"},{"floor":32,"key":"REST"}],"circlet_count":0,"master_deck":["AscendersBane","Strike_G","Strike_G","Defend_G","Defend_G","Defend_G","Survivor","Neutralize","Unload","Dagger Throw","Deflect","Bouncing Flask+1","StuffTheSpire:DoubleShiv","ReplayTheSpireMod:Scrap Shanks+1","Deflect+1","Storm of Steel","Backstab","PiercingWail","Blade Dance","Slice","Backflip+1","Deflect+1","Reflex","Deflect+1","Deflect+1","Parasite","Prepared+1"],"relics":["Ring of the Snake","Shuriken","aspiration:HatOfInfinitePower","Replay:Mystery Machine","Lantern","Replay:Fungal Core","Regal Pillow","Ninja Scroll","theForsaken:HumbleEgg","SlaversCollar"],"acts_visited":["Exordium","TheCity","TheBeyond"],"potions_floor_usage":[16,25,27],"damage_taken":[{"damage":1,"enemies":"Cultist","floor":1,"turns":4},{"damage":0,"enemies":"2 Louse","floor":5,"turns":2},{"damage":33,"enemies":"3 Sentries","floor":7,"turns":9},{"damage":26,"enemies":"Lagavulin","floor":10,"turns":5},{"damage":26,"enemies":"Fading Forest","floor":16,"turns":11},{"damage":0,"enemies":"Shell Parasite","floor":18,"turns":2},{"damage":20,"enemies":"Spheric Guardian","floor":19,"turns":4},{"damage":7,"enemies":"Centurion and Healer","floor":21,"turns":8},{"damage":9,"enemies":"Slavers","floor":25,"turns":4},{"damage":14,"enemies":"Snake Plant","floor":27,"turns":3},{"damage":8,"enemies":"Cultist and Chosen","floor":30,"turns":4},{"damage":6,"enemies":"Gremlin Leader","floor":31,"turns":5},{"damage":59,"enemies":"Champ","floor":33,"turns":9},{"damage":9,"enemies":"3 Darklings","floor":35,"turns":6},{"damage":1,"enemies":"3 Shapes","floor":37,"turns":8},{"damage":32,"enemies":"Writhing Mass","floor":39,"turns":8},{"damage":50,"enemies":"Reptomancer","floor":40,"turns":6}],"seed_played":"-6797481049685483662","potions_obtained":[{"floor":1,"key":"EssenceOfSteel"},{"floor":5,"key":"FairyPotion"},{"floor":19,"key":"SneckoOil"},{"floor":25,"key":"blueLaboratory:BottleOfVodka"},{"floor":27,"key":"blueLaboratory:AbyssPotion"}],"is_trial":false,"path_per_floor":["M","T","?","?","M","R","E","R","T","E","R","$","R","$","R","B",null,"M","M","?","M","$","R","?","E","T","M","$","R","M","E","R","B",null,"M","$","M","?","M","E"],"character_chosen":"THE_SILENT","items_purchased":["ReplayTheSpireMod:Scrap Shanks","PowerPotion","Deflect+1","Doom Potion","Reflex","Deflect+1"],"campfire_rested":6,"item_purchase_floors":[12,12,14,28,36,36],"current_hp_per_floor":[58,58,58,58,58,58,25,44,44,18,37,37,56,56,56,38,59,59,39,39,32,32,51,42,33,33,19,19,53,45,39,66,7,51,42,42,41,41,9,0,0],"gold":80,"neow_bonus":"ONE_RANDOM_RARE_CARD","is_daily":false,"chose_seed":false,"campfire_upgraded":2,"win_rate":0.0,"timestamp":1608220974,"path_taken":["M","?","?","?","?","R","E","R","T","E","R","?","R","$","R","BOSS","M","M","?","M","$","R","?","E","T","?","$","R","M","E","R","BOSS","M","$","?","?","?","E"],"items_purchased_type":["Card","Potion","Card","Potion","Card","Card"],"build_version":"2020-12-13","purchased_purges":3,"victory":false,"max_hp_per_floor":[66,66,66,66,66,66,66,66,66,66,66,66,66,66,66,66,66,66,66,66,66,66,66,66,66,66,66,66,66,66,66,66,66,66,66,66,66,66,66,66,66],"relic_stats":{"Regal Pillow":23,"counters":[17,98],"Shuriken":[74],"obtain_stats":[{"theForsaken:HumbleEgg":31,"SlaversCollar":34,"Lantern":10,"Regal Pillow":25,"Replay:Fungal Core":17,"Shuriken":2,"Ninja Scroll":26,"Replay:Mystery Machine":9,"aspiration:HatOfInfinitePower":7,"Ring of the Snake":0},{"theForsaken:HumbleEgg":12,"SlaversCollar":13,"Lantern":4,"Regal Pillow":9,"Replay:Fungal Core":5,"Shuriken":1,"Ninja Scroll":9,"Replay:Mystery Machine":3,"aspiration:HatOfInfinitePower":3,"Ring of the Snake":0},{"theForsaken:HumbleEgg":61,"SlaversCollar":70,"Lantern":20,"Regal Pillow":49,"Replay:Fungal Core":31,"Shuriken":4,"Ninja Scroll":49,"Replay:Mystery Machine":15,"aspiration:HatOfInfinitePower":15,"Ring of the Snake":0}],"Ring of the Snake":[34]},"card_choices":[{"not_picked":["Leg Sweep","StuffTheSpire:Incursion"],"picked":"Dagger Throw","floor":1},{"not_picked":["Quick Slash","StuffTheSpire:Sprint"],"picked":"Bouncing Flask","floor":5},{"not_picked":["Flying Knee","ReplayTheSpireMod:Exploit Weakness","Well Laid Plans"],"picked":"SKIP","floor":7},{"not_picked":["PiercingWail","Infinite Blades"],"picked":"StuffTheSpire:DoubleShiv","floor":10},{"not_picked":["Unload","Venomology"],"picked":"Storm of Steel","floor":16},{"not_picked":["Pace","Underhanded Strike"],"picked":"Backstab","floor":18},{"not_picked":["StuffTheSpire:BumpUp","Outmaneuver+1"],"picked":"PiercingWail","floor":19},{"not_picked":["Eviscerate","Deflect"],"picked":"Blade Dance","floor":21},{"not_picked":["Dagger Spray","Predator","Draining Mist"],"picked":"SKIP","floor":25},{"not_picked":["Outmaneuver","Prepared"],"picked":"Slice","floor":27},{"not_picked":["Dagger Spray","StuffTheSpire:BumpUp","ReplayTheSpireMod:Exploit Weakness"],"picked":"SKIP","floor":30},{"not_picked":["Doppelganger","Blur+1"],"picked":"Backflip+1","floor":31},{"not_picked":["Flying Knee+1","Replay:Poison Smokescreen"],"picked":"Deflect+1","floor":35},{"not_picked":["Dagger Spray+1","Flying Knee+1","StuffTheSpire:Incantation+1"],"picked":"SKIP","floor":37},{"not_picked":["Sucker Punch+1","All Out Attack"],"picked":"Prepared+1","floor":39}],"player_experience":1692552,"relics_obtained":[{"floor":2,"key":"Shuriken"},{"floor":7,"key":"aspiration:HatOfInfinitePower"},{"floor":9,"key":"Replay:Mystery Machine"},{"floor":10,"key":"Lantern"},{"floor":25,"key":"Regal Pillow"},{"floor":26,"key":"Ninja Scroll"},{"floor":31,"key":"theForsaken:HumbleEgg"}],"event_choices":[{"damage_healed":0,"gold_gain":0,"cards_transformed":["Defend_G"],"player_choice":"Change","damage_taken":0,"max_hp_gain":0,"max_hp_loss":0,"event_name":"Living Wall","floor":3,"gold_loss":0,"cards_obtained":["Deadly Poison"]},{"damage_healed":0,"gold_gain":0,"cards_transformed":["Deadly Poison"],"player_choice":"Transformed","damage_taken":0,"max_hp_gain":0,"max_hp_loss":0,"event_name":"Transmorgrifier","floor":4,"gold_loss":0,"cards_obtained":["Deflect"]},{"damage_healed":0,"gold_gain":50,"player_choice":"Steal","damage_taken":0,"max_hp_gain":0,"max_hp_loss":0,"event_name":"betterThird:BetterNest","floor":20,"gold_loss":0},{"damage_healed":0,"gold_gain":0,"player_choice":"Damaged","damage_taken":9,"max_hp_gain":0,"max_hp_loss":0,"event_name":"Wheel of Change","floor":24,"gold_loss":0},{"cards_removed":["Strike_G"],"damage_healed":0,"gold_gain":0,"player_choice":"Offered Basic","damage_taken":0,"max_hp_gain":0,"max_hp_loss":0,"event_name":"Bonfire Elementals","floor":38,"gold_loss":0}],"is_beta":false,"boss_relics":[{"not_picked":["Ring of the Serpent","Replay:Bronze Core"],"picked":"Replay:Fungal Core"},{"not_picked":["ReplayTheSpireMod:DimensionalGlitch","Sandwich"],"picked":"SlaversCollar"}],"items_purged_floors":[12,22,22],"is_endless":false,"potions_floor_spawned":[1,5,7,19,25,27,31,35],"killed_by":"Reptomancer","ascension_level":15}}