{"host":"Sumable","time":1608171280,"event":{"mods":["AchievementEnabler","BaseMod","Better Note","BetterRewards","Googly Eyes","Hermit","Minty Spire (QoL Compilation)","Quick Restart","Shop Mod","StSLib","The Cursed","everything is the same but u backflip on backflip","slay the spire mod where everything is the same but ironclad has a cowboy hat"],"gold_per_floor":[116,116,128,128,148,148,160,195,195,195,215,215,290,30,30,30,30],"floor_reached":16,"playtime":441,"items_purged":[],"score":173,"play_id":"407fda44-9e06-4dbc-9a00-f56ab6e7cdca","local_time":"20201216191440","is_ascension_mode":true,"campfire_choices":[{"data":"hermit:Shortfuse","floor":6,"key":"SMITH"},{"data":"hermit:HighCaliber","floor":10,"key":"SMITH"},{"floor":12,"key":"REST"},{"data":"hermit:CursedWeapon","floor":15,"key":"SMITH"}],"circlet_count":0,"master_deck":["hermit:Strike_Hermit","hermit:Strike_Hermit","hermit:Strike_Hermit","hermit:Strike_Hermit","hermit:Defend_Hermit","hermit:Defend_Hermit","hermit:Defend_Hermit","hermit:Defend_Hermit","hermit:Snapshot","hermit:Covet","hermit:HighCaliber+1","hermit:Snipe","hermit:Shortfuse+1","hermit:HighCaliber+1","hermit:Quickdraw","hermit:CursedWeapon+1"],"relics":["hermit:Momento","NeowsBlessing","Ancient Tea Set","Letter Opener","Eternal Feather","Dream Catcher"],"acts_visited":["Exordium"],"potions_floor_usage":[8,11,16],"damage_taken":[{"damage":0,"enemies":"Jaw Worm","floor":1,"turns":1},{"damage":0,"enemies":"Small Slimes","floor":3,"turns":1},{"damage":0,"enemies":"Cultist","floor":5,"turns":1},{"damage":19,"enemies":"Large Slime","floor":7,"turns":3},{"damage":30,"enemies":"Gremlin Nob","floor":8,"turns":4},{"damage":0,"enemies":"Exordium Wildlife","floor":11,"turns":1}],"seed_played":"-6904170865220818643","potions_obtained":[{"floor":3,"key":"Regen Potion"},{"floor":8,"key":"Swift Potion"}],"is_trial":false,"path_per_floor":["M","?","M","?","M","R","M","E","T","R","M","R","?","$","R","B"],"character_chosen":"HERMIT","items_purchased":["hermit:CursedWeapon","Dream Catcher","DistilledChaos"],"campfire_rested":1,"item_purchase_floors":[14,14,14],"current_hp_per_floor":[75,75,75,75,75,75,56,38,38,47,47,75,64,64,73,0,0],"gold":30,"neow_bonus":"THREE_ENEMY_KILL","is_daily":false,"chose_seed":false,"campfire_upgraded":3,"win_rate":0.0,"timestamp":1608171280,"path_taken":["M","?","M","?","M","R","?","E","T","R","M","R","?","$","R","BOSS"],"items_purchased_type":["Card","Relic","Potion"],"build_version":"2020-12-07","purchased_purges":0,"victory":false,"max_hp_per_floor":[75,75,75,75,75,75,75,75,75,75,75,75,75,75,75,75,75],"card_choices":[{"not_picked":["hermit:Vantage","hermit:BodyArmor"],"picked":"hermit:HighCaliber","floor":1},{"not_picked":["hermit:Cheat","hermit:HoleUp"],"picked":"hermit:Snipe","floor":3},{"not_picked":["hermit:Magnum","hermit:GoldenBullet"],"picked":"hermit:Shortfuse","floor":5},{"not_picked":["hermit:ItchyTrigger","hermit:Gestalt"],"picked":"hermit:HighCaliber","floor":7},{"not_picked":["hermit:OverwhelmingPower","hermit:HoleUp"],"picked":"hermit:Quickdraw","floor":8},{"not_picked":["hermit:ItchyTrigger","hermit:Cheat","hermit:Desperado"],"picked":"SKIP","floor":11}],"player_experience":1004495,"relics_obtained":[{"floor":4,"key":"Ancient Tea Set"},{"floor":8,"key":"Letter Opener"},{"floor":9,"key":"Eternal Feather"}],"event_choices":[{"damage_healed":0,"gold_gain":0,"player_choice":"Grow","damage_taken":0,"max_hp_gain":0,"max_hp_loss":0,"event_name":"Living Wall","floor":2,"gold_loss":0,"cards_upgraded":["hermit:HighCaliber"]},{"damage_healed":0,"gold_gain":0,"player_choice":"Relic","damage_taken":0,"max_hp_gain":0,"max_hp_loss":0,"event_name":"Wheel of Change","floor":4,"gold_loss":0},{"damage_healed":0,"gold_gain":75,"player_choice":"Gather Gold","damage_taken":11,"max_hp_gain":0,"max_hp_loss":0,"event_name":"World of Goop","floor":13,"gold_loss":0}],"is_beta":true,"boss_relics":[],"items_purged_floors":[],"is_endless":false,"potions_floor_spawned":[3,8],"killed_by":"The Guardian","ascension_level":3}}