{"host":"sz8c8ni79nvzjmmg","time":1608199575,"event":{"mods":["AchievementEnabler","BaseMod","DeckTracker","Keyboard Shortcuts","Minty Spire (QoL Compilation)","SuperFastMode"],"gold_per_floor":[20,33,33,52,72,72,100,100,100,426,426,457,299,327,327,399,399,417,317,317,242,242,270,283,122,168,200,200,150,162,112,112,187,187,206,225,225,235,251,251,279,279,358,383,402,429,474,474,474,474,474,474,474,80,106,106],"floor_reached":57,"playtime":3108,"items_purged":["Strike_B","Sweeping Beam","Defend_B","Sweeping Beam+1","Hyperbeam+1"],"score":3533,"play_id":"f80ca139-5dad-4efb-92a0-b856e2ea99bf","local_time":"20201217190615","is_ascension_mode":true,"campfire_choices":[{"data":"Hyperbeam","floor":6.0,"key":"SMITH"},{"data":"Seek","floor":8.0,"key":"SMITH"},{"floor":15.0,"key":"REST"},{"data":"Turbo","floor":28.0,"key":"SMITH"},{"data":"Dualcast","floor":32,"key":"SMITH"},{"data":"Double Energy","floor":40,"key":"SMITH"},{"data":"Skim","floor":42,"key":"SMITH"},{"floor":49,"key":"RECALL"},{"data":"Reinforced Body","floor":53,"key":"SMITH"}],"circlet_count":0,"master_deck":["AscendersBane","Dualcast+1","Self Repair","Seek+1","Skim+1","Core Surge","Hologram","Turbo+1","Reinforced Body+1","Seek","Coolheaded+1","Seek+1","Seek+1","Beam Cell","Meteor Strike","Seek","Double Energy+1"],"relics":["Cracked Core","Ornamental Fan","Calipers","Old Coin","Nunchaku","Omamori","Question Card","Astrolabe","Pantograph","Chemical X","Smiling Mask","Bottled Lightning","Nuclear Battery","Pear","HornCleat","Bag of Preparation","Thread and Needle","Incense Burner","InkBottle"],"acts_visited":["Exordium","TheCity","TheBeyond","TheEnding"],"potions_floor_usage":[56],"damage_taken":[{"damage":1.0,"enemies":"Cultist","floor":1.0,"turns":3.0},{"damage":0.0,"enemies":"2 Louse","floor":2.0,"turns":1.0},{"damage":12.0,"enemies":"Jaw Worm","floor":4.0,"turns":2.0},{"damage":0.0,"enemies":"2 Fungi Beasts","floor":5.0,"turns":1.0},{"damage":27.0,"enemies":"Gremlin Nob","floor":7.0,"turns":4.0},{"damage":5.0,"enemies":"3 Sentries","floor":10.0,"turns":3.0},{"damage":28.0,"enemies":"Gremlin Nob","floor":12.0,"turns":4.0},{"damage":22.0,"enemies":"Lagavulin","floor":14.0,"turns":4.0},{"damage":27.0,"enemies":"The Guardian","floor":16.0,"turns":11.0},{"damage":0.0,"enemies":"3 Byrds","floor":18.0,"turns":2.0},{"damage":0.0,"enemies":"Gremlin Leader","floor":23.0,"turns":5.0},{"damage":0.0,"enemies":"Chosen","floor":24.0,"turns":3.0},{"damage":10.0,"enemies":"Book of Stabbing","floor":27.0,"turns":5.0},{"damage":0,"enemies":"Snecko","floor":30,"turns":3},{"damage":0,"enemies":"Automaton","floor":33,"turns":6},{"damage":0,"enemies":"3 Shapes","floor":35,"turns":5},{"damage":0,"enemies":"Orb Walker","floor":36,"turns":1},{"damage":0,"enemies":"3 Darklings","floor":38,"turns":2},{"damage":0,"enemies":"Spire Growth","floor":39,"turns":4},{"damage":0,"enemies":"Giant Head","floor":41,"turns":7},{"damage":0,"enemies":"Reptomancer","floor":44,"turns":3},{"damage":0,"enemies":"Sphere and 2 Shapes","floor":45,"turns":1},{"damage":0,"enemies":"Nemesis","floor":46,"turns":7},{"damage":0,"enemies":"2 Orb Walkers","floor":47,"turns":1},{"damage":0,"enemies":"Donu and Deca","floor":50,"turns":7},{"damage":0,"enemies":"Awakened One","floor":51,"turns":5},{"damage":0,"enemies":"Shield and Spear","floor":55,"turns":2},{"damage":19,"enemies":"The Heart","floor":56,"turns":7}],"seed_played":"3789460644137657197","potions_obtained":[{"floor":2.0,"key":"Weak Potion"},{"floor":10.0,"key":"PowerPotion"},{"floor":14.0,"key":"SpeedPotion"},{"floor":24.0,"key":"Strength Potion"},{"floor":35,"key":"SpeedPotion"},{"floor":36,"key":"GamblersBrew"},{"floor":45,"key":"CultistPotion"}],"is_trial":false,"path_per_floor":["M","M","?","M","M","R","E","R","T","E","?","E","$","E","R","B",null,"M","$","?","?","?","E","M","$","T","E","R","$","M","$","R","B",null,"M","M","?","M","M","R","E","R","T","E","M","E","?","?","R","B","B",null,"R","$","E","B",null],"character_chosen":"DEFECT","items_purchased":["FTL","Chemical X","Incense Burner"],"campfire_rested":1,"item_purchase_floors":[13,25,54],"current_hp_per_floor":[70,70,70,58,65,65,45,45,45,47,47,26,26,11,32,12,56,63,63,63,63,63,70,71,71,71,68,68,68,71,71,71,71,71,71,71,71,71,71,71,81,81,81,81,81,81,81,81,81,81,81,81,81,81,81,69],"gold":106,"neow_bonus":"TRANSFORM_TWO_CARDS","is_daily":false,"chose_seed":false,"campfire_upgraded":7,"win_rate":0.0,"timestamp":1608199575,"path_taken":["M","M","?","M","M","R","E","R","T","E","?","E","$","E","R","BOSS","M","?","?","?","?","E","?","$","T","E","R","$","M","?","R","BOSS","M","M","?","M","M","R","E","R","T","E","M","E","?","?","R","BOSS","BOSS","R","$","E","BOSS"],"items_purchased_type":["Card","Relic","Relic"],"build_version":"2020-12-13","purchased_purges":5,"victory":true,"max_hp_per_floor":[71,71,71,71,71,71,71,71,71,71,71,71,71,71,71,71,71,71,71,71,71,71,71,71,71,71,71,71,71,71,71,71,71,71,71,71,71,71,71,71,81,81,81,81,81,81,81,81,81,81,81,81,81,81,81,81],"card_choices":[{"not_picked":["Compile Driver","Rip and Tear"],"picked":"Sweeping Beam","floor":1.0},{"not_picked":["Cold Snap","Turbo"],"picked":"Rebound","floor":2.0},{"not_picked":["Tempest","Streamline"],"picked":"Skim","floor":4.0},{"not_picked":["Sweeping Beam","Redo"],"picked":"Core Surge","floor":5.0},{"not_picked":["Reinforced Body","Go for the Eyes"],"picked":"Hologram","floor":7.0},{"not_picked":["Capacitor","Streamline"],"picked":"Turbo","floor":10.0},{"not_picked":["Cold Snap","Chaos","Aggregate"],"picked":"SKIP","floor":12.0},{"not_picked":["Conserve Battery","Sweeping Beam"],"picked":"Reinforced Body","floor":14.0},{"not_picked":["Buffer","Multi-Cast","Hyperbeam"],"picked":"Seek","floor":16.0},{"not_picked":["Leap+1","Steam","Consume","Redo+1"],"picked":"SKIP","floor":18.0},{"not_picked":["Scrape+1","Coolheaded","Barrage"],"picked":"Beam Cell","floor":23.0},{"not_picked":["Turbo","Auto Shields+1","Force Field","Capacitor"],"picked":"SKIP","floor":24.0},{"not_picked":["Compile Driver","Cold Snap","Leap+1"],"picked":"Meteor Strike","floor":27.0},{"not_picked":["Steam+1","Ball Lightning","Coolheaded","Turbo"],"picked":"SKIP","floor":30},{"not_picked":["Core Surge","Creative AI","Thunder Strike"],"picked":"Seek","floor":33},{"not_picked":["Storm","Hologram+1","Barrage","Chill"],"picked":"SKIP","floor":35},{"not_picked":["Beam Cell","Barrage+1","Leap","Cold Snap+1"],"picked":"SKIP","floor":36},{"not_picked":["Beam Cell","Barrage+1","Leap","Cold Snap+1"],"picked":"SKIP","floor":36},{"not_picked":["Sweeping Beam","Rebound","Consume","Storm"],"picked":"SKIP","floor":38},{"not_picked":["Cold Snap+1","Gash","Go for the Eyes"],"picked":"Double Energy","floor":39},{"not_picked":["Consume","Stack","Fusion","Compile Driver"],"picked":"SKIP","floor":41},{"not_picked":["Aggregate","Leap","Streamline","Conserve Battery"],"picked":"SKIP","floor":44},{"not_picked":["Coolheaded","Compile Driver","Turbo","Thunder Strike"],"picked":"SKIP","floor":45},{"not_picked":["Machine Learning","Ball Lightning","Redo+1","All For One"],"picked":"SKIP","floor":46},{"not_picked":["Rebound","Gash","Loop","Blizzard"],"picked":"SKIP","floor":55}],"player_experience":1195849,"relics_obtained":[{"floor":7.0,"key":"Ornamental Fan"},{"floor":9.0,"key":"Calipers"},{"floor":10.0,"key":"Old Coin"},{"floor":12.0,"key":"Omamori"},{"floor":14.0,"key":"Question Card"},{"floor":23.0,"key":"Pantograph"},{"floor":26.0,"key":"Smiling Mask"},{"floor":27.0,"key":"Bottled Lightning"},{"floor":41,"key":"Pear"},{"floor":44,"key":"HornCleat"},{"floor":46,"key":"Bag of Preparation"},{"floor":47,"key":"Thread and Needle"},{"floor":55,"key":"InkBottle"}],"event_choices":[{"damage_healed":0.0,"max_hp_gain":0.0,"max_hp_loss":0.0,"gold_gain":0.0,"cards_transformed":["Strike_B"],"event_name":"Living Wall","player_choice":"Change","floor":3.0,"gold_loss":0.0,"damage_taken":0.0,"cards_obtained":["Seek"]},{"cards_removed":["Rebound"],"damage_healed":0.0,"max_hp_gain":0.0,"max_hp_loss":0.0,"gold_gain":0.0,"event_name":"WeMeetAgain","player_choice":"Gave Card","floor":11.0,"gold_loss":0.0,"damage_taken":0.0,"relics_obtained":["Nunchaku"]},{"damage_healed":0.0,"max_hp_gain":0.0,"max_hp_loss":0.0,"gold_gain":0.0,"event_name":"Vampires","player_choice":"Ignored","floor":20.0,"gold_loss":0.0,"damage_taken":0.0},{"cards_removed":["Zap"],"damage_healed":0.0,"max_hp_gain":0.0,"max_hp_loss":0.0,"gold_gain":0.0,"event_name":"Beggar","player_choice":"Gave Gold","floor":21.0,"gold_loss":75.0,"damage_taken":0.0},{"damage_healed":0.0,"max_hp_gain":0.0,"max_hp_loss":0.0,"gold_gain":0.0,"event_name":"Duplicator","player_choice":"Copied","floor":22.0,"gold_loss":0.0,"damage_taken":0.0,"cards_obtained":["Seek"]},{"damage_healed":0,"gold_gain":0,"player_choice":"Ignored","damage_taken":0,"max_hp_gain":0,"max_hp_loss":0,"event_name":"Tomb of Lord Red Mask","floor":37,"gold_loss":0},{"damage_healed":0,"gold_gain":0,"player_choice":"Fight","damage_taken":0,"max_hp_gain":0,"max_hp_loss":0,"event_name":"Mysterious Sphere","floor":47,"gold_loss":0},{"cards_removed":["Defend_B"],"damage_healed":0,"gold_gain":0,"player_choice":"Purged","damage_taken":0,"max_hp_gain":0,"max_hp_loss":0,"event_name":"Purifier","floor":48,"gold_loss":0}],"is_beta":false,"boss_relics":[{"not_picked":["SlaversCollar","Fusion Hammer"],"picked":"Astrolabe"},{"not_picked":["Philosopher\u0027s Stone","Runic Dome"],"picked":"Nuclear Battery"}],"items_purged_floors":[13,19,29,31,54],"is_endless":false,"potions_floor_spawned":[2,10,14,24,35,36,44,45,47],"ascension_level":20}}