{"host":"dw8189mw8rzr4e13","time":1608223713,"event":{"mods":["Act Like it!","BaseMod","Better Vampires","Colored Powertips","Downfall","Minty Spire (QoL Compilation)","Rare Cards Sparkle","StSLib"],"gold_per_floor":[99,134,284,284,296,296,296,315,315,346,346,18,29,29,45,149,149,149,184,203,213,224,250,276,294,309,194,212,176,192,207,224,329,329,329,15,50,50,61,61,61,61,86,86,98,111,124,7,17,17],"floor_reached":51,"playtime":3342,"items_purged":["Slimebound:Icky","champ:ViciousMockery","champ:AdrenalArmor","champ:ShieldSlam"],"score":1161,"play_id":"f4db641d-89d3-419b-ac8d-3c0aacde4c64","local_time":"20201218004833","is_ascension_mode":false,"campfire_choices":[{"data":"champ:Taunt","floor":1.0,"key":"SMITH"},{"data":"champ:Execute","floor":4.0,"key":"SMITH"},{"data":"champ:Backstep","floor":6.0,"key":"SMITH"},{"data":"champ:TornadoPunch","floor":9.0,"key":"SMITH"},{"data":"champ:HoldFirm","floor":18.0,"key":"SMITH"},{"data":"champ:HoldFirm","floor":35,"key":"SMITH"},{"data":"champ:HoldFirm","floor":38,"key":"SMITH"},{"data":"champ:SteelEdge","floor":42,"key":"SMITH"},{"floor":44,"key":"RECALL"}],"circlet_count":0,"master_deck":["champ:Execute+1","champ:Taunt+1","champ:ShieldThrow","champ:Backstep+1","champ:TornadoPunch+1","champ:ShieldThrow","PanicButton","champ:SteelEdge+1","champ:DefensiveStyle+1","champ:HoldFirm+1","champ:PreciseThrust","champ:FalseCounter","champ:BringItOn","champ:ArenaPreparation","champ:FocusedDefense","champ:HoldFirm+1","expansioncontent:Collect","champ:DefensiveShout+1","champ:Improvising","champ:HoldFirm+1","champ:FalseCounter+1","champ:DeathBlow+1","champ:Circumvent+1"],"relics":["champ:ChampionCrown","Singing Bowl","Mummified Hand","Vajra","Bronze Scales","champ:LiftRelic","Pandora\u0027s Box","InkBottle","Question Card","Bag of Marbles","Medical Kit","Snecko Eye","StrikeDummy","The Courier","Ancient Tea Set"],"acts_visited":["Exordium","TheCity","TheBeyond"],"potions_floor_usage":[],"damage_taken":[{"damage":44.0,"enemies":"3 Sentries","floor":2.0,"turns":11.0},{"damage":0.0,"enemies":"2 Louse","floor":5.0,"turns":2.0},{"damage":5.0,"enemies":"Cultist","floor":8.0,"turns":3.0},{"damage":20.0,"enemies":"Gremlin Nob","floor":10.0,"turns":4.0},{"damage":10.0,"enemies":"downfall:FleeingMerchant","floor":12.0,"turns":4.0},{"damage":0.0,"enemies":"Small Slimes","floor":13.0,"turns":1.0},{"damage":5.0,"enemies":"Exordium Thugs","floor":15.0,"turns":3.0},{"damage":41.0,"enemies":"downfall:Ironclad","floor":16.0,"turns":7.0},{"damage":22.0,"enemies":"Slavers","floor":19.0,"turns":6.0},{"damage":7.0,"enemies":"3 Byrds","floor":20.0,"turns":3.0},{"damage":5.0,"enemies":"Spheric Guardian","floor":21.0,"turns":3.0},{"damage":10.0,"enemies":"Centurion and Healer","floor":22.0,"turns":8.0},{"damage":22.0,"enemies":"Gremlin Leader","floor":23.0,"turns":7.0},{"damage":15.0,"enemies":"Sentry and Sphere","floor":25.0,"turns":5.0},{"damage":5.0,"enemies":"Shelled Parasite and Fungi","floor":26.0,"turns":3.0},{"damage":10.0,"enemies":"downfall:FleeingMerchant","floor":27.0,"turns":4.0},{"damage":7.0,"enemies":"Centurion and Healer","floor":28.0,"turns":4.0},{"damage":5.0,"enemies":"downfall:FleeingMerchant","floor":29.0,"turns":4.0},{"damage":4.0,"enemies":"Snake Plant","floor":30.0,"turns":3.0},{"damage":5.0,"enemies":"Cultist and Chosen","floor":31.0,"turns":4.0},{"damage":5,"enemies":"Snecko","floor":32,"turns":4},{"damage":40,"enemies":"downfall:Silent","floor":33,"turns":8},{"damage":10,"enemies":"Giant Head","floor":37,"turns":6},{"damage":0,"enemies":"Orb Walker","floor":39,"turns":2},{"damage":5,"enemies":"Reptomancer","floor":43,"turns":5},{"damage":21,"enemies":"3 Shapes","floor":45,"turns":4},{"damage":25,"enemies":"Jaw Worm Horde","floor":46,"turns":3},{"damage":5,"enemies":"Spire Growth","floor":47,"turns":3},{"damage":30,"enemies":"3 Darklings","floor":49,"turns":3},{"damage":0,"enemies":"downfall:Watcher","floor":50,"turns":5}],"seed_played":"-7912787060965911700","potions_obtained":[{"floor":5.0,"key":"EntropicBrew"},{"floor":10.0,"key":"Explosive Potion"},{"floor":21.0,"key":"Block Potion"},{"floor":32,"key":"Guardian:BlockOnCardUsePotion"},{"floor":45,"key":"FairyPotion"}],"is_trial":false,"path_per_floor":["R","E","?","R","M","R","T","M","R","E","?","$","M","?","M","B",null,"R","E","M","M","M","E","T","M","M","$","M","$","M","M","M","B",null,"R","$","E","R","M","?","T","R","E","R","M","M","M","$","M","B",null],"character_chosen":"THE_CHAMP","items_purchased":["PanicButton","Bronze Scales","expansioncontent:Collect","Medical Kit","champ:HoldFirm","Ancient Tea Set"],"campfire_rested":0,"item_purchase_floors":[12,12,29,29,36,48],"current_hp_per_floor":[99,75,75,75,75,75,75,75,75,60,60,62,64,64,66,30,105,105,97,97,99,101,101,101,103,105,107,109,109,105,107,107,83,121,121,121,123,123,123,115,115,115,117,117,101,101,103,103,105,105],"gold":17,"neow_bonus":"TEN_PERCENT_HP_BONUS","is_daily":false,"chose_seed":false,"campfire_upgraded":8,"win_rate":0.0,"timestamp":1608223713,"path_taken":["R","E","?","R","M","R","T","M","R","E","?","$","M","?","M","BOSS","R","E","M","M","M","E","T","M","M","$","M","$","M","M","M","BOSS","R","$","E","R","M","?","T","R","E","R","M","M","M","$","M","BOSS"],"items_purchased_type":["Card","Relic","Card","Relic","Card","Relic"],"build_version":"2020-12-13","purchased_purges":4,"victory":true,"max_hp_per_floor":[99,99,99,99,99,99,99,99,99,99,99,101,103,103,105,105,105,105,107,107,109,111,111,111,113,115,117,119,119,119,121,121,121,121,121,121,123,123,123,123,123,123,125,125,125,125,127,127,129,129],"card_choices":[{"not_picked":["champ:AdrenalArmor","champ:DefensiveShout"],"picked":"champ:ShieldThrow","floor":2.0},{"not_picked":["champ:FocusedBerserking","champ:FanOfKnives"],"picked":"champ:Backstep","floor":5.0},{"not_picked":["champ:RapidStrikes","champ:Shatter"],"picked":"champ:TornadoPunch","floor":8.0},{"not_picked":["champ:BerserkerStyle","champ:BringItOn"],"picked":"champ:ShieldThrow","floor":10.0},{"not_picked":["champ:StrikeOfGenius","champ:AdrenalArmor","champ:TornadoPunch"],"picked":"Singing Bowl","floor":12.0},{"not_picked":["champ:FanOfKnives","champ:ArenaPreparation","champ:CrookedStrike"],"picked":"Singing Bowl","floor":13.0},{"not_picked":["champ:CrookedStrike","champ:FanOfKnives","champ:Lariat"],"picked":"Singing Bowl","floor":15.0},{"not_picked":["champ:LastStand","champ:Improvising"],"picked":"champ:SteelEdge","floor":16.0},{"not_picked":["champ:BladeFlurry","champ:Haymaker","champ:Circumvent"],"picked":"Singing Bowl","floor":19.0},{"not_picked":["champ:FanOfKnives+1","champ:AdrenalArmor"],"picked":"champ:FocusedDefense","floor":20.0},{"not_picked":["champ:EnGarde","champ:FlashCut","champ:GutPunch"],"picked":"Singing Bowl","floor":21.0},{"not_picked":["champ:BerserkersShout+1","champ:FightOn","champ:BladeFlurry"],"picked":"Singing Bowl","floor":22.0},{"not_picked":["champ:CalledShot","champ:BringItOn"],"picked":"champ:HoldFirm","floor":23.0},{"not_picked":["champ:Haymaker","champ:Encircle","champ:FlashCut","champ:Backstep"],"picked":"Singing Bowl","floor":25.0},{"not_picked":["champ:CrookedStrike+1","champ:BladeFlurry","champ:DefensiveShout","champ:FlashCut"],"picked":"Singing Bowl","floor":26.0},{"not_picked":["champ:RapidStrikes","champ:Shatter","champ:FaceSlap","champ:Haymaker"],"picked":"Singing Bowl","floor":27.0},{"not_picked":["champ:GladiatorsShout","champ:CrookedStrike+1","champ:Haymaker","champ:Duel+1"],"picked":"Singing Bowl","floor":28.0},{"not_picked":["champ:BladeFlurry","champ:Encircle","champ:FocusedGladiator"],"picked":"champ:ShieldSlam","floor":29.0},{"not_picked":["champ:BringItOn","champ:FightOn","champ:Backstep"],"picked":"champ:Riposte","floor":30.0},{"not_picked":["champ:Circumvent","champ:FlashCut","champ:GladiatorStyle+1","champ:Duel"],"picked":"Singing Bowl","floor":31},{"not_picked":["champ:FlashCut","champ:BringItOn+1","champ:ShieldWall+1"],"picked":"champ:DefensiveShout+1","floor":32},{"not_picked":["champ:CheapShot","champ:VampiricStrike","champ:PerfectForm"],"picked":"champ:Improvising","floor":33},{"not_picked":["champ:Encircle","champ:PerfectedStrike+1","champ:BerserkerStyle","champ:TornadoPunch+1"],"picked":"Singing Bowl","floor":37},{"not_picked":["champ:EndlessRage+1","champ:FanOfKnives","champ:Duel"],"picked":"champ:FalseCounter+1","floor":39},{"not_picked":["champ:StrikeOfGenius","champ:StanceDance+1","champ:Shatter+1","champ:FocusedDefense+1"],"picked":"Singing Bowl","floor":43},{"not_picked":["champ:GladiatorsShout+1","champ:PerfectedStrike+1","champ:FlashCut"],"picked":"champ:DeathBlow+1","floor":45},{"not_picked":["champ:FocusedDefense+1","champ:IronFortress","champ:StanceDance+1"],"picked":"champ:Circumvent+1","floor":46},{"not_picked":["champ:FanOfKnives","champ:Haymaker","champ:RapidStrikes+1","champ:StanceDance+1"],"picked":"Singing Bowl","floor":47},{"not_picked":["champ:CrookedStrike","champ:DefensiveShout+1","champ:FanOfKnives+1","champ:Shatter+1"],"picked":"Singing Bowl","floor":49}],"player_experience":641693,"relics_obtained":[{"floor":2.0,"key":"Singing Bowl"},{"floor":7.0,"key":"Mummified Hand"},{"floor":10.0,"key":"Vajra"},{"floor":19.0,"key":"InkBottle"},{"floor":23.0,"key":"Question Card"},{"floor":24.0,"key":"Bag of Marbles"},{"floor":37,"key":"StrikeDummy"},{"floor":43,"key":"The Courier"}],"event_choices":[],"is_beta":false,"boss_relics":[{"not_picked":["Ectoplasm","champ:ChampionCrownUpgraded"],"picked":"Pandora\u0027s Box"},{"not_picked":["Runic Pyramid","SlaversCollar"],"picked":"Snecko Eye"}],"items_purged_floors":[12,27,29,36],"is_endless":false,"potions_floor_spawned":[5,10,13,21,22,25,28,30,32,39,45,46],"ascension_level":0}}