{"host":"br1k745010e75u9o","time":1608240486,"event":{"mods":["BaseMod","CCEM","Conspire","Downfall","Friendly Minions","Hermit","Hubris","Infinite Spire","Mari Mod (Legacy)","Mari\u0027s V1 Patch","Minty Spire (QoL Compilation)","Rare Cards Sparkle","Replay The Spire","StSLib","The Cursed","Yohane!"],"gold_per_floor":[114,132,143,143,160,188,188,188,236,266,266,282,557,260,260,365,365,385,26,37,54,54,54,69,86,161,181,6,23,23,49,49,165,165,193,193,193,215,12,12,43,75,129,166,166,194,194,81,81,93,93],"floor_reached":50,"playtime":3305,"items_purged":["TheCursedMod:Strike_TheCursed","TheCursedMod:Defend_TheCursed","TheCursedMod:Defend_TheCursed"],"score":626,"play_id":"19b939d7-437c-4235-b9c3-cbe281f3fa3e","local_time":"20201217212806","is_ascension_mode":false,"campfire_choices":[{"floor":7,"key":"REST"},{"data":"TheCursedMod:LuckyCharm","floor":11,"key":"SMITH"},{"floor":15,"key":"REST"},{"data":"TheCursedMod:HellfireBreathing","floor":23,"key":"SMITH"},{"floor":30,"key":"REST"},{"floor":32,"key":"REST"},{"floor":40,"key":"RECALL"},{"floor":49,"key":"REST"}],"circlet_count":0,"master_deck":["TheCursedMod:Strike_TheCursed","TheCursedMod:Defend_TheCursed","TheCursedMod:Defend_TheCursed","TheCursedMod:CursedWand+1","TheCursedMod:CleanUpWorkshop","TheCursedMod:Dregs","TheCursedMod:CursedBlade","TheCursedMod:CursedShiv","TheCursedMod:CursedShiv","TheCursedMod:ReleasedKnowledge+1","TheCursedMod:LuckyCharm+1","Regret","TheCursedMod:HellfireBreathing+1","TheCursedMod:NeowsMight","TheCursedMod:FleshFromBone","TheCursedMod:CircleOfWindfury+1","TheCursedMod:WearCloak+1","TheCursedMod:BlessingInDisguise","TheCursedMod:FleshFromBone","TheCursedMod:CursedAmulet","Replay:Hysterical Blindness","hexamod:Haunted","hubris:Rewind","TheCursedMod:TroublousMinions+1","TheCursedMod:EmpowerCircles+1","TheCursedMod:CursedShiv+1","TheCursedMod:CursedAmulet+1","TheCursedMod:HellfireBreathing","TheCursedMod:CursedArmor","hubris:NaturalOne"],"relics":["TheCursedMod:BlackMagic101","CCEMRelics:FryingPan","Nunchaku","Bronze Scales","Gremlin Food","hubris:RunicObelisk","Sundial","Replay:Bandana","Sozu","Happy Flower","hubris:TenFootPole","hubris:Icosahedron"],"acts_visited":["Exordium","TheCity","TheBeyond"],"potions_floor_usage":[6,6,10,16,24,24,25,33],"damage_taken":[{"damage":0,"enemies":"2 Louse","floor":1,"turns":2},{"damage":1,"enemies":"Cultist","floor":2,"turns":3},{"damage":1,"enemies":"conspire:RoseBush","floor":3,"turns":2},{"damage":0,"enemies":"Looter","floor":5,"turns":3},{"damage":23,"enemies":"Lagavulin","floor":6,"turns":6},{"damage":2,"enemies":"3 Sentries","floor":10,"turns":5},{"damage":15,"enemies":"Exordium Thugs","floor":12,"turns":4},{"damage":48,"enemies":"Slime Boss","floor":16,"turns":12},{"damage":10,"enemies":"2 Thieves","floor":18,"turns":4},{"damage":5,"enemies":"Chosen","floor":20,"turns":5},{"damage":12,"enemies":"Centurion and Healer","floor":21,"turns":12},{"damage":10,"enemies":"Snake Plant","floor":24,"turns":4},{"damage":8,"enemies":"Shelled Parasite and Fungi","floor":25,"turns":6},{"damage":0,"enemies":"Sentry and Sphere","floor":27,"turns":7},{"damage":7,"enemies":"conspire:HollyBat","floor":29,"turns":9},{"damage":13,"enemies":"conspire:SneckoGhost","floor":31,"turns":8},{"damage":8,"enemies":"Automaton","floor":33,"turns":19},{"damage":2,"enemies":"3 Darklings","floor":35,"turns":6},{"damage":7,"enemies":"Orb Walker","floor":38,"turns":5},{"damage":24,"enemies":"Spire Growth","floor":41,"turns":8},{"damage":24,"enemies":"Jaw Worm Horde","floor":42,"turns":8},{"damage":0,"enemies":"3 Darklings","floor":44,"turns":4},{"damage":3,"enemies":"Spire Growth","floor":46,"turns":8},{"damage":65,"enemies":"Time Eater","floor":50,"turns":6}],"seed_played":"4599896146849889562","potions_obtained":[{"floor":2,"key":"SkillPotion"},{"floor":4,"key":"BlessingOfTheForge"},{"floor":4,"key":"Cursed Concoction"},{"floor":4,"key":"Toxic Potion"},{"floor":6,"key":"sneckomod:MuddlingPotion"},{"floor":18,"key":"AttackPotion"},{"floor":21,"key":"hexamod:EctoCoolerPotion"},{"floor":24,"key":"Venom Potion"},{"floor":29,"key":"SteroidPotion"}],"is_trial":false,"path_per_floor":["M","M","M","?","M","E","R","?","T","E","R","M","?","$","R","B",null,"M","$","M","M","?","R","M","M","T","M","$","M","R","E","R","B",null,"M","?","?","M","$","R","M","M","T","M","?","M","?","$","R","B"],"character_chosen":"THE_CURSED","items_purchased":["Gremlin Food","TheCursedMod:HellfireBreathing","Sundial","TheCursedMod:CursedAmulet","Happy Flower","TheCursedMod:EmpowerCircles+1","TheCursedMod:HellfireBreathing","TheCursedMod:CursedArmor"],"campfire_rested":5,"item_purchase_floors":[14,14,19,28,39,39,48,48],"current_hp_per_floor":[75,74,73,73,73,50,72,72,72,70,70,55,55,55,75,27,75,65,65,60,48,48,48,38,30,30,30,30,23,45,32,54,46,75,73,73,73,66,66,66,42,18,18,18,18,15,15,15,37,0,0],"gold":93,"neow_bonus":"TRANSFORM_CARD","is_daily":false,"chose_seed":false,"campfire_upgraded":2,"win_rate":0.0,"timestamp":1608240486,"path_taken":["M","M","M","?","?","E","R","?","T","E","R","M","?","$","R","BOSS","M","$","M","M","?","R","M","M","T","M","$","M","R","E","R","BOSS","M","?","?","M","?","R","M","M","T","M","?","?","?","$","R","BOSS"],"items_purchased_type":["Relic","Card","Relic","Card","Relic","Card","Card","Card"],"build_version":"2020-12-13","purchased_purges":3,"victory":false,"max_hp_per_floor":[75,75,75,75,75,75,75,75,75,75,75,75,75,75,75,75,75,75,75,75,75,75,75,75,75,75,75,75,75,75,75,75,75,75,75,75,75,75,75,75,75,75,75,75,75,75,75,75,75,75,75],"card_choices":[{"not_picked":["TheCursedMod:Torture","TheCursedMod:CursedMace"],"picked":"TheCursedMod:CursedShiv","floor":1},{"not_picked":["TheCursedMod:SpitefulStrike","TheCursedMod:Stigma","TheCursedMod:Stretching"],"picked":"SKIP","floor":2},{"not_picked":["TheCursedMod:CursedBoomerang","TheCursedMod:SmokeScreen"],"picked":"TheCursedMod:CursedShiv","floor":3},{"not_picked":["TheCursedMod:TacticalStrike","TheCursedMod:VitalStrike","TheCursedMod:CursedStaff"],"picked":"SKIP","floor":5},{"not_picked":["TheCursedMod:PrepareRite","TheCursedMod:RapidMovement"],"picked":"TheCursedMod:ReleasedKnowledge","floor":6},{"not_picked":["TheCursedMod:WearCloak","TheCursedMod:CircleOfAmplification"],"picked":"TheCursedMod:LuckyCharm","floor":10},{"not_picked":["TheCursedMod:Stigma","TheCursedMod:FuryStrike","TheCursedMod:SoulReap"],"picked":"SKIP","floor":12},{"not_picked":["TheCursedMod:DarkBarrier","TheCursedMod:UltimatePain"],"picked":"TheCursedMod:NeowsMight","floor":16},{"not_picked":["TheCursedMod:CursedBlade","TheCursedMod:TacticalStrike+1"],"picked":"TheCursedMod:FleshFromBone","floor":18},{"not_picked":["TheCursedMod:ManaBullet","TheCursedMod:Obscuration+1"],"picked":"TheCursedMod:CircleOfWindfury+1","floor":20},{"not_picked":["TheCursedMod:CursedMace+1","TheCursedMod:Torture+1"],"picked":"TheCursedMod:WearCloak","floor":21},{"not_picked":["TheCursedMod:Stretching+1","TheCursedMod:CircleOfFocus+1"],"picked":"TheCursedMod:BlessingInDisguise","floor":24},{"not_picked":["TheCursedMod:SmokeScreen","TheCursedMod:SpreadPlague"],"picked":"TheCursedMod:FleshFromBone","floor":25},{"not_picked":["TheCursedMod:SpreadPlague","TheCursedMod:Stigma+1","TheCursedMod:SpitefulStrike"],"picked":"SKIP","floor":27},{"not_picked":["TheCursedMod:SurpriseAttack","TheCursedMod:CircleOfAbyss","TheCursedMod:CursedStaff"],"picked":"SKIP","floor":29},{"not_picked":["TheCursedMod:TacticalStrike","TheCursedMod:Evocation","TheCursedMod:ForbiddenAlchemy"],"picked":"SKIP","floor":31},{"not_picked":["TheCursedMod:PrepareRite+1","TheCursedMod:VitalStrike+1","TheCursedMod:ReleasedKnowledge+1"],"picked":"SKIP","floor":35},{"not_picked":["hubris:Fate","ReplayTheSpireMod:??????????????????????"],"picked":"hubris:Rewind","floor":37},{"not_picked":["TheCursedMod:CircleOfFlame","TheCursedMod:SoulReap+1"],"picked":"TheCursedMod:TroublousMinions+1","floor":38},{"not_picked":["TheCursedMod:CircleOfFlame","TheCursedMod:CursedMace"],"picked":"TheCursedMod:CursedShiv","floor":41},{"not_picked":["TheCursedMod:ShockAndAwe","TheCursedMod:StingEye","TheCursedMod:CircleOfCorruption"],"picked":"SKIP","floor":42},{"not_picked":["TheCursedMod:VitalStrike+1","TheCursedMod:RavingStaff+1","TheCursedMod:ReleasedKnowledge"],"picked":"SKIP","floor":44},{"not_picked":["TheCursedMod:StunningStrike","TheCursedMod:CursedShiv+1"],"picked":"TheCursedMod:CursedAmulet+1","floor":46}],"player_experience":53055,"relics_obtained":[{"floor":6,"key":"CCEMRelics:FryingPan"},{"floor":9,"key":"Nunchaku"},{"floor":10,"key":"Bronze Scales"},{"floor":31,"key":"Replay:Bandana"},{"floor":43,"key":"hubris:TenFootPole"}],"event_choices":[{"damage_healed":0,"gold_gain":0,"player_choice":"Got Potions","damage_taken":0,"max_hp_gain":0,"max_hp_loss":0,"event_name":"Lab","floor":4,"gold_loss":0},{"damage_healed":0,"gold_gain":275,"player_choice":"Desecrate","damage_taken":0,"max_hp_gain":0,"max_hp_loss":0,"event_name":"Golden Shrine","floor":13,"gold_loss":0,"cards_obtained":["Regret"]},{"damage_healed":0,"gold_gain":0,"player_choice":"Ignored","damage_taken":0,"max_hp_gain":0,"max_hp_loss":0,"event_name":"Tomb of Lord Red Mask","floor":36,"gold_loss":0},{"cards_removed":["TheCursedMod:Strike_TheCursed"],"damage_healed":0,"gold_gain":0,"player_choice":"Removed Attack","damage_taken":0,"max_hp_gain":0,"max_hp_loss":0,"event_name":"Falling","floor":47,"gold_loss":0}],"is_beta":false,"boss_relics":[{"not_picked":["conspire:SeveredTorchhead","CCEMRelics:GreenEgg"],"picked":"hubris:RunicObelisk"},{"not_picked":["hubris:Stopwatch","Runic Pyramid"],"picked":"Sozu"}],"items_purged_floors":[14,19,28],"is_endless":false,"potions_floor_spawned":[2,6,18,21,24,29,42,44],"killed_by":"Time Eater","ascension_level":0}}