{"host":"j7sckui85i3pbddf","time":1608208713,"event":{"mods":["BaseMod","Colored Map","Downfall","Hermit","Minty Spire (QoL Compilation)","Permanent Neow","Shop Mod","StSLib","The Cursed","The Servant 0.9.4"],"gold_per_floor":[99,119,138,138,157,177,227,227,327,354,369,387,36,49,68,68,68],"floor_reached":16,"playtime":2209,"items_purged":["Slimebound:Defend_Slimebound"],"score":106,"play_id":"2d2f0100-c5d7-47f9-89b4-5c47b380dc9e","local_time":"20201217203833","is_ascension_mode":false,"campfire_choices":[{"data":"Slimebound:Split","floor":1,"key":"SMITH"},{"data":"Slimebound:SplitAcid","floor":8,"key":"SMITH"}],"circlet_count":0,"master_deck":["Slimebound:Strike_Slimebound","Slimebound:Tackle","Slimebound:Defend_Slimebound","Slimebound:Defend_Slimebound","Slimebound:Defend_Slimebound","Slimebound:Split+1","Slimebound:CorrosiveSpit","Slimebound:GoopSpray","Slimebound:PressTheAttack","Slimebound:MegaLick","Slimebound:SplitAcid+1","Slimebound:FirmFortitude","Slimebound:Schlurp","Slimebound:SlimeSpikes","Slimebound:LivingWall","Slimebound:Schlurp","Slimebound:Prepare","Slimebound:Nibble"],"relics":["Slimebound:AbsorbEndCombat","Bag of Preparation","Potion Belt","Centennial Puzzle","Pear"],"acts_visited":["Exordium"],"potions_floor_usage":[10,11,12,13,13,16,16],"damage_taken":[{"damage":10,"enemies":"Cultist","floor":2,"turns":4},{"damage":9,"enemies":"2 Louse","floor":3,"turns":2},{"damage":11,"enemies":"Small Slimes","floor":5,"turns":3},{"damage":11,"enemies":"Red Slaver","floor":6,"turns":3},{"damage":47,"enemies":"downfall:LadyInBlue","floor":9,"turns":9},{"damage":38,"enemies":"Gremlin Nob","floor":10,"turns":4},{"damage":11,"enemies":"Blue Slaver","floor":11,"turns":3},{"damage":8,"enemies":"Large Slime","floor":12,"turns":4},{"damage":12,"enemies":"downfall:FleeingMerchant","floor":13,"turns":4},{"damage":5,"enemies":"3 Louse","floor":14,"turns":2},{"damage":14,"enemies":"Large Slime","floor":15,"turns":5},{"damage":56,"enemies":"downfall:Defect","floor":16,"turns":6}],"seed_played":"8585403138940049141","potions_obtained":[{"floor":3,"key":"hexamod:EctoCoolerPotion"},{"floor":9,"key":"DuplicationPotion"},{"floor":9,"key":"SneckoOil"},{"floor":9,"key":"FearPotion"},{"floor":10,"key":"AttackPotion"},{"floor":11,"key":"CultistPotion"},{"floor":12,"key":"Slimebound:SlimyTonguePotion"},{"floor":14,"key":"Guardian:BlockOnCardUsePotion"}],"is_trial":false,"path_per_floor":["R","M","M","?","M","M","T","R","?","E","M","M","$","M","M","B"],"character_chosen":"SLIMEBOUND","items_purchased":["Pear"],"campfire_rested":0,"item_purchase_floors":[13],"current_hp_per_floor":[60,59,60,60,59,59,59,59,35,13,12,20,36,37,41,0,0],"gold":68,"neow_bonus":"REMOVE_CARD","is_daily":false,"chose_seed":false,"campfire_upgraded":2,"win_rate":0.0,"timestamp":1608208713,"path_taken":["R","M","?","?","M","M","T","R","?","E","?","M","$","M","M","BOSS"],"items_purchased_type":["Relic"],"build_version":"2020-12-13","purchased_purges":1,"victory":false,"max_hp_per_floor":[60,60,60,60,60,60,60,60,60,60,60,60,70,70,70,70,70],"card_choices":[{"not_picked":["Slimebound:FinishingTackle","Slimebound:ViciousTackle"],"picked":"Slimebound:GoopSpray","floor":2},{"not_picked":["Slimebound:GoopSpray","Slimebound:ComboTackle"],"picked":"Slimebound:PressTheAttack","floor":3},{"not_picked":["Slimebound:SpikyOuterGoop","Slimebound:LeechEnergy"],"picked":"Slimebound:MegaLick","floor":5},{"not_picked":["Slimebound:Gluttony","Slimebound:LeechingTouch"],"picked":"Slimebound:SplitAcid","floor":6},{"not_picked":["Slimebound:LeechingTouch","Slimebound:ViciousTackle"],"picked":"Slimebound:FirmFortitude","floor":9},{"not_picked":["Slimebound:DouseInSlime","Slimebound:LeechingTouch"],"picked":"Slimebound:Schlurp","floor":10},{"not_picked":["Slimebound:RollThrough","Slimebound:SlimeBrawl"],"picked":"Slimebound:SlimeSpikes","floor":11},{"not_picked":["Slimebound:SplitMire","Slimebound:SplitAcid"],"picked":"Slimebound:LivingWall","floor":12},{"not_picked":["Slimebound:LeechingTouch","Slimebound:SplitBruiser"],"picked":"Slimebound:Schlurp","floor":13},{"not_picked":["Slimebound:GoopSpray","Slimebound:LeechEnergy"],"picked":"Slimebound:Prepare","floor":14},{"not_picked":["Slimebound:TongueLash","Slimebound:FinishingTackle"],"picked":"Slimebound:Nibble","floor":15}],"player_experience":464729,"relics_obtained":[{"floor":7,"key":"Bag of Preparation"},{"floor":9,"key":"Potion Belt"},{"floor":10,"key":"Centennial Puzzle"}],"event_choices":[],"is_beta":false,"boss_relics":[],"items_purged_floors":[13],"is_endless":false,"potions_floor_spawned":[3,10,11,12,14],"killed_by":"downfall:Defect","ascension_level":0}}