{"host":"Sumable","time":1608170827,"event":{"mods":["AchievementEnabler","BaseMod","Better Note","BetterRewards","Googly Eyes","Hermit","Minty Spire (QoL Compilation)","Quick Restart","Shop Mod","StSLib","The Cursed","everything is the same but u backflip on backflip","slay the spire mod where everything is the same but ironclad has a cowboy hat"],"gold_per_floor":[218,293,0,0,0,34,47,47,47],"floor_reached":8,"playtime":353,"items_purged":[],"score":62,"play_id":"1c0740bc-4277-4ba6-bf5e-c28ecd8ee3bf","local_time":"20201216190707","is_ascension_mode":true,"campfire_choices":[],"circlet_count":0,"master_deck":["hermit:Strike_Hermit","hermit:Strike_Hermit","hermit:Strike_Hermit","hermit:Defend_Hermit","hermit:Defend_Hermit+1","hermit:Defend_Hermit+1","hermit:Defend_Hermit","hermit:Snapshot","hermit:Covet","hermit:Deadeye","hermit:BigShot","hermit:Dive","Mayhem","hermit:EyeOfTheStorm","hermit:CursedWeapon"],"relics":["hermit:Momento","War Paint"],"acts_visited":["Exordium"],"potions_floor_usage":[],"damage_taken":[{"damage":3,"enemies":"2 Louse","floor":1,"turns":3},{"damage":14,"enemies":"Lagavulin","floor":6,"turns":5},{"damage":12,"enemies":"Small Slimes","floor":7,"turns":3},{"damage":39,"enemies":"Gremlin Nob","floor":8,"turns":3}],"seed_played":"-5262046477304919546","potions_obtained":[{"floor":1,"key":"Explosive Potion"},{"floor":6,"key":"GamblersBrew"}],"is_trial":false,"path_per_floor":["M","?","$","?","$","E","M","E"],"character_chosen":"HERMIT","items_purchased":["hermit:BigShot","hermit:Dive","Mayhem"],"campfire_rested":0,"item_purchase_floors":[3,3,3],"current_hp_per_floor":[72,61,61,61,61,47,35,0,0],"gold":47,"neow_bonus":"HUNDRED_GOLD","is_daily":false,"chose_seed":false,"campfire_upgraded":0,"win_rate":0.0,"timestamp":1608170827,"path_taken":["M","?","$","?","$","E","?","E"],"items_purchased_type":["Card","Card","Card"],"build_version":"2020-12-07","purchased_purges":0,"victory":false,"max_hp_per_floor":[75,75,75,75,75,75,75,75,75],"card_choices":[{"not_picked":["hermit:BodyArmor","hermit:TrackingShot"],"picked":"hermit:Deadeye","floor":1},{"not_picked":["hermit:Ricochet","hermit:Feint"],"picked":"hermit:EyeOfTheStorm","floor":6},{"not_picked":["hermit:Headshot","hermit:Roulette"],"picked":"hermit:CursedWeapon","floor":7}],"player_experience":1004495,"relics_obtained":[{"floor":6,"key":"War Paint"}],"event_choices":[{"damage_healed":0,"gold_gain":75,"player_choice":"Gather Gold","damage_taken":11,"max_hp_gain":0,"max_hp_loss":0,"event_name":"World of Goop","floor":2,"gold_loss":0},{"cards_removed":["hermit:Strike_Hermit"],"damage_healed":0,"gold_gain":0,"player_choice":"Card Removal","damage_taken":0,"max_hp_gain":0,"max_hp_loss":0,"event_name":"Wheel of Change","floor":4,"gold_loss":0}],"is_beta":true,"boss_relics":[],"items_purged_floors":[],"is_endless":false,"potions_floor_spawned":[1,6],"killed_by":"Gremlin Nob","ascension_level":3}}