{"host":"sav7uxregyirlf69","time":1608206119,"event":{"mods":["AchievementEnabler","BaseMod","Colored Map","DeckTracker","Keyboard Shortcuts","Minty Spire (QoL Compilation)","READ ME - Guardian Mod","StSLib","SuperFastMode"],"gold_per_floor":[213,173,183,55,65,65,65,91,103,132,144,182,194,206,218,230,230],"floor_reached":16,"playtime":267,"items_purged":["Strike_G"],"score":216,"play_id":"17496abd-ecf5-48e2-a9a3-e6322cbe1321","local_time":"20201217205519","is_ascension_mode":true,"campfire_choices":[{"data":"Prepared","floor":6,"key":"SMITH"},{"floor":13,"key":"REST"},{"data":"Underhanded Strike","floor":15,"key":"SMITH"}],"circlet_count":0,"master_deck":["AscendersBane","Strike_G","Strike_G","Strike_G","Defend_G","Defend_G","Defend_G","Defend_G","Defend_G","Survivor","Neutralize","Dash+1","Underhanded Strike+1","Prepared+1","Dagger Throw","Masterful Stab","Endless Agony+1"],"relics":["Ring of the Snake","MawBank","Molten Egg 2","Nunchaku","Golden Idol"],"acts_visited":["Exordium"],"potions_floor_usage":[2,8,8,12,16],"damage_taken":[{"damage":7,"enemies":"Jaw Worm","floor":1,"turns":5},{"damage":1,"enemies":"Cultist","floor":3,"turns":4},{"damage":2,"enemies":"2 Louse","floor":5,"turns":3},{"damage":32,"enemies":"Lagavulin","floor":8,"turns":6},{"damage":0,"enemies":"2 Fungi Beasts","floor":10,"turns":2},{"damage":3,"enemies":"Gremlin Nob","floor":12,"turns":3},{"damage":47,"enemies":"Slime Boss","floor":16,"turns":9}],"seed_played":"7300665262047513358","potions_obtained":[{"floor":1,"key":"FearPotion"},{"floor":2,"key":"Fruit Juice"},{"floor":2,"key":"CunningPotion"},{"floor":8,"key":"SteroidPotion"},{"floor":10,"key":"DuplicationPotion"}],"is_trial":false,"path_per_floor":["M","?","M","$","M","R","?","E","T","M","?","E","R","?","R","B"],"character_chosen":"THE_SILENT","items_purchased":["Prepared"],"campfire_rested":1,"item_purchase_floors":[4],"current_hp_per_floor":[52,57,56,56,54,54,54,22,22,22,22,19,40,40,40,0,0],"gold":230,"neow_bonus":"HUNDRED_GOLD","is_daily":false,"chose_seed":false,"campfire_upgraded":2,"win_rate":0.0,"timestamp":1608206119,"path_taken":["M","?","M","$","?","R","?","E","T","?","?","E","R","?","R","BOSS"],"items_purchased_type":["Card"],"build_version":"2020-12-13","purchased_purges":1,"victory":false,"max_hp_per_floor":[66,71,71,71,71,71,71,71,71,71,71,71,71,64,64,64,64],"card_choices":[{"not_picked":["Leg Sweep","Dagger Throw"],"picked":"Dash","floor":1},{"not_picked":["Cloak And Dagger","Leg Sweep"],"picked":"Underhanded Strike","floor":3},{"not_picked":["Escape Plan","Crippling Poison"],"picked":"Dagger Throw","floor":5},{"not_picked":["Bouncing Flask","Caltrops"],"picked":"Masterful Stab","floor":8},{"not_picked":["All Out Attack+1","Sucker Punch+1"],"picked":"Endless Agony+1","floor":10},{"not_picked":["Flying Knee+1","Deadly Poison","Storm of Steel"],"picked":"SKIP","floor":12}],"player_experience":942648,"relics_obtained":[{"floor":8,"key":"MawBank"},{"floor":9,"key":"Molten Egg 2"},{"floor":12,"key":"Nunchaku"}],"event_choices":[{"damage_healed":0,"gold_gain":0,"player_choice":"Bought 3 Potions","damage_taken":0,"max_hp_gain":0,"max_hp_loss":0,"event_name":"The Woman in Blue","floor":2,"gold_loss":0},{"damage_healed":0,"gold_gain":0,"player_choice":"Forge","damage_taken":0,"max_hp_gain":0,"max_hp_loss":0,"event_name":"Accursed Blacksmith","floor":7,"gold_loss":0,"cards_upgraded":["Dash"]},{"cards_removed":["Strike_G"],"damage_healed":0,"gold_gain":0,"player_choice":"Forget","damage_taken":0,"max_hp_gain":0,"max_hp_loss":0,"event_name":"Living Wall","floor":11,"gold_loss":0},{"damage_healed":0,"gold_gain":0,"player_choice":"Lose Max HP","damage_taken":0,"relics_obtained":["Golden Idol"],"max_hp_gain":0,"max_hp_loss":7,"event_name":"Golden Idol","floor":14,"gold_loss":0}],"is_beta":false,"boss_relics":[],"items_purged_floors":[4],"is_endless":false,"potions_floor_spawned":[1,3,8,10],"killed_by":"Slime Boss","ascension_level":20}}