{"host":"g1wmg2w41xhsnw8g","time":1608175478,"event":{"mods":["2.2 Compatiblity","Act Like it!","Bard","BaseMod","Better Altar","Better Match","Better Note","Better Sensory Stone","Better Skull","Better Third Choice","BetterRewards","Booster Modes","CapriCore","Colored Map","Colored Powertips","Curses Come First","Defuse TimeMaze Blight","Displayed Cursed Tome","Friendly Minions","GifTheSpireLib","Googly Eyes","Infinite Spire","Minty Spire (QoL Compilation)","Red Circlet Mod","Relic Sorter","SCP261 Mod","Shop Mod","Spicy Shops","StSLib","The Poker Player","The Sage","Transform Curses","????"],"gold_per_floor":[117,117,117,135,154,187,206,206,206,240,254,281,231,251,251,352,352,368,368,368,368,379,409,409,441,487,507,541,541,541],"floor_reached":29,"playtime":2530,"items_purged":[],"score":378,"play_id":"6c636f7c-fbc0-42b0-a4fa-ae3ec0528a1e","local_time":"20201216222438","daily_mods":["SealedDeck","Specialized","Heirloom","Elite Swarm"],"is_ascension_mode":true,"campfire_choices":[{"data":"PokerPlayerMod:CardPrinter","floor":8,"key":"SMITH"},{"data":"PokerPlayerMod:CardPrinter+1","floor":15,"key":"SMITH"},{"data":"bard:Wish","floor":24,"key":"SMITH"}],"circlet_count":0,"master_deck":["bard:PrismaticSpray","bard:PrismaticSpray","bard:PrismaticSpray","bard:Encore","bard:LifeDrain","bard:FalseLife","bard:GreaterMagicWeapon","bard:Parry","bard:QuickSong","bard:TinyHut","bard:BucklerBash","PokerPlayerMod:JackOfSpades","PokerPlayerMod:CardPrinter+2","bard:HarmoniousVoice","PokerPlayerMod:Club2","PokerPlayerMod:Club3","PokerPlayerMod:Club4","PokerPlayerMod:Club5","PokerPlayerMod:Club6","bard:Thunderwave","bard:SixFourTime","bard:InspiringSong","bard:Riposte+1","bard:CuttingWords","bard:Focused","bard:BottledSong","bard:FeastOnFear+1","PokerPlayerMod:WildCard","PokerPlayerMod:HeartStrike","bard:Rhapsody","bard:GlyphOfWarding","bard:TinyHut+1","PokerPlayerMod:Sharpen"],"relics":["bard:PitchPipe","bard:BagPipes","Gambling Chip","infinitespire:Lucky Rock","Orichalcum","Kunai","Pocketwatch","Black Star","Prayer Wheel","Ice Cream","CeramicFish","Bottled Lightning","Bag of Preparation"],"acts_visited":["Exordium","TheCity"],"potions_floor_usage":[5,6,10,14,16,18,18,18,27,29],"damage_taken":[{"damage":8,"enemies":"Jaw Worm","floor":1,"turns":3},{"damage":0,"enemies":"Small Slimes","floor":4,"turns":1},{"damage":0,"enemies":"Cultist","floor":5,"turns":4},{"damage":0,"enemies":"Lagavulin","floor":6,"turns":7},{"damage":0,"enemies":"3 Louse","floor":7,"turns":2},{"damage":0,"enemies":"Gremlin Nob","floor":10,"turns":4},{"damage":0,"enemies":"Blue Slaver","floor":11,"turns":5},{"damage":0,"enemies":"Lagavulin","floor":12,"turns":6},{"damage":3,"enemies":"Looter","floor":14,"turns":3},{"damage":18,"enemies":"The Guardian","floor":16,"turns":10},{"damage":6,"enemies":"2 Thieves","floor":18,"turns":5},{"damage":2,"enemies":"Shell Parasite","floor":22,"turns":6},{"damage":16,"enemies":"Nightmare","floor":23,"turns":10},{"damage":25,"enemies":"Gremlin Leader","floor":25,"turns":8},{"damage":11,"enemies":"3 Cultists","floor":27,"turns":4},{"damage":17,"enemies":"Snake Plant","floor":28,"turns":6},{"damage":3,"enemies":"Cultist and Chosen","floor":29,"turns":3}],"seed_played":"6753061470327665258","potions_obtained":[{"floor":1,"key":"Fruit Juice"},{"floor":4,"key":"ColorlessPotion"},{"floor":7,"key":"EssenceOfSteel"},{"floor":10,"key":"SkillPotion"},{"floor":11,"key":"SteroidPotion"},{"floor":16,"key":"Energy Potion"},{"floor":22,"key":"Weak Potion"},{"floor":28,"key":"LiquidBronze"}],"is_trial":true,"path_per_floor":["M","?","?","M","M","E","M","R","T","E","M","E","?","M","R","B",null,"M","?","?","?","M","NM","R","E","T","M","M","M"],"character_chosen":"BARD","items_purchased":[],"campfire_rested":0,"item_purchase_floors":[],"current_hp_per_floor":[62,62,62,62,67,67,67,67,67,67,69,69,69,66,66,57,75,69,69,62,62,63,50,50,28,28,20,3,0,0],"gold":541,"neow_bonus":"","is_daily":false,"chose_seed":false,"campfire_upgraded":3,"win_rate":0.0,"timestamp":1608175478,"path_taken":["M","?","?","M","M","E","M","R","T","E","?","E","?","M","R","BOSS","M","?","?","?","M","NM","R","E","T","M","M","?"],"items_purchased_type":[],"build_version":"2020-12-13","purchased_purges":0,"victory":false,"max_hp_per_floor":[70,70,70,70,75,75,75,75,75,75,75,75,75,75,75,75,75,75,75,75,75,75,75,75,75,75,75,75,75,75],"card_choices":[{"not_picked":["bard:EchoEcho","bard:Gamble"],"picked":"bard:HarmoniousVoice","floor":1},{"not_picked":["bard:QuickSong","PokerPlayerMod:ClubDance"],"picked":"bard:Thunderwave","floor":4},{"not_picked":["bard:BucklerBash","PokerPlayerMod:Raise"],"picked":"bard:SixFourTime","floor":5},{"not_picked":["bard:Improv","bard:PowerWordStun","bard:Invisibility"],"picked":"SKIP","floor":6},{"not_picked":["PokerPlayerMod:MagicTrick","PokerPlayerMod:SpadeStrike"],"picked":"bard:InspiringSong","floor":7},{"not_picked":["PokerPlayerMod:SecretDealer","PokerPlayerMod:ChangeRules"],"picked":"bard:Wish","floor":10},{"not_picked":["bard:Rest","bard:Gamble"],"picked":"bard:CuttingWords","floor":11},{"not_picked":["bard:Haste","PokerPlayerMod:FakeSymbols"],"picked":"bard:Focused","floor":12},{"not_picked":["PokerPlayerMod:CardBurn","bard:LocateObject","bard:HideousLaughter"],"picked":"SKIP","floor":14},{"not_picked":["bard:MnemonicVestments","bard:DeathMetal"],"picked":"bard:BottledSong","floor":16},{"not_picked":["PokerPlayerMod:Raise+1","bard:Parry"],"picked":"bard:FeastOnFear+1","floor":18},{"not_picked":["bard:BucklerBash","bard:MantleOfInspiration","PokerPlayerMod:Configure"],"picked":"SKIP","floor":22},{"not_picked":["bard:Shifting","PokerPlayerMod:Duplicate"],"picked":"bard:Rhapsody","floor":23},{"not_picked":["PokerPlayerMod:TheDieIsCast","bard:MnemonicVestments","bard:DeathMetal"],"picked":"SKIP","floor":25},{"not_picked":["bard:Gamble","bard:Doot"],"picked":"bard:GlyphOfWarding","floor":27},{"not_picked":["PokerPlayerMod:Fold","bard:InspiringSong","PokerPlayerMod:PoorCopy"],"picked":"SKIP","floor":27},{"not_picked":["bard:GuardPoint","PokerPlayerMod:MagicTrick"],"picked":"bard:TinyHut+1","floor":28},{"not_picked":["bard:PrismaticSpray+1","PokerPlayerMod:HeartStrike"],"picked":"PokerPlayerMod:Sharpen","floor":28}],"player_experience":1051394,"relics_obtained":[{"floor":6,"key":"infinitespire:Lucky Rock"},{"floor":9,"key":"Orichalcum"},{"floor":10,"key":"Kunai"},{"floor":12,"key":"Pocketwatch"},{"floor":23,"key":"Prayer Wheel"},{"floor":23,"key":"Ice Cream"},{"floor":25,"key":"CeramicFish"},{"floor":25,"key":"Bottled Lightning"},{"floor":26,"key":"Bag of Preparation"}],"event_choices":[{"damage_healed":0,"gold_gain":0,"player_choice":"Jackpot","damage_taken":0,"max_hp_gain":0,"max_hp_loss":0,"event_name":"PokerPlayerMod:ExordiumClub","floor":2,"gold_loss":0,"cards_obtained":["PokerPlayerMod:Club2","PokerPlayerMod:Club3","PokerPlayerMod:Club4","PokerPlayerMod:Club5","PokerPlayerMod:Club6"]},{"damage_healed":0,"gold_gain":0,"player_choice":"Jackpot","damage_taken":0,"max_hp_gain":0,"max_hp_loss":0,"event_name":"PokerPlayerMod:ExordiumClub","floor":2,"gold_loss":0,"cards_obtained":["PokerPlayerMod:Club2","PokerPlayerMod:Club3","PokerPlayerMod:Club4","PokerPlayerMod:Club5","PokerPlayerMod:Club6"]},{"damage_healed":0,"gold_gain":0,"player_choice":"Jackpot","damage_taken":0,"max_hp_gain":0,"max_hp_loss":0,"event_name":"PokerPlayerMod:ExordiumClub","floor":2,"gold_loss":0,"cards_obtained":["PokerPlayerMod:Club2","PokerPlayerMod:Club3","PokerPlayerMod:Club4","PokerPlayerMod:Club5","PokerPlayerMod:Club6"]},{"damage_healed":0,"gold_gain":0,"player_choice":"Jackpot","damage_taken":0,"max_hp_gain":0,"max_hp_loss":0,"event_name":"PokerPlayerMod:ExordiumClub","floor":2,"gold_loss":0,"cards_obtained":["PokerPlayerMod:Club2","PokerPlayerMod:Club3","PokerPlayerMod:Club4","PokerPlayerMod:Club5","PokerPlayerMod:Club6"]},{"damage_healed":0,"gold_gain":0,"player_choice":"Jackpot","damage_taken":0,"max_hp_gain":0,"max_hp_loss":0,"event_name":"PokerPlayerMod:ExordiumClub","floor":2,"gold_loss":0,"cards_obtained":["PokerPlayerMod:Club2","PokerPlayerMod:Club3","PokerPlayerMod:Club4","PokerPlayerMod:Club5","PokerPlayerMod:Club6"]},{"damage_healed":0,"gold_gain":0,"player_choice":"Bought 0 Potions","damage_taken":0,"max_hp_gain":0,"max_hp_loss":0,"event_name":"The Woman in Blue","floor":3,"gold_loss":0},{"cards_removed":["bard:PrismaticSpray"],"damage_healed":0,"gold_gain":0,"player_choice":"Card Removal","damage_taken":0,"max_hp_gain":0,"max_hp_loss":0,"event_name":"The Cleric","floor":13,"gold_loss":50},{"damage_healed":0,"gold_gain":0,"cards_transformed":["bard:PrismaticSpray"],"player_choice":"Transformed","damage_taken":0,"max_hp_gain":0,"max_hp_loss":0,"event_name":"Transmorgrifier","floor":19,"gold_loss":0,"cards_obtained":["PokerPlayerMod:WildCard"]},{"damage_healed":0,"gold_gain":0,"player_choice":"Damaged","damage_taken":7,"max_hp_gain":0,"max_hp_loss":0,"event_name":"Wheel of Change","floor":20,"gold_loss":0},{"cards_removed":["PokerPlayerMod:CardPrinter"],"damage_healed":0,"gold_gain":0,"player_choice":"Take \u0026 Give","damage_taken":0,"max_hp_gain":0,"max_hp_loss":0,"event_name":"betterNote:BetterNote","floor":21,"gold_loss":0,"cards_obtained":["PokerPlayerMod:HeartStrike"]}],"is_beta":false,"boss_relics":[{"not_picked":["Velvet Choker","Empty Cage"],"picked":"Black Star"}],"items_purged_floors":[],"is_endless":true,"potions_floor_spawned":[1,4,7,10,11,16,22,28],"killed_by":"Cultist and Chosen","ascension_level":1}}