{"host":"nj06ypb01n3s9mn8","time":1608178911,"event":{"mods":["2.2 Compatiblity","BaseMod","Colored Map","Downfall","Highlight Path","Marisa????????","Minty Spire (QoL Compilation)","Replay The Spire","StSLib","The Animator","The Necromancer","The Servant 0.9.4","Waifu the Spire"],"gold_per_floor":[115,95,126,301,301,301,301],"floor_reached":6,"playtime":367,"items_purged":[],"score":36,"play_id":"8f080ea4-c1a7-4153-9508-19a24ecc95ea","local_time":"20201217012151","is_ascension_mode":true,"campfire_choices":[],"circlet_count":0,"master_deck":["animator:Strike_GoblinSlayer","animator:Defend_GoblinSlayer","animator:Strike","animator:Strike","animator:Defend","animator:Defend","animator:LizardPriest","animator:DwarfShaman","animator:Mitsurugi","animator:HighElfArcher","animator:Vesta","animator:Priestess","Doubt"],"relics":["animator:LivingPicture","animator:TheMissingPiece","animator:PurgingStone"],"acts_visited":["Exordium"],"potions_floor_usage":[],"damage_taken":[{"damage":0,"enemies":"2 Louse","floor":1,"turns":2},{"damage":2,"enemies":"Cultist","floor":3,"turns":4},{"damage":32,"enemies":"Gremlin Nob","floor":6,"turns":4}],"seed_played":"4170638406183486562","potions_obtained":[{"floor":1,"key":"Strength Potion"},{"floor":2,"key":"LifebloodPotion"},{"floor":3,"key":"LifebloodPotion"}],"is_trial":false,"path_per_floor":["M","?","M","?","T","E"],"character_chosen":"THE_ANIMATOR","items_purchased":[],"campfire_rested":0,"item_purchase_floors":[],"current_hp_per_floor":[48,48,46,46,46,14,14],"gold":301,"neow_bonus":"TRANSFORM_TWO_CARDS","is_daily":false,"chose_seed":false,"campfire_upgraded":0,"win_rate":0.0,"timestamp":1608178911,"path_taken":["M","?","?","?","?","E"],"items_purchased_type":[],"build_version":"2020-11-29","purchased_purges":0,"victory":false,"max_hp_per_floor":[66,66,66,66,66,66,66],"card_choices":[{"not_picked":["animator:Illya","animator:Kazuma"],"picked":"animator:Vesta","floor":1},{"not_picked":["animator:Shion","animator:AcuraAkari"],"picked":"animator:Priestess","floor":3}],"player_experience":61978,"relics_obtained":[],"event_choices":[{"damage_healed":0,"gold_gain":0,"player_choice":"Bought 1 Potion","damage_taken":0,"max_hp_gain":0,"max_hp_loss":0,"event_name":"The Woman in Blue","floor":2,"gold_loss":0},{"damage_healed":0,"gold_gain":175,"player_choice":"AGREE","damage_taken":0,"max_hp_gain":0,"max_hp_loss":0,"event_name":"Liars Game","floor":4,"gold_loss":0,"cards_obtained":["Doubt"]}],"is_beta":false,"boss_relics":[],"items_purged_floors":[],"is_endless":false,"potions_floor_spawned":[1,3],"killed_by":"Gremlin Nob","ascension_level":1}}