{"host":"wl5kcyk3ocgwii71","time":1608190964,"event":{"mods":["AchievementEnabler","BaseMod","Better Altar","Better Match","Better Note","Better Sensory Stone","Better Skull","Better Third Choice","Colored Powertips","Downfall","Hermit","Minty Spire (QoL Compilation)","Quick Restart","Replay The Spire","StSLib","The Servant 0.9.4"],"gold_per_floor":[119,138,153,166,176,207,218,218,242,242,282,282,303,334,334,348,348],"floor_reached":16,"playtime":684,"items_purged":[],"score":151,"play_id":"0a1478e7-1b3a-4e22-bb49-cc33963cac94","local_time":"20201216234244","is_ascension_mode":true,"campfire_choices":[{"data":"Bullet Time","floor":8,"key":"SMITH"},{"floor":12,"key":"REST"},{"data":"Night Terror","floor":15,"key":"SMITH"}],"circlet_count":0,"master_deck":["Strike_G","Strike_G","Strike_G","Strike_G","Strike_G","Defend_G","Defend_G","Defend_G","Defend_G","Defend_G","Survivor","Neutralize","Bullet Time+1","Draining Mist","PiercingWail","Dodge and Roll","Poisoned Stab","Night Terror+1","Dagger Spray"],"relics":["Ring of the Snake","Toy Ornithopter","Replay:Bandana","Omamori","Pet Ghost"],"acts_visited":["Exordium"],"potions_floor_usage":[6,6,11,16],"damage_taken":[{"damage":0.0,"enemies":"Small Slimes","floor":1.0,"turns":4.0},{"damage":0.0,"enemies":"Cultist","floor":2.0,"turns":3.0},{"damage":0.0,"enemies":"2 Louse","floor":3.0,"turns":2.0},{"damage":7.0,"enemies":"Red Slaver","floor":4.0,"turns":8.0},{"damage":24.0,"enemies":"Large Slime","floor":5.0,"turns":15.0},{"damage":11,"enemies":"Gremlin Nob","floor":6,"turns":4},{"damage":0,"enemies":"Blue Slaver","floor":7,"turns":5},{"damage":20,"enemies":"3 Sentries","floor":11,"turns":14},{"damage":17,"enemies":"Exordium Thugs","floor":13,"turns":8},{"damage":0,"enemies":"Exordium Wildlife","floor":14,"turns":3},{"damage":37,"enemies":"Slime Boss","floor":16,"turns":3}],"seed_played":"6266348802078095056","potions_obtained":[{"floor":1.0,"key":"FearPotion"},{"floor":3.0,"key":"Strength Potion"},{"floor":4.0,"key":"Regen Potion"},{"floor":6,"key":"hexamod:EctoCoolerPotion"},{"floor":14,"key":"ColorlessPotion"}],"is_trial":false,"path_per_floor":["M","M","M","M","M","E","M","R","T","?","E","R","M","M","R","B"],"character_chosen":"THE_SILENT","items_purchased":[],"campfire_rested":1,"item_purchase_floors":[],"current_hp_per_floor":[63,63,63,56,47,36,36,36,36,33,18,39,22,22,22,0,0],"gold":348,"neow_bonus":"ONE_RANDOM_RARE_CARD","is_daily":false,"chose_seed":false,"campfire_upgraded":2,"win_rate":0.0,"timestamp":1608190964,"path_taken":["M","M","M","M","M","E","M","R","T","?","E","R","M","M","R","BOSS"],"items_purchased_type":[],"build_version":"2020-12-13","purchased_purges":0,"victory":false,"max_hp_per_floor":[70,70,70,70,70,70,70,70,70,70,70,70,70,70,70,70,70],"card_choices":[{"not_picked":["Terror","Hidden Blade"],"picked":"Draining Mist","floor":1.0},{"not_picked":["Dagger Throw","Quick Slash"],"picked":"PiercingWail","floor":2.0},{"not_picked":["Catalyst","PiercingWail"],"picked":"Dodge and Roll","floor":3.0},{"not_picked":["Prepared","PiercingWail","All Out Attack"],"picked":"SKIP","floor":4.0},{"not_picked":["Cloak And Dagger","Calculated Gamble"],"picked":"Poisoned Stab","floor":5.0},{"not_picked":["Infinite Blades","Poisoned Stab"],"picked":"Night Terror","floor":6},{"not_picked":["Underhanded Strike","Sucker Punch","Outmaneuver"],"picked":"SKIP","floor":7},{"not_picked":["Dagger Spray","ReplayTheSpireMod:Scrap Shanks","ReplayTheSpireMod:Shiv Toss"],"picked":"SKIP","floor":11},{"not_picked":["Dodge and Roll","Hidden Blade","Underhanded Strike"],"picked":"SKIP","floor":13},{"not_picked":["Blur","Crippling Poison"],"picked":"Dagger Spray","floor":14}],"player_experience":362406,"relics_obtained":[{"floor":6,"key":"Toy Ornithopter"},{"floor":9,"key":"Replay:Bandana"},{"floor":11,"key":"Pet Ghost"}],"event_choices":[{"damage_healed":0,"gold_gain":0,"player_choice":"Relic ","damage_taken":3,"max_hp_gain":0,"max_hp_loss":0,"event_name":"betterThird:BetterScrap","floor":10,"gold_loss":0,"cards_obtained":["Rip and Tear"]}],"is_beta":false,"boss_relics":[],"items_purged_floors":[],"is_endless":false,"potions_floor_spawned":[1,3,4,6,14],"killed_by":"Slime Boss","ascension_level":6}}