{"host":"e4hse1vg61zltgzv","time":1608201893,"event":{"mods":["AchievementEnabler","BaseMod","Block Reminder","Colored Map","DeckTracker","GifTheSpireLib","Minty Spire (QoL Compilation)","Rare Cards Sparkle","StSLib","SuperFastMode","everything is the same but u backflip on backflip"],"gold_per_floor":[13,24,38,50,62,62,73,87,87,148,168,93,107,7,7,81,81,94,94,113,38,38,38,55,73,73,93,93,113,113,123,123,199,199,209,229,245,295,64,64,74,74,122,122,134,153,169,169,169,169,169],"floor_reached":50,"playtime":1438,"items_purged":["Strike_G","Strike_G","Strike_G+1"],"score":892,"play_id":"05011dd7-b950-4ade-8eda-ef11e6968997","local_time":"20201217194453","is_ascension_mode":true,"campfire_choices":[{"data":"Cloak And Dagger","floor":6.0,"key":"SMITH"},{"data":"Blade Dance","floor":15.0,"key":"SMITH"},{"data":"Accuracy","floor":23.0,"key":"SMITH"},{"data":"Blade Dance","floor":28.0,"key":"SMITH"},{"floor":30.0,"key":"REST"},{"data":"Neutralize","floor":32.0,"key":"SMITH"},{"floor":40.0,"key":"REST"},{"data":"A Thousand Cuts","floor":42.0,"key":"SMITH"},{"data":"Calculated Gamble","floor":44.0,"key":"SMITH"},{"data":"Panache","floor":49,"key":"SMITH"}],"circlet_count":0,"master_deck":["AscendersBane","Strike_G+1","Defend_G+1","Defend_G+1","Defend_G+1","Defend_G+1","Defend_G+1","Survivor","Neutralize+1","Panache+1","Cloak And Dagger+1","Calculated Gamble+1","Deflect","Backflip","Escape Plan","Blade Dance+1","Accuracy+1","Blade Dance+1","A Thousand Cuts+1","Finesse"],"relics":["Ring of the Snake","Tingsha","Akabeko","Busted Crown","Omamori","WristBlade","Gambling Chip","Ancient Tea Set"],"acts_visited":["Exordium","TheCity","TheBeyond"],"potions_floor_usage":[50,50],"damage_taken":[{"damage":7.0,"enemies":"Cultist","floor":1.0,"turns":5.0},{"damage":0.0,"enemies":"Small Slimes","floor":2.0,"turns":3.0},{"damage":2.0,"enemies":"Jaw Worm","floor":3.0,"turns":4.0},{"damage":8.0,"enemies":"3 Louse","floor":4.0,"turns":4.0},{"damage":12.0,"enemies":"Exordium Wildlife","floor":5.0,"turns":8.0},{"damage":2.0,"enemies":"Blue Slaver","floor":7.0,"turns":4.0},{"damage":1.0,"enemies":"2 Fungi Beasts","floor":8.0,"turns":3.0},{"damage":0.0,"enemies":"Gremlin Nob","floor":10.0,"turns":3.0},{"damage":3.0,"enemies":"Large Slime","floor":11.0,"turns":3.0},{"damage":0.0,"enemies":"Looter","floor":13.0,"turns":4.0},{"damage":22.0,"enemies":"The Guardian","floor":16.0,"turns":13.0},{"damage":3.0,"enemies":"Shell Parasite","floor":18.0,"turns":3.0},{"damage":17.0,"enemies":"Chosen","floor":20.0,"turns":5.0},{"damage":0.0,"enemies":"Centurion and Healer","floor":24.0,"turns":5.0},{"damage":0.0,"enemies":"Snake Plant","floor":25.0,"turns":3.0},{"damage":4.0,"enemies":"Snecko","floor":27.0,"turns":5.0},{"damage":10.0,"enemies":"Chosen and Byrds","floor":29.0,"turns":4.0},{"damage":0.0,"enemies":"Cultist and Chosen","floor":31.0,"turns":2.0},{"damage":34.0,"enemies":"Collector","floor":33.0,"turns":9.0},{"damage":14.0,"enemies":"3 Shapes","floor":35.0,"turns":2.0},{"damage":11.0,"enemies":"3 Darklings","floor":36.0,"turns":2.0},{"damage":10.0,"enemies":"Maw","floor":37.0,"turns":5.0},{"damage":13.0,"enemies":"2 Orb Walkers","floor":38.0,"turns":2.0},{"damage":18.0,"enemies":"Writhing Mass","floor":41.0,"turns":3.0},{"damage":0.0,"enemies":"3 Darklings","floor":45.0,"turns":3.0},{"damage":0,"enemies":"4 Shapes","floor":46,"turns":2},{"damage":8,"enemies":"Writhing Mass","floor":47,"turns":3},{"damage":67,"enemies":"Time Eater","floor":50,"turns":7}],"seed_played":"-9117082290021035742","potions_obtained":[{"floor":2.0,"key":"DuplicationPotion"},{"floor":3.0,"key":"Strength Potion"},{"floor":20.0,"key":"Strength Potion"},{"floor":24.0,"key":"FearPotion"},{"floor":38.0,"key":"Regen Potion"},{"floor":47,"key":"Weak Potion"}],"is_trial":false,"path_per_floor":["M","M","M","M","M","R","M","M","T","?","M","$","M","$","R","B",null,"M","?","M","?","?","R","M","M","T","M","R","M","R","M","R","B",null,"M","M","M","?","$","R","M","R","T","R","M","M","M","?","R","B"],"character_chosen":"THE_SILENT","items_purchased":["Finesse"],"campfire_rested":2,"item_purchase_floors":[39],"current_hp_per_floor":[52,52,50,42,30,30,28,27,27,27,24,24,24,24,24,2,50,47,47,30,30,30,30,30,30,30,26,26,16,35,35,35,1,50,36,25,15,2,2,21,12,12,12,12,12,12,4,66,66,0,0],"gold":169,"neow_bonus":"RANDOM_COLORLESS_2","is_daily":false,"chose_seed":false,"campfire_upgraded":8,"win_rate":0.0,"timestamp":1608201893,"path_taken":["M","M","?","M","M","R","?","M","T","?","M","?","M","$","R","BOSS","M","?","M","?","?","R","M","M","T","M","R","M","R","M","R","BOSS","M","M","M","?","$","R","M","R","T","R","M","M","M","?","R","BOSS"],"items_purchased_type":["Card"],"build_version":"2020-12-13","purchased_purges":3,"victory":false,"max_hp_per_floor":[66,66,66,66,66,66,66,66,66,66,66,66,66,66,66,66,66,66,66,66,66,66,66,66,66,66,66,66,66,66,66,66,66,66,66,66,66,66,66,66,66,66,66,66,66,66,66,66,66,66,66],"card_choices":[{"not_picked":["Secret Technique","Transmutation"],"picked":"Panache","floor":0.0},{"not_picked":["Deadly Poison","Flechettes"],"picked":"Cloak And Dagger","floor":1.0},{"not_picked":["Noxious Fumes","Dagger Spray"],"picked":"Calculated Gamble","floor":2.0},{"not_picked":["Dodge and Roll","Caltrops"],"picked":"Deflect","floor":3.0},{"not_picked":["Prepared","Deflect"],"picked":"Backflip","floor":4.0},{"not_picked":["Catalyst","Setup"],"picked":"Escape Plan","floor":5.0},{"not_picked":["PiercingWail","Acrobatics","Riddle With Holes"],"picked":"SKIP","floor":7.0},{"not_picked":["Dodge and Roll","Deflect"],"picked":"Blade Dance","floor":8.0},{"not_picked":["Riddle With Holes","Dodge and Roll"],"picked":"Accuracy","floor":11.0},{"not_picked":["Deadly Poison","Poisoned Stab","Dodge and Roll"],"picked":"SKIP","floor":13.0},{"not_picked":["Dagger Spray+1"],"picked":"SKIP","floor":18.0},{"not_picked":[],"picked":"Blade Dance","floor":20.0},{"not_picked":["Sucker Punch"],"picked":"SKIP","floor":24.0},{"not_picked":["Acrobatics"],"picked":"SKIP","floor":25.0},{"not_picked":["Outmaneuver"],"picked":"SKIP","floor":27.0},{"not_picked":["Underhanded Strike"],"picked":"SKIP","floor":29.0},{"not_picked":["Deflect+1"],"picked":"SKIP","floor":31.0},{"not_picked":[],"picked":"A Thousand Cuts","floor":33.0},{"not_picked":["Quick Slash"],"picked":"SKIP","floor":35.0},{"not_picked":["Bane"],"picked":"SKIP","floor":36.0},{"not_picked":["Slice"],"picked":"SKIP","floor":37.0},{"not_picked":["Slice"],"picked":"SKIP","floor":41.0},{"not_picked":["Slice+1"],"picked":"SKIP","floor":45.0},{"not_picked":["Outmaneuver"],"picked":"SKIP","floor":46},{"not_picked":["Bane+1"],"picked":"SKIP","floor":47}],"player_experience":739935,"relics_obtained":[{"floor":9.0,"key":"Tingsha"},{"floor":26.0,"key":"Omamori"},{"floor":38.0,"key":"Gambling Chip"},{"floor":43.0,"key":"Ancient Tea Set"}],"event_choices":[{"damage_healed":0.0,"max_hp_gain":0.0,"max_hp_loss":0.0,"gold_gain":30.0,"event_name":"Dead Adventurer","player_choice":"Searched \u00273\u0027 times","floor":10.0,"gold_loss":0.0,"damage_taken":0.0,"relics_obtained":["Akabeko"]},{"damage_healed":0.0,"max_hp_gain":0.0,"max_hp_loss":0.0,"gold_gain":0.0,"event_name":"Vampires","player_choice":"Ignored","floor":19.0,"gold_loss":0.0,"damage_taken":0.0},{"cards_removed":["Strike_G"],"damage_healed":0.0,"max_hp_gain":0.0,"max_hp_loss":0.0,"gold_gain":0.0,"event_name":"Beggar","player_choice":"Gave Gold","floor":21.0,"gold_loss":75.0,"damage_taken":0.0},{"damage_healed":0.0,"max_hp_gain":0.0,"max_hp_loss":0.0,"gold_gain":0.0,"event_name":"Back to Basics","player_choice":"Simplicity","floor":22.0,"gold_loss":0.0,"damage_taken":0.0,"cards_upgraded":["Strike_G","Strike_G","Defend_G","Defend_G","Defend_G","Defend_G","Defend_G"]},{"damage_healed":0.0,"max_hp_gain":0.0,"max_hp_loss":0.0,"gold_gain":0.0,"event_name":"Mysterious Sphere","player_choice":"Fight","floor":38.0,"gold_loss":0.0,"damage_taken":0.0},{"damage_healed":62,"gold_gain":0,"player_choice":"Heal","damage_taken":0,"max_hp_gain":0,"max_hp_loss":0,"event_name":"MindBloom","floor":48,"gold_loss":0,"cards_obtained":["Doubt"]}],"is_beta":false,"boss_relics":[{"not_picked":["SacredBark","Runic Dome"],"picked":"Busted Crown"},{"not_picked":["Calling Bell","Black Star"],"picked":"WristBlade"}],"items_purged_floors":[12,14,39],"is_endless":false,"potions_floor_spawned":[2,3,4,7,20,24,31,33,37,38,47],"killed_by":"Time Eater","ascension_level":20}}