{"host":"egwexuw5uvnxf11j","time":1608179726,"event":{"mods":["2.2 Compatiblity","Aspiration","BaseMod","Better Altar","Better Note","Better Sensory Stone","Better Third Choice","Displayed Cursed Tome","Downfall","Hermit","Key Reminder","Koishi","Marisa????????","Minty Spire (QoL Compilation)","Quick Restart","Shade Mod","Spicy Shops","StSLib","The Construct","The Cursed","The Hierophant","The Runesmith","The Senshi","The Servant 0.9.4","Transform Curses"],"gold_per_floor":[112,112,37,61,136,170,170,20,20,45,45,86,106,129,129,259,259,284,0,0,19,37,37,68,68,68,68,68],"floor_reached":27,"playtime":972,"items_purged":["Injury","Shade:Strike_Shade"],"score":253,"play_id":"e0c68c82-3cf7-43fa-a4d4-84dcb3a8fcbe","local_time":"20201216233526","is_ascension_mode":true,"campfire_choices":[{"floor":7,"key":"REST"},{"floor":15,"key":"REST"},{"data":"Shade:Coordination","floor":23,"key":"SMITH"},{"floor":25,"key":"REST"}],"circlet_count":0,"master_deck":["Shade:Strike_Shade","Shade:Strike_Shade","Shade:Strike_Shade","Shade:Defend_Shade","Shade:Defend_Shade","Shade:Defend_Shade","Shade:Defend_Shade","Shade:AnimateDead","Shade:CarefulCut","Shade:Consume","Shade:CommandSoldier","Shade:FingerOfDeath","Shade:RitualOffering","Shade:SensePrey","Shade:AuraOfUnlife","Shade:SkeletonArmy","Shade:AncientSpear","Shade:FeralStrike","Shade:Coordination+1","Shade:FeralStrike+1","Shade:AblativeArmor","Shade:Frenzy","Shade:Frenzy","Shade:Brains","Shade:PoundOfFlesh"],"relics":["Shade:YorickSkull","Golden Idol","Smiling Mask","aspiration:Lifesprig","StoneCalendar","theSenshi:SuperSailorFukuRelic","Runesmith:Locket","aspiration:SecretTechniqueScroll","Strange Spoon","Omamori","keyreminder:keyreminder"],"acts_visited":["Exordium","TheCity"],"potions_floor_usage":[6,16,16],"damage_taken":[{"damage":0,"enemies":"Jaw Worm","floor":1,"turns":3},{"damage":0,"enemies":"Small Slimes","floor":4,"turns":2},{"damage":26,"enemies":"Gremlin Nob","floor":6,"turns":4},{"damage":0,"enemies":"Cultist","floor":10,"turns":2},{"damage":23,"enemies":"Lagavulin","floor":12,"turns":6},{"damage":0,"enemies":"3 Louse","floor":13,"turns":2},{"damage":0,"enemies":"Exordium Thugs","floor":14,"turns":3},{"damage":8,"enemies":"Slime Boss","floor":16,"turns":7},{"damage":0,"enemies":"Chosen","floor":18,"turns":4},{"damage":0,"enemies":"3 Byrds","floor":21,"turns":3},{"damage":0,"enemies":"Centurion and Healer","floor":22,"turns":4},{"damage":31,"enemies":"Slavers","floor":24,"turns":4},{"damage":53,"enemies":"Book of Stabbing","floor":27,"turns":5}],"seed_played":"4027952345215387259","potions_obtained":[{"floor":1,"key":"Explosive Potion"},{"floor":10,"key":"Explosive Potion"},{"floor":12,"key":"Weak Potion"},{"floor":13,"key":"sneckomod:MuddlingPotion"},{"floor":16,"key":"PowerPotion"},{"floor":21,"key":"Fire Potion"},{"floor":24,"key":"Block Potion"}],"is_trial":false,"path_per_floor":["M","?","$","M","?","E","R","$","T","M","?","E","M","M","R","B",null,"M","$","?","M","M","R","E","R","T","E"],"character_chosen":"SHADE","items_purchased":["Shade:SensePrey","aspiration:Lifesprig","Strange Spoon","Shade:AblativeArmor"],"campfire_rested":3,"item_purchase_floors":[8,8,19,19],"current_hp_per_floor":[65,65,65,65,54,28,47,47,47,47,47,24,24,24,43,35,65,65,65,65,65,65,65,34,53,53,0,0],"gold":68,"neow_bonus":"ONE_RANDOM_RARE_CARD","is_daily":false,"chose_seed":false,"campfire_upgraded":1,"win_rate":0.0,"timestamp":1608179726,"path_taken":["M","?","$","M","?","E","R","?","T","M","?","E","M","M","R","BOSS","M","$","?","M","M","R","E","R","T","E"],"items_purchased_type":["Card","Relic","Relic","Card"],"build_version":"2020-12-13","purchased_purges":2,"victory":false,"max_hp_per_floor":[65,65,65,65,65,65,65,65,65,65,65,65,65,65,65,65,65,65,65,65,65,65,65,65,65,65,65,65],"card_choices":[{"not_picked":["Shade:Bite_Shade","Shade:FuneraryJewels"],"picked":"Shade:CommandSoldier","floor":1},{"not_picked":["Shade:GoDigging","Shade:ExtraLimbs"],"picked":"Shade:FingerOfDeath","floor":4},{"not_picked":["Shade:FingerOfDeath","Shade:CallOfTheGrave"],"picked":"Shade:RitualOffering","floor":6},{"not_picked":["Shade:SkeletonHug","Shade:AblativeArmor"],"picked":"Shade:AuraOfUnlife","floor":10},{"not_picked":["Shade:CommandSoldier","Shade:Brains"],"picked":"Shade:SkeletonArmy","floor":12},{"not_picked":["Shade:WallOfFlesh","Shade:FleshLikeOak"],"picked":"Shade:AncientSpear","floor":13},{"not_picked":["Shade:WallOfFlesh","Shade:ScuttlingHand"],"picked":"Shade:FeralStrike","floor":14},{"not_picked":["Shade:SoulPierce","Shade:LoseControl"],"picked":"Shade:Coordination","floor":16},{"not_picked":["Shade:ClawBack","Shade:SkeletonArmy"],"picked":"Shade:FeralStrike+1","floor":18},{"not_picked":["Shade:SkeletonHug","Shade:FuneraryJewels"],"picked":"Shade:Frenzy","floor":21},{"not_picked":["Shade:CommandSoldier","Shade:GreyBargain"],"picked":"Shade:Brains","floor":22},{"not_picked":["Shade:ScuttlingHand","Shade:FleshToFlesh"],"picked":"Shade:PoundOfFlesh","floor":24}],"player_experience":2093650,"relics_obtained":[{"floor":6,"key":"Smiling Mask"},{"floor":9,"key":"StoneCalendar"},{"floor":12,"key":"Runesmith:Locket"},{"floor":24,"key":"Omamori"}],"event_choices":[{"damage_healed":0,"gold_gain":0,"player_choice":"Take Wound","damage_taken":0,"relics_obtained":["Golden Idol"],"max_hp_gain":0,"max_hp_loss":0,"event_name":"Golden Idol","floor":2,"gold_loss":0,"cards_obtained":["Injury"]},{"damage_healed":0,"gold_gain":75,"player_choice":"Gold","damage_taken":11,"max_hp_gain":0,"max_hp_loss":0,"event_name":"betterThird:BetterGoop","floor":5,"gold_loss":0},{"damage_healed":0,"gold_gain":0,"player_choice":"Gave Potion","damage_taken":0,"relics_obtained":["theSenshi:SuperSailorFukuRelic"],"max_hp_gain":0,"max_hp_loss":0,"event_name":"WeMeetAgain","floor":11,"gold_loss":0},{"damage_healed":0,"gold_gain":0,"player_choice":"Read","damage_taken":0,"max_hp_gain":0,"max_hp_loss":0,"event_name":"The Library","floor":20,"gold_loss":0,"cards_obtained":["Shade:Frenzy"]}],"is_beta":false,"boss_relics":[{"not_picked":["aspiration:PoetsPen_weak","Velvet Choker"],"picked":"aspiration:SecretTechniqueScroll"}],"items_purged_floors":[3,19],"is_endless":false,"potions_floor_spawned":[1,10,12,13,16,21,24],"killed_by":"Book of Stabbing","ascension_level":1}}