{"host":"og6lam4kt3nibbw0","time":1608191128,"event":{"mods":["AchievementEnabler","BaseMod","Colored Map","DeckTracker","Highlight Path","Keyboard Shortcuts","Minty Spire (QoL Compilation)","Permanent Neow","Quick Restart","StSLib","SuperFastMode"],"gold_per_floor":[112,56,56,56,56,73,87,103,129,129,144,160,170,40,40,112,162,177,25,25,25,43,43,62,75,126,126,126,142,142,156,156,156,156],"floor_reached":33,"playtime":1542,"items_purged":["Strike_B","Defend_B"],"score":482,"play_id":"695e5d2a-d53e-4232-8233-1b1f5a3f03fa","local_time":"20201217164528","is_ascension_mode":true,"campfire_choices":[{"data":"Recycle","floor":10.0,"key":"SMITH"},{"data":"Dualcast","floor":15,"key":"SMITH"},{"data":"Turbo","floor":23,"key":"SMITH"},{"data":"Coolheaded","floor":27,"key":"SMITH"},{"floor":30,"key":"REST"},{"floor":32,"key":"REST"}],"circlet_count":0,"master_deck":["AscendersBane","Defend_B+1","Zap","Dualcast+1","Darkness","Turbo+1","Meteor Strike","Meteor Strike","Chill","Recycle+1","Compile Driver","Sweeping Beam","Hologram","Coolheaded+1","Hologram","Consume+1"],"relics":["Cracked Core","Blood Vial","Tiny House"],"acts_visited":["Exordium","TheCity"],"potions_floor_usage":[13,16,16,16,18,24,33,33],"damage_taken":[{"damage":3.0,"enemies":"Small Slimes","floor":1.0,"turns":3.0},{"damage":10.0,"enemies":"2 Louse","floor":6.0,"turns":2.0},{"damage":0.0,"enemies":"Cultist","floor":7.0,"turns":2.0},{"damage":0.0,"enemies":"Exordium Wildlife","floor":8.0,"turns":5.0},{"damage":4.0,"enemies":"Large Slime","floor":11.0,"turns":4.0},{"damage":11.0,"enemies":"Exordium Thugs","floor":12.0,"turns":3.0},{"damage":0,"enemies":"Lots of Slimes","floor":13,"turns":3},{"damage":31,"enemies":"Slime Boss","floor":16,"turns":10},{"damage":7,"enemies":"Chosen","floor":18,"turns":3},{"damage":3,"enemies":"3 Byrds","floor":22,"turns":5},{"damage":20,"enemies":"Shelled Parasite and Fungi","floor":24,"turns":4},{"damage":11,"enemies":"Centurion and Healer","floor":25,"turns":5},{"damage":22,"enemies":"Chosen and Byrds","floor":29,"turns":6},{"damage":22,"enemies":"Snake Plant","floor":31,"turns":3},{"damage":24,"enemies":"Automaton","floor":33,"turns":6}],"seed_played":"2413235749404340706","potions_obtained":[{"floor":1.0,"key":"SpeedPotion"},{"floor":7.0,"key":"EntropicBrew"},{"floor":8.0,"key":"ColorlessPotion"},{"floor":13,"key":"Dexterity Potion"},{"floor":17,"key":"LiquidMemories"},{"floor":18,"key":"Explosive Potion"},{"floor":25,"key":"EssenceOfSteel"},{"floor":29,"key":"Block Potion"}],"is_trial":false,"path_per_floor":["M","$","?","?","?","M","M","M","T","R","M","M","M","$","R","B",null,"M","$","?","?","M","R","M","M","T","R","?","M","R","M","R","B"],"character_chosen":"DEFECT","items_purchased":["Turbo","Sweeping Beam","Coolheaded"],"campfire_rested":2,"item_purchase_floors":[2,14,19],"current_hp_per_floor":[61,61,61,54,54,44,44,44,44,44,42,33,35,35,35,6,55,50,50,50,50,49,49,31,22,22,22,22,2,22,2,22,0,0],"gold":156,"neow_bonus":"TRANSFORM_TWO_CARDS","is_daily":false,"chose_seed":false,"campfire_upgraded":4,"win_rate":0.0,"timestamp":1608191128,"path_taken":["M","$","?","?","?","M","M","M","T","R","M","M","M","$","R","BOSS","M","?","?","?","M","R","M","M","T","R","?","M","R","?","R","BOSS"],"items_purchased_type":["Card","Card","Card"],"build_version":"2020-12-13","purchased_purges":2,"victory":false,"max_hp_per_floor":[64,64,64,64,64,64,64,64,64,64,64,64,64,64,64,64,69,69,69,69,69,69,69,69,69,69,69,69,69,69,69,69,69,69],"card_choices":[{"not_picked":["Sweeping Beam","Consume"],"picked":"Darkness","floor":1.0},{"not_picked":["Streamline","Sweeping Beam"],"picked":"Chill","floor":6.0},{"not_picked":["Go for the Eyes","Steam"],"picked":"Recycle","floor":7.0},{"not_picked":["Beam Cell","Scrape"],"picked":"Compile Driver","floor":8.0},{"not_picked":["Gash","Meteor Strike","Melter"],"picked":"SKIP","floor":11.0},{"not_picked":["Redo","Cold Snap","Barrage"],"picked":"SKIP","floor":12.0},{"not_picked":["Go for the Eyes","Barrage","Beam Cell"],"picked":"SKIP","floor":13},{"not_picked":["FTL","Capacitor"],"picked":"Hologram","floor":17},{"not_picked":["Compile Driver","Go for the Eyes+1","Genetic Algorithm"],"picked":"SKIP","floor":18},{"not_picked":["Conserve Battery","Go for the Eyes","BootSequence"],"picked":"SKIP","floor":22},{"not_picked":["Leap","Auto Shields","Ball Lightning"],"picked":"SKIP","floor":24},{"not_picked":["Stack","Redo","Barrage"],"picked":"SKIP","floor":25},{"not_picked":["Turbo","Gash"],"picked":"Hologram","floor":29},{"not_picked":["Turbo+1","Doom and Gloom"],"picked":"Consume+1","floor":31}],"player_experience":782271,"relics_obtained":[{"floor":9.0,"key":"Blood Vial"}],"event_choices":[{"damage_healed":0.0,"max_hp_gain":0.0,"max_hp_loss":0.0,"gold_gain":0.0,"event_name":"Liars Game","player_choice":"Ignored","floor":3.0,"gold_loss":0.0,"damage_taken":0.0},{"cards_removed":["Strike_B"],"damage_healed":0.0,"max_hp_gain":0.0,"max_hp_loss":0.0,"gold_gain":0.0,"event_name":"Golden Wing","player_choice":"Card Removal","floor":4.0,"gold_loss":0.0,"damage_taken":7.0},{"damage_healed":0.0,"max_hp_gain":0.0,"max_hp_loss":0.0,"gold_gain":0.0,"event_name":"Match and Keep!","player_choice":"1 cards matched","floor":5.0,"gold_loss":0.0,"damage_taken":0.0,"cards_obtained":["Meteor Strike"]},{"damage_healed":0,"gold_gain":0,"player_choice":"Ignored","damage_taken":0,"max_hp_gain":0,"max_hp_loss":0,"event_name":"Ghosts","floor":20,"gold_loss":0},{"cards_removed":["Defend_B"],"damage_healed":0,"gold_gain":0,"player_choice":"Elegance","damage_taken":0,"max_hp_gain":0,"max_hp_loss":0,"event_name":"Back to Basics","floor":21,"gold_loss":0},{"cards_removed":["Strike_B"],"damage_healed":0,"gold_gain":0,"player_choice":"Purged","damage_taken":0,"max_hp_gain":0,"max_hp_loss":0,"event_name":"Purifier","floor":28,"gold_loss":0}],"is_beta":false,"boss_relics":[{"not_picked":["Cursed Key","Fusion Hammer"],"picked":"Tiny House"}],"items_purged_floors":[14,19],"is_endless":false,"potions_floor_spawned":[1,7,8,13,18,25,29],"killed_by":"Automaton","ascension_level":20}}