{"host":"deadgod","time":1608172691,"event":{"mods":["2.2 Compatiblity","BaseMod","Bestiary","Colored Map","GungeonMod","HololiveMod","Minty Spire (QoL Compilation)","Permanent Neow","Relic Filter","Relic Sorter","StSLib","The Alterego","The Dragon Tamer","UnlockEverythingMod","Waifu the Spire","¡i?ª«¥dµP¡jREMEMod"],"gold_per_floor":[113,113,127,140,140,140,173,173,173,58,90,106,141,151,151,151,151],"floor_reached":16,"playtime":1906,"items_purged":[],"score":120,"play_id":"192b43ae-14e4-4e7f-93fc-2ea113728819","local_time":"20201217103811","is_ascension_mode":false,"campfire_choices":[{"data":"DemoMod:SAA","floor":6.0,"key":"SMITH"},{"data":"DemoMod:JK47","floor":8.0,"key":"SMITH"},{"floor":15,"key":"REST"}],"circlet_count":0,"master_deck":["DemoMod:Strike_Huntress","DemoMod:Strike_Huntress","DemoMod:Defend_Huntress","DemoMod:Defend_Huntress","DemoMod:Defend_Huntress","DemoMod:Defend_Huntress+1","DemoMod:Roll+1","DemoMod:ManualReload+1","DemoMod:RustySidearm","DemoMod:CrossBow","DemoMod:JK47+1","DemoMod:SAA+1","DemoMod:PracticeMakesPerfect","DemoMod:GunShield","DemoMod:ShadowBullets","DemoMod:FastSwitch","DemoMod:BalloonGun","DemoMod:FeignSurrender","DemoMod:PotionOfGunFriendShip"],"relics":["DemoMod:Dog","REME_ComplimentaryCards","NeowsBlessing","Bottled Lightning","Shuriken","DemoMod:GnawedKey","DemoMod:SilverBullets","War Paint"],"acts_visited":["Exordium"],"potions_floor_usage":[12,13],"damage_taken":[{"damage":0.0,"enemies":"Small Slimes","floor":1.0,"turns":1.0},{"damage":0.0,"enemies":"Cultist","floor":3.0,"turns":1.0},{"damage":0.0,"enemies":"Jaw Worm","floor":4.0,"turns":1.0},{"damage":32.0,"enemies":"Lagavulin","floor":7.0,"turns":7.0},{"damage":10.0,"enemies":"3 Sentries","floor":11.0,"turns":12.0},{"damage":8,"enemies":"Gremlin Gang","floor":12,"turns":5},{"damage":11,"enemies":"Lagavulin","floor":13,"turns":7},{"damage":0,"enemies":"Large Slime","floor":14,"turns":6},{"damage":33,"enemies":"Slime Boss","floor":16,"turns":11}],"seed_played":"7964083085831066888","potions_obtained":[{"floor":1.0,"key":"DuplicationPotion"},{"floor":11,"key":"PowerPotion"}],"is_trial":false,"path_per_floor":["M","?","M","M","?","R","E","R","T","$","E","M","E","M","R","B"],"character_chosen":"HUNTRESS","items_purchased":["DemoMod:GnawedKey"],"campfire_rested":1,"item_purchase_floors":[10],"current_hp_per_floor":[70,70,70,70,70,70,38,38,38,38,28,20,9,9,30,0,0],"gold":151,"neow_bonus":"THREE_ENEMY_KILL","is_daily":false,"chose_seed":false,"campfire_upgraded":2,"win_rate":0.0,"timestamp":1608172691,"path_taken":["M","?","?","M","?","R","E","R","T","$","E","M","E","?","R","BOSS"],"items_purchased_type":["Relic"],"build_version":"2020-11-17","purchased_purges":0,"victory":false,"max_hp_per_floor":[70,70,70,70,70,70,70,70,70,70,70,70,70,70,70,70,70],"card_choices":[{"not_picked":["DemoMod:Ejector","DemoMod:AWP"],"picked":"DemoMod:JK47","floor":1.0},{"not_picked":["DemoMod:BoxingGlove","DemoMod:Ejector"],"picked":"DemoMod:SAA","floor":3.0},{"not_picked":["DemoMod:ConditionalReflex","DemoMod:GunShield"],"picked":"DemoMod:PracticeMakesPerfect","floor":4.0},{"not_picked":["DemoMod:Unmoved","DemoMod:DoubleSwitch"],"picked":"DemoMod:GunShield","floor":7.0},{"not_picked":["DemoMod:DoubleSwitch","DemoMod:Desperate"],"picked":"DemoMod:ShadowBullets","floor":11},{"not_picked":["DemoMod:ConditionalReflex","DemoMod:StickyCrossBow"],"picked":"DemoMod:FastSwitch","floor":12},{"not_picked":["DemoMod:HungryBullets","DemoMod:Polaris"],"picked":"DemoMod:BalloonGun","floor":13},{"not_picked":["DemoMod:TeaPot","DemoMod:Unmoved"],"picked":"DemoMod:FeignSurrender","floor":14},{"not_picked":["DemoMod:HuntsMan","DemoMod:Unmoved"],"picked":"DemoMod:PotionOfGunFriendShip","floor":14}],"player_experience":18314,"relics_obtained":[{"floor":7.0,"key":"Bottled Lightning"},{"floor":9.0,"key":"Shuriken"},{"floor":11,"key":"DemoMod:SilverBullets"},{"floor":13,"key":"War Paint"}],"event_choices":[{"damage_healed":0.0,"max_hp_gain":0.0,"max_hp_loss":0.0,"gold_gain":0.0,"event_name":"Upgrade Shrine","player_choice":"Upgraded","floor":2.0,"gold_loss":0.0,"damage_taken":0.0,"cards_upgraded":["DemoMod:ManualReload"]},{"cards_removed":["DemoMod:Strike_Huntress"],"damage_healed":0.0,"max_hp_gain":0.0,"max_hp_loss":0.0,"gold_gain":0.0,"event_name":"Bonfire Elementals","player_choice":"Offered Basic","floor":5.0,"gold_loss":0.0,"damage_taken":0.0}],"is_beta":true,"boss_relics":[],"items_purged_floors":[],"is_endless":false,"potions_floor_spawned":[1,11],"killed_by":"Slime Boss","ascension_level":0}}