{"host":"soyfmymeou4emntr","time":1608173016,"event":{"mods":["BaseMod","Minty Spire (QoL Compilation)","Relic Sorter","Relic Stats","StSLib"],"gold_per_floor":[217,217,235,19,29,29,58,58,85,118,118,135,135,151,151,224,224,184,22,22,22,22,22,22,22,22,22,22,22,22,22,22,22,22],"floor_reached":33,"playtime":1837,"items_purged":[],"score":690,"play_id":"cd133998-1132-449e-9d66-a118258ca0e2","local_time":"20201216194336","is_ascension_mode":true,"campfire_choices":[{"data":"Dash","floor":6.0,"key":"SMITH"},{"floor":13.0,"key":"REST"},{"data":"Bane","floor":15.0,"key":"SMITH"},{"data":"Adrenaline","floor":23,"key":"SMITH"},{"floor":25,"key":"REST"},{"data":"Caltrops","floor":27,"key":"SMITH"},{"data":"Catalyst","floor":32,"key":"SMITH"}],"circlet_count":0,"master_deck":["AscendersBane","Strike_G","Strike_G","Strike_G+1","Strike_G","Strike_G","Defend_G","Defend_G","Defend_G","Defend_G","Defend_G","Survivor","Neutralize","Deadly Poison","Dash+1","Poisoned Stab","Dagger Throw+1","Caltrops+1","Corpse Explosion+1","Footwork","Bane+1","Adrenaline+1","Dodge and Roll","PiercingWail","PiercingWail","Dodge and Roll+1","Skewer+1","Catalyst+1","Catalyst","RitualDagger+1"],"relics":["Ring of the Snake","OrangePellets","Whetstone","Bag of Preparation","Vajra","Ectoplasm","TwistedFunnel","HornCleat","Molten Egg 2","Gremlin Horn"],"acts_visited":["Exordium","TheCity"],"potions_floor_usage":[18,21,28,33,33],"damage_taken":[{"damage":1.0,"enemies":"Jaw Worm","floor":1.0,"turns":5.0},{"damage":6.0,"enemies":"Small Slimes","floor":3.0,"turns":3.0},{"damage":0.0,"enemies":"2 Louse","floor":5.0,"turns":2.0},{"damage":37.0,"enemies":"3 Sentries","floor":7.0,"turns":10.0},{"damage":28.0,"enemies":"Lagavulin","floor":10.0,"turns":6.0},{"damage":1.0,"enemies":"Looter","floor":12.0,"turns":3.0},{"damage":0.0,"enemies":"2 Fungi Beasts","floor":14.0,"turns":3.0},{"damage":19.0,"enemies":"Hexaghost","floor":16.0,"turns":8.0},{"damage":1,"enemies":"2 Thieves","floor":18,"turns":4},{"damage":0,"enemies":"Chosen","floor":20,"turns":3},{"damage":12,"enemies":"Shelled Parasite and Fungi","floor":21,"turns":3},{"damage":1,"enemies":"Chosen and Byrds","floor":22,"turns":5},{"damage":0,"enemies":"Centurion and Healer","floor":24,"turns":2},{"damage":4,"enemies":"Slavers","floor":28,"turns":3},{"damage":0,"enemies":"Gremlin Leader","floor":30,"turns":6},{"damage":55,"enemies":"Champ","floor":33,"turns":9}],"seed_played":"2170214190891443981","potions_obtained":[{"floor":3.0,"key":"Ancient Potion"},{"floor":10.0,"key":"SteroidPotion"},{"floor":16.0,"key":"Poison Potion"},{"floor":18,"key":"CunningPotion"},{"floor":20,"key":"Block Potion"},{"floor":22,"key":"Swift Potion"},{"floor":28,"key":"Swift Potion"}],"is_trial":false,"path_per_floor":["M","?","M","$","M","R","E","?","T","E","?","M","R","M","R","B",null,"M","$","M","M","M","R","M","R","T","R","E","?","E","?","R","B"],"character_chosen":"THE_SILENT","items_purchased":["OrangePellets","Poisoned Stab","TwistedFunnel"],"campfire_rested":2,"item_purchase_floors":[4,4,19],"current_hp_per_floor":[58,58,52,52,52,52,15,37,37,9,9,8,27,27,27,8,52,51,51,51,39,38,38,38,57,57,57,53,53,53,47,47,0,0],"gold":22,"neow_bonus":"HUNDRED_GOLD","is_daily":false,"chose_seed":false,"campfire_upgraded":5,"win_rate":0.0,"timestamp":1608173016,"path_taken":["M","?","M","$","M","R","E","?","T","E","?","?","R","M","R","BOSS","M","$","M","M","M","R","M","R","T","R","E","?","E","?","R","BOSS"],"items_purchased_type":["Relic","Card","Relic"],"build_version":"2020-12-13","purchased_purges":0,"victory":false,"max_hp_per_floor":[66,66,66,66,66,66,66,66,66,66,66,66,66,66,66,66,66,66,66,66,66,66,66,66,66,66,66,66,66,66,66,66,66,66],"relic_stats":{"OrangePellets":[1],"Gremlin Horn":[0,0],"counters":[16,75],"Ectoplasm":181,"Bag of Preparation":[24],"Whetstone":["Dagger Throw","Strike_G"],"obtain_stats":[{"TwistedFunnel":19,"OrangePellets":4,"HornCleat":26,"Gremlin Horn":30,"Vajra":10,"Molten Egg 2":28,"Ectoplasm":17,"Bag of Preparation":9,"Whetstone":7,"Ring of the Snake":0},{"TwistedFunnel":9,"OrangePellets":2,"HornCleat":13,"Gremlin Horn":15,"Vajra":5,"Molten Egg 2":14,"Ectoplasm":8,"Bag of Preparation":4,"Whetstone":4,"Ring of the Snake":0},{"TwistedFunnel":44,"OrangePellets":8,"HornCleat":57,"Gremlin Horn":66,"Vajra":26,"Molten Egg 2":60,"Ectoplasm":40,"Bag of Preparation":20,"Whetstone":20,"Ring of the Snake":0}],"Ring of the Snake":[32]},"card_choices":[{"not_picked":["Sucker Punch","Accuracy"],"picked":"Deadly Poison","floor":1.0},{"not_picked":["Slice","Dagger Spray"],"picked":"Dash","floor":3.0},{"not_picked":["Accuracy","Quick Slash"],"picked":"Dagger Throw","floor":5.0},{"not_picked":["Distraction","Concentrate"],"picked":"Caltrops","floor":7.0},{"not_picked":["Doppelganger","Terror"],"picked":"Corpse Explosion","floor":10.0},{"not_picked":["Heel Hook","Eviscerate"],"picked":"Footwork","floor":12.0},{"not_picked":["Blur","Dagger Spray"],"picked":"Bane","floor":14.0},{"not_picked":["A Thousand Cuts","Malaise"],"picked":"Adrenaline","floor":16.0},{"not_picked":["Underhanded Strike","Dagger Throw"],"picked":"Dodge and Roll","floor":18},{"not_picked":["Concentrate","Masterful Stab"],"picked":"PiercingWail","floor":20},{"not_picked":["Prepared","Backflip"],"picked":"PiercingWail","floor":21},{"not_picked":["Unload","Dodge and Roll","Flechettes"],"picked":"SKIP","floor":22},{"not_picked":["Sucker Punch","Deadly Poison"],"picked":"Dodge and Roll+1","floor":24},{"not_picked":["Quick Slash+1","PiercingWail"],"picked":"Skewer+1","floor":28},{"not_picked":["Poisoned Stab+1","Choke+1"],"picked":"Catalyst","floor":30}],"player_experience":2579374,"relics_obtained":[{"floor":7.0,"key":"Whetstone"},{"floor":9.0,"key":"Bag of Preparation"},{"floor":10.0,"key":"Vajra"},{"floor":26,"key":"HornCleat"},{"floor":28,"key":"Molten Egg 2"},{"floor":30,"key":"Gremlin Horn"}],"event_choices":[{"damage_healed":0.0,"max_hp_gain":0.0,"max_hp_loss":0.0,"gold_gain":0.0,"event_name":"The Cleric","player_choice":"Leave","floor":2.0,"gold_loss":0.0,"damage_taken":0.0},{"damage_healed":22.0,"max_hp_gain":0.0,"max_hp_loss":0.0,"gold_gain":0.0,"event_name":"Big Fish","player_choice":"Banana","floor":8.0,"gold_loss":0.0,"damage_taken":0.0},{"damage_healed":0.0,"max_hp_gain":0.0,"max_hp_loss":0.0,"gold_gain":0.0,"event_name":"Living Wall","player_choice":"Grow","floor":11.0,"gold_loss":0.0,"damage_taken":0.0,"cards_upgraded":["Corpse Explosion"]},{"damage_healed":0,"gold_gain":0,"player_choice":"Read","damage_taken":0,"max_hp_gain":0,"max_hp_loss":0,"event_name":"The Library","floor":29,"gold_loss":0,"cards_obtained":["Catalyst"]},{"damage_healed":0,"gold_gain":0,"player_choice":"Joined the Cult","damage_taken":6,"max_hp_gain":0,"max_hp_loss":0,"event_name":"Nest","floor":31,"gold_loss":0,"cards_obtained":["RitualDagger"]}],"is_beta":false,"boss_relics":[{"not_picked":["Fusion Hammer","Astrolabe"],"picked":"Ectoplasm"}],"items_purged_floors":[],"is_endless":false,"potions_floor_spawned":[3,10,14,16,18,20,22,28],"killed_by":"Champ","ascension_level":20}}