{"host":"08ybifllvpb8gqpc","time":1608243805,"event":{"mods":["Act Like it!","BaseMod","Gensokyo","Marisa????????","Minty Spire (QoL Compilation)","StSLib","The Runesmith","everything is the same but u backflip on backflip"],"gold_per_floor":[119,119,139,214,70,70,82,82,109,124,124,124,124,136,136,237,237,249,268,193,193,203,203,222,222,222,241,241,255,255,255],"floor_reached":30,"playtime":1441,"items_purged":["Runesmith:Strike_RS"],"score":266,"play_id":"3e0b3481-9524-4533-982d-c544ab42bbd6","local_time":"20201217192325","is_ascension_mode":true,"campfire_choices":[{"data":"Runesmith:HammerThrow","floor":6.0,"key":"SMITH"},{"floor":11.0,"key":"REST"},{"data":"Runesmith:Fortify","floor":13.0,"key":"SMITH"},{"data":"Runesmith:Reinforce","floor":15.0,"key":"SMITH"},{"floor":23,"key":"REST"},{"data":"Runesmith:Grindstone","floor":25,"key":"SMITH"},{"floor":28,"key":"REST"}],"circlet_count":0,"master_deck":["Runesmith:Strike_RS","Runesmith:Strike_RS","Runesmith:Strike_RS","Runesmith:Defend_RS","Runesmith:Defend_RS","Runesmith:Defend_RS","Runesmith:CraftFirestone","Runesmith:Fortify+1","Runesmith:HammerThrow+1","Runesmith:EnergizedChisel","Runesmith:Reinforce+1","Runesmith:CraftProtectio","Runesmith:ChiselStab","Runesmith:CreatorForm","Runesmith:HammerThrow+1","Runesmith:RuneHurl","Runesmith:Grindstone+1","Runesmith:GrandSlam","Runesmith:HeatedChisel","Runesmith:EarthShield","Runesmith:Attraction","Runesmith:CraftProtectio+1","Runesmith:Supernova","Runesmith:WhiteBalance+1","Runesmith:StaticCage+1","Runesmith:BackupBattery+1","Runesmith:Attraction+1"],"relics":["Runesmith:CoreCrystal","Prayer Wheel","Omamori","Bottled Tornado","Runesmith:EmergencyProvisions","Toxic Egg 2"],"acts_visited":["Exordium","TheCity"],"potions_floor_usage":[19,22,22],"damage_taken":[{"damage":1.0,"enemies":"2 Louse","floor":1.0,"turns":3.0},{"damage":6.0,"enemies":"Jaw Worm","floor":3.0,"turns":5.0},{"damage":3.0,"enemies":"Small Slimes","floor":7.0,"turns":4.0},{"damage":5.0,"enemies":"Exordium Thugs","floor":10.0,"turns":5.0},{"damage":8.0,"enemies":"Blue Slaver","floor":14.0,"turns":4.0},{"damage":4.0,"enemies":"The Guardian","floor":16.0,"turns":9.0},{"damage":21,"enemies":"Spheric Guardian","floor":18,"turns":5},{"damage":29,"enemies":"Shell Parasite","floor":19,"turns":6},{"damage":15,"enemies":"Chosen and Byrds","floor":22,"turns":7},{"damage":8,"enemies":"Snecko","floor":24,"turns":7},{"damage":22,"enemies":"Centurion and Healer","floor":27,"turns":9},{"damage":30,"enemies":"Sentry and Sphere","floor":29,"turns":9},{"damage":8,"enemies":"Slavers","floor":30,"turns":1}],"seed_played":"-2963961863131067468","potions_obtained":[{"floor":14.0,"key":"Regen Potion"},{"floor":16.0,"key":"Explosive Potion"},{"floor":18,"key":"Fruit Juice"},{"floor":19,"key":"Fire Potion"}],"is_trial":false,"path_per_floor":["M","?","M","?","$","R","M","T","T","M","R","?","R","M","R","B",null,"M","M","$","?","M","R","M","R","T","M","R","M","E"],"character_chosen":"RUNESMITH_CLASS","items_purchased":["Omamori"],"campfire_rested":3,"item_purchase_floors":[5],"current_hp_per_floor":[48,53,47,36,36,36,33,33,33,28,50,43,43,35,35,46,75,54,30,30,30,15,39,31,31,31,9,33,3,0,0],"gold":255,"neow_bonus":"ONE_RARE_RELIC","is_daily":false,"chose_seed":false,"campfire_upgraded":4,"win_rate":0.0,"timestamp":1608243805,"path_taken":["M","?","M","?","$","R","M","?","T","M","R","?","R","?","R","BOSS","M","M","$","?","M","R","M","R","T","M","R","?","E"],"items_purchased_type":["Relic"],"build_version":"2020-12-13","purchased_purges":1,"victory":false,"max_hp_per_floor":[70,75,75,75,75,75,75,75,75,75,75,75,75,75,75,75,75,75,80,80,80,80,80,80,80,80,80,80,80,80,80],"card_choices":[{"not_picked":["Runesmith:Terraform","Runesmith:Repurpose"],"picked":"Runesmith:HammerThrow","floor":1.0},{"not_picked":["Runesmith:MakeshiftArmor","Runesmith:BackupBattery"],"picked":"Runesmith:EnergizedChisel","floor":1.0},{"not_picked":["Runesmith:Prism","Runesmith:Terraform"],"picked":"Runesmith:Reinforce","floor":3.0},{"not_picked":["Runesmith:ShiftingStrike","Runesmith:DoubleUp"],"picked":"Runesmith:CraftProtectio","floor":3.0},{"not_picked":["Runesmith:DoubleUp","Runesmith:HeatedChisel"],"picked":"Runesmith:ChiselStab","floor":7.0},{"not_picked":["Runesmith:DoubleUp","Runesmith:HammerTime"],"picked":"Runesmith:CreatorForm","floor":7.0},{"not_picked":["Runesmith:HeatedChisel","Runesmith:CraftProtectio"],"picked":"Runesmith:HammerThrow","floor":10.0},{"not_picked":["Runesmith:Firewall","Runesmith:Refine"],"picked":"Runesmith:RuneHurl","floor":10.0},{"not_picked":["Runesmith:Refine","Runesmith:HammerAndChisel"],"picked":"Runesmith:Grindstone","floor":14.0},{"not_picked":["Runesmith:RuneHurl","Runesmith:UnstableHammer","Runesmith:Accelerate"],"picked":"SKIP","floor":14.0},{"not_picked":["Runesmith:FissionHammer","Runesmith:ArcReactor"],"picked":"Runesmith:GrandSlam","floor":16.0},{"not_picked":["Runesmith:WhiteBalance","Runesmith:RuneHurl"],"picked":"Runesmith:HeatedChisel","floor":18},{"not_picked":["Runesmith:BackupBattery","Runesmith:Repurpose","Runesmith:ChiselStab"],"picked":"SKIP","floor":18},{"not_picked":["Runesmith:OneForEveryone+1","Runesmith:ElementalConversion"],"picked":"Runesmith:EarthShield","floor":19},{"not_picked":["Runesmith:BackupBattery","Runesmith:Discharge"],"picked":"Runesmith:Attraction","floor":19},{"not_picked":["Runesmith:StaticCage","Runesmith:RuneHurl"],"picked":"Runesmith:CraftProtectio+1","floor":22},{"not_picked":["Runesmith:FrozenChisel","Runesmith:ChiselStab","Runesmith:NegativeSpace"],"picked":"SKIP","floor":22},{"not_picked":["Runesmith:EnergizedChisel","Runesmith:ShiftingStrike"],"picked":"Runesmith:Supernova","floor":24},{"not_picked":["Runesmith:Accelerate","Runesmith:Empowerment","Runesmith:HammerThrow"],"picked":"SKIP","floor":24},{"not_picked":["Runesmith:UnstableHammer","Runesmith:Repurpose+1"],"picked":"Runesmith:WhiteBalance+1","floor":27},{"not_picked":["Runesmith:UnlimitedPower","Runesmith:ElementalConversion+1"],"picked":"Runesmith:StaticCage+1","floor":27},{"not_picked":["Runesmith:ShiftingStrike+1","Runesmith:Grindstone+1"],"picked":"Runesmith:BackupBattery+1","floor":29},{"not_picked":["Runesmith:BackupBattery+1","Runesmith:MakeshiftArmor+1"],"picked":"Runesmith:Attraction+1","floor":29}],"player_experience":1078549,"relics_obtained":[{"floor":8.0,"key":"Bottled Tornado"},{"floor":9.0,"key":"Runesmith:EmergencyProvisions"},{"floor":26,"key":"Toxic Egg 2"}],"event_choices":[{"damage_healed":0.0,"max_hp_gain":5.0,"max_hp_loss":0.0,"gold_gain":0.0,"event_name":"Big Fish","player_choice":"Donut","floor":2.0,"gold_loss":0.0,"damage_taken":0.0},{"damage_healed":0.0,"max_hp_gain":0.0,"max_hp_loss":0.0,"gold_gain":75.0,"event_name":"World of Goop","player_choice":"Gather Gold","floor":4.0,"gold_loss":0.0,"damage_taken":11.0},{"cards_removed":["Runesmith:Defend_RS"],"damage_healed":0.0,"max_hp_gain":0.0,"max_hp_loss":0.0,"gold_gain":0.0,"event_name":"Golden Wing","player_choice":"Card Removal","floor":12.0,"gold_loss":0.0,"damage_taken":7.0},{"damage_healed":0,"gold_gain":0,"player_choice":"Upgraded","damage_taken":0,"max_hp_gain":0,"max_hp_loss":0,"event_name":"Upgrade Shrine","floor":21,"gold_loss":0,"cards_upgraded":["Runesmith:HammerThrow"]}],"is_beta":false,"boss_relics":[{"not_picked":["Empty Cage","Pandora\u0027s Box"],"picked":"Runesmith:CoreCrystal"}],"items_purged_floors":[20],"is_endless":false,"potions_floor_spawned":[14,16,18,19],"killed_by":"Slavers","ascension_level":4}}