{"host":"o5jvvi5yapo90aia","time":1608195330,"event":{"mods":["BaseMod","CapriCore","Minty Spire (QoL Compilation)","MostiFishMod","Prisma Mod","Spicy Shops","StSLib","TestMod","The Immortal","【东方二次创作】八云紫mod","【人物mod】游戏王New YuGiOh mod","【功能Mod】Neow奖励"],"gold_per_floor":[131,131,56,124,149,198,198,244,244,269,296,345,345,371,371,513,513,539,158,73,100,132,174,174,216,216,258,306,306,331,61,61,197,197,227,256,289,289,320,320,369,279,279,279,306,352,412,445,445,460,475,475,475,140,187,202],"floor_reached":57,"playtime":965,"items_purged":["Bash","Defend_R","Defend_R"],"score":3805,"play_id":"edccd555-1311-4067-b3bf-39b1ea04b195","local_time":"20201217165530","is_ascension_mode":true,"campfire_choices":[{"data":"Strike_R","floor":7,"key":"PURGE"},{"data":"Strike_R","floor":15,"key":"PURGE"},{"floor":24,"key":"RECALL"},{"data":"Defend_R","floor":32,"key":"PURGE"},{"data":"Defend_R","floor":40,"key":"PURGE"},{"data":"MostiFishMod:Opportunism+1","floor":44,"key":"PURGE"},{"data":"Berserk+1","floor":49,"key":"PURGE"},{"data":"MostiFishMod:ChineseTea+1","floor":53,"key":"PURGE"}],"circlet_count":0,"master_deck":["AscendersBane","MostiFishMod:404NotFound+1","Barricade+1","Entrench+1","Corruption+1"],"relics":["DaveBox","testmod-TestBox","RhineFirstAidKit","Nloth\u0027s Gift","testmod-AscensionHeart","Question Card","PrismaticShard","ImprovedEquipment","Champion Belt","Singing Bowl","Toxic Egg 2","ImportantClient","ExusiaiGun","Brimstone","OrangePellets","PreservedInsect","Tiny Chest","Bag of Marbles","Bronze Scales","testmod-Hope","Red Mask","Dodecahedron","ClockworkSouvenir","Coffee Dripper","SynthV:C4","Anchor","InkBottle","Paper Frog","TungstenRod","ThornShield","Bag of Preparation"],"acts_visited":["Exordium","TheCity","TheBeyond","TheEnding"],"potions_floor_usage":[6,56,56],"damage_taken":[{"damage":0,"enemies":"Jaw Worm","floor":1,"turns":2},{"damage":13,"enemies":"Small Slimes","floor":5,"turns":4},{"damage":54,"enemies":"Lagavulin","floor":6,"turns":7},{"damage":0,"enemies":"Gremlin Nob","floor":8,"turns":1},{"damage":0,"enemies":"Cultist","floor":10,"turns":2},{"damage":0,"enemies":"Exordium Wildlife","floor":11,"turns":1},{"damage":0,"enemies":"Lagavulin","floor":12,"turns":1},{"damage":0,"enemies":"Lots of Slimes","floor":14,"turns":1},{"damage":0,"enemies":"The Guardian","floor":16,"turns":1},{"damage":0,"enemies":"Spheric Guardian","floor":18,"turns":1},{"damage":0,"enemies":"2 Thieves","floor":21,"turns":1},{"damage":0,"enemies":"Sentry and Sphere","floor":22,"turns":1},{"damage":0,"enemies":"Book of Stabbing","floor":23,"turns":1},{"damage":0,"enemies":"Slavers","floor":25,"turns":1},{"damage":0,"enemies":"Book of Stabbing","floor":27,"turns":1},{"damage":0,"enemies":"Masked Bandits","floor":28,"turns":1},{"damage":0,"enemies":"Chosen and Byrds","floor":30,"turns":1},{"damage":0,"enemies":"Automaton","floor":33,"turns":1},{"damage":0,"enemies":"3 Shapes","floor":35,"turns":1},{"damage":0,"enemies":"3 Darklings","floor":36,"turns":1},{"damage":0,"enemies":"Spire Growth","floor":37,"turns":1},{"damage":0,"enemies":"Sphere and 2 Shapes","floor":39,"turns":1},{"damage":0,"enemies":"Nemesis","floor":41,"turns":1},{"damage":0,"enemies":"Transient","floor":45,"turns":1},{"damage":0,"enemies":"Reptomancer","floor":46,"turns":1},{"damage":0,"enemies":"2 Orb Walkers","floor":47,"turns":1},{"damage":0,"enemies":"Spire Growth","floor":48,"turns":1},{"damage":0,"enemies":"Donu and Deca","floor":50,"turns":1},{"damage":0,"enemies":"Time Eater","floor":51,"turns":1},{"damage":0,"enemies":"Shield and Spear","floor":55,"turns":1},{"damage":0,"enemies":"The Heart","floor":56,"turns":5}],"seed_played":"-1720217837500395633","potions_obtained":[{"floor":1,"key":"DuplicationPotion"},{"floor":11,"key":"AttackPotion"},{"floor":12,"key":"BloodPotion"},{"floor":39,"key":"testmod-EscapePotion"}],"is_trial":false,"path_per_floor":["M","?","?","T","M","E","R","E","T","M","M","E","?","M","R","B",null,"M","$","?","M","M","E","R","E","T","E","?","?","M","$","R","B",null,"M","M","M","T","M","R","E","$","T","R","M","E","?","M","R","B","B",null,"R","$","E","B",null],"character_chosen":"IRONCLAD","items_purchased":["Brimstone","OrangePellets","Entrench+1","Dodecahedron","ClockworkSouvenir","ThornShield","ColorlessPotion"],"campfire_rested":0,"item_purchase_floors":[19,19,31,31,31,54,54],"current_hp_per_floor":[73,78,78,78,67,22,22,82,82,84,86,89,99,101,101,106,106,108,108,108,110,112,115,115,118,118,121,123,123,125,125,125,132,132,134,136,138,138,140,140,143,143,143,143,145,148,150,152,152,157,162,162,162,162,163,168],"gold":202,"neow_bonus":"BOSS_RELIC","is_daily":false,"chose_seed":false,"campfire_upgraded":0,"win_rate":0.0,"timestamp":1608195330,"path_taken":["M","?","?","?","M","E","R","E","T","M","?","E","?","M","R","BOSS","M","?","?","M","?","E","R","E","T","E","?","?","?","$","R","BOSS","M","M","M","?","M","R","E","$","T","R","?","E","?","M","R","BOSS","BOSS","R","$","E","BOSS"],"items_purchased_type":["Relic","Relic","Card","Relic","Relic","Relic","Potion"],"build_version":"2020-12-13","purchased_purges":3,"victory":true,"max_hp_per_floor":[75,80,80,80,80,81,81,82,82,84,86,89,99,101,101,106,106,108,108,108,110,112,115,115,118,118,121,123,123,125,125,125,132,132,134,136,138,138,140,140,143,143,143,143,145,148,150,152,152,157,162,162,162,162,163,168],"card_choices":[{"not_picked":["Sever Soul","Sword Boomerang"],"picked":"Limit Break","floor":1},{"not_picked":["testmod-TradeIn","DemoBook","LibraryManager","TrapMaster"],"picked":"SKIP","floor":5},{"not_picked":["Reaper","Fiend Fire","Brutality"],"picked":"MostiFishMod:404NotFound","floor":6},{"not_picked":["LinkMage","MostiFishMod:UniRed","MostiFishMod:PerfectStrikeMKII"],"picked":"Barricade","floor":8},{"not_picked":["Purity","MostiFishMod:Exploitation","PanicButton","Redo"],"picked":"Singing Bowl","floor":10},{"not_picked":["PrismaMod:ChloeDiscardRecovery","Lockon","Judgement","Worldmountain_purple"],"picked":"Singing Bowl","floor":11},{"not_picked":["MostiFishMod:Mania","Tools of the Trade","testmod-EnhanceArmerment+1","Bludgeon"],"picked":"Singing Bowl","floor":12},{"not_picked":["Battle Trance+1","Perseverance+1","Clothesline","MokouMod:Trailblazer+1"],"picked":"Singing Bowl","floor":14},{"not_picked":["All For One","Glass Knife","MostiFishMod:Nova"],"picked":"MostiFishMod:Opportunism+1","floor":16},{"not_picked":["MokouMod:GuidingSmoke","RuleDissolution_purple+1","SoundFromHell+1","Bait_HighSpeedFlying_purple"],"picked":"Singing Bowl","floor":18},{"not_picked":["MokouMod:AdaptivePyromancy","PrismaMod:IllyaStunPoison","PrismaMod:ChloeDemonicTutor+1","Deadly Poison+1"],"picked":"Singing Bowl","floor":21},{"not_picked":["PathToVictory+1","Shrug It Off+1","testmod-Illusory+1","MostiFishMod:InvigoratingSolution+1"],"picked":"Singing Bowl","floor":22},{"not_picked":["Reaper","MostiFishMod:UniRed","MostiFishMod:NewArrival","Reaper"],"picked":"Singing Bowl","floor":23},{"not_picked":["Secret Weapon+1","MostiFishMod:#F4004","PrismaMod:IllyaInstallRuler","Reboot+1"],"picked":"Singing Bowl","floor":25},{"not_picked":["Juggernaut","MostiFishMod:WingOfPhoenix","Feed","MostiFishMod:#F4004"],"picked":"Singing Bowl","floor":27},{"not_picked":["LoliMage","GatherUp+1","PrismaMod:IllyaStunPoison","WatchEyeChange_purple+1"],"picked":"Singing Bowl","floor":28},{"not_picked":["MokouMod:Overheat+1","PrismaMod:MiyuDevil","Spot Weakness+1","ChainBoob+1"],"picked":"Singing Bowl","floor":30},{"not_picked":["MostiFishMod:GatherIntelligence+1","MostiFishMod:VineMother","MostiFishMod:FourSeasons","Blessing+1"],"picked":"Singing Bowl","floor":33},{"not_picked":["PrismaMod:IllyaUncommonAOEAttack+1","PrismaMod:ChloeCommonAOEAttack","LibraryManager","testmod-Bloodthirsty+1"],"picked":"Singing Bowl","floor":35},{"not_picked":["Rebound","Prostrate+1","PrismaMod:IllyaUncommonEvoke+1","Pommel Strike+1"],"picked":"Singing Bowl","floor":36},{"not_picked":["Coolheaded+1","True Grit+1","Inflame","DownHell+1"],"picked":"Singing Bowl","floor":37},{"not_picked":["PrismaMod:IllyaBoysLove+1","Flying Knee+1","testmod-PerfectCombo+1","CarveReality"],"picked":"Singing Bowl","floor":39},{"not_picked":["Die Die Die","Impervious","MostiFishMod:ChineseTea","PrismaMod:ChloeCarnivalDefend+1"],"picked":"Singing Bowl","floor":41},{"not_picked":["Defragment","Line_surface_state_purple+1","ExistenceContinue_purple","Doom and Gloom"],"picked":"Singing Bowl","floor":45},{"not_picked":["PrismaMod:IllyaInstallRuler","MostiFishMod:NewArrival","Double Tap","Blessing+1"],"picked":"Singing Bowl","floor":46},{"not_picked":["Consume+1","PrismaMod:IllyaMinorReinForce+1","MokouMod:Sear+1","Heavy Blade"],"picked":"Singing Bowl","floor":47},{"not_picked":["Turbo+1","Protect+1","Accuracy+1","ClearTheMind+1"],"picked":"Singing Bowl","floor":48},{"not_picked":["MostiFishMod:FlyOverUtopia","MostiFishMod:NeverNightCountry","MostiFishMod:FlyOverUtopia"],"picked":"Corruption","floor":55}],"player_experience":1309203,"relics_obtained":[{"floor":1,"key":"Question Card"},{"floor":1,"key":"PrismaticShard"},{"floor":4,"key":"ImprovedEquipment"},{"floor":6,"key":"Champion Belt"},{"floor":8,"key":"Singing Bowl"},{"floor":12,"key":"Toxic Egg 2"},{"floor":16,"key":"ImportantClient"},{"floor":23,"key":"Tiny Chest"},{"floor":25,"key":"Bag of Marbles"},{"floor":26,"key":"Bronze Scales"},{"floor":27,"key":"testmod-Hope"},{"floor":28,"key":"Red Mask"},{"floor":38,"key":"SynthV:C4"},{"floor":41,"key":"Anchor"},{"floor":43,"key":"InkBottle"},{"floor":46,"key":"Paper Frog"},{"floor":47,"key":"TungstenRod"},{"floor":55,"key":"Bag of Preparation"}],"event_choices":[{"damage_healed":0,"gold_gain":0,"player_choice":"Donut","damage_taken":0,"max_hp_gain":5,"max_hp_loss":0,"event_name":"Big Fish","floor":2,"gold_loss":0},{"cards_removed":["Strike_R"],"damage_healed":0,"gold_gain":0,"player_choice":"Card Removal","damage_taken":0,"max_hp_gain":0,"max_hp_loss":0,"event_name":"The Cleric","floor":3,"gold_loss":75},{"cards_removed":["Limit Break"],"damage_healed":0,"gold_gain":0,"player_choice":"Offered Rare","damage_taken":0,"max_hp_gain":10,"max_hp_loss":0,"event_name":"Bonfire Elementals","floor":13,"gold_loss":0},{"damage_healed":0,"gold_gain":0,"player_choice":"Obtained Relic","damage_taken":0,"relics_obtained":["PreservedInsect"],"max_hp_gain":0,"max_hp_loss":0,"event_name":"Addict","floor":20,"gold_loss":85},{"damage_healed":0,"gold_gain":0,"player_choice":"Fought Bandits","damage_taken":0,"max_hp_gain":0,"max_hp_loss":0,"event_name":"Masked Bandits","floor":28,"gold_loss":0},{"damage_healed":0,"gold_gain":0,"cards_transformed":["Strike_R","Strike_R"],"player_choice":"Became Test Subject","damage_taken":0,"max_hp_gain":0,"max_hp_loss":0,"event_name":"Drug Dealer","floor":29,"gold_loss":0,"cards_obtained":["MostiFishMod:ChineseTea","Berserk"]},{"damage_healed":0,"gold_gain":0,"player_choice":"Fight","damage_taken":0,"max_hp_gain":0,"max_hp_loss":0,"event_name":"Mysterious Sphere","floor":47,"gold_loss":0}],"is_beta":false,"boss_relics":[{"not_picked":["Fusion Hammer","BloodWine"],"picked":"ExusiaiGun"},{"not_picked":["FrostBlade","testmod-KeyOfTheVoid"],"picked":"Coffee Dripper"}],"items_purged_floors":[19,19,42],"is_endless":false,"potions_floor_spawned":[1,11,12,14,22,27,30,35,37,39,45,46],"ascension_level":20}}