{"host":"iy58fyt9wsbv4cf1","time":1608178473,"event":{"mods":["BaseMod","Better Altar","Better Match","Better Skull","Better Third Choice","BetterRewards","Conspire","Custom Start","Defuse TimeMaze Blight","Hubris","Infinite Spire","Minty Spire (QoL Compilation)","Permanent Neow","Quick Restart","Spicy Shops","StSLib"],"gold_per_floor":[114,131,31,45,45,45,10,21,21,21,55,55,55,67,67,167,167,187,187,204,204,204,235,235,246,246,259,259,259,209,229,229,325,325,344,37,37,53,153,153,169,182,182,182,182,182,74,74,74,74,74,74,24,51,51],"floor_reached":56,"playtime":1350,"items_purged":["Strike_G","Strike_G","Strike_G","Strike_G","Defend_G","Defend_G","Defend_G","Defend_G"],"score":1513,"play_id":"6d5a1973-1de0-4ead-baa1-81225a61ec9b","local_time":"20201216231433","is_ascension_mode":false,"campfire_choices":[{"floor":6,"key":"REST"},{"data":"Cloak And Dagger","floor":10,"key":"SMITH"},{"data":"Burst","floor":15,"key":"SMITH"},{"data":"Accuracy","floor":24,"key":"SMITH"},{"data":"Accuracy","floor":29,"key":"SMITH"},{"data":"Blade Dance","floor":32,"key":"SMITH"},{"floor":40,"key":"RECALL"},{"data":"Adrenaline","floor":46,"key":"SMITH"},{"data":"infinitespire:FutureSight","floor":49,"key":"SMITH"},{"data":"Neutralize","floor":52,"key":"SMITH"}],"circlet_count":0,"master_deck":["Defend_G","Survivor","Neutralize+1","After Image","Accuracy+1","Blade Dance+1","Cloak And Dagger+1","Deflect","Finisher","Accuracy+1","Cloak And Dagger+1","Burst+1","Phantasmal Killer","Adrenaline+1","Backstab+1","Terror+1","infinitespire:FutureSight+1","Backflip"],"relics":["Ring of the Snake","Lantern","Bronze Scales","HandDrill","Nunchaku","Juzu Bracelet","hubris:Reverence","hubris:Towel","hubris:Backtick","Ornamental Fan","Boot","Smiling Mask","Pocketwatch","SlaversCollar","Kunai","Centennial Puzzle","Coffee Dripper","infinitespire:PuzzleCube"],"acts_visited":["Exordium","TheCity","TheBeyond","TheEnding"],"potions_floor_usage":[16,16],"damage_taken":[{"damage":0,"enemies":"Small Slimes","floor":1,"turns":1},{"damage":0,"enemies":"Cultist","floor":2,"turns":2},{"damage":0,"enemies":"Jaw Worm","floor":4,"turns":2},{"damage":0,"enemies":"Blue Slaver","floor":8,"turns":2},{"damage":0,"enemies":"Lagavulin","floor":11,"turns":4},{"damage":0,"enemies":"Lots of Slimes","floor":14,"turns":3},{"damage":0,"enemies":"Slime Boss","floor":16,"turns":3},{"damage":0,"enemies":"Shell Parasite","floor":18,"turns":2},{"damage":0,"enemies":"Spheric Guardian","floor":20,"turns":3},{"damage":5,"enemies":"conspire:SneckoGhost","floor":23,"turns":4},{"damage":0,"enemies":"Snake Plant","floor":25,"turns":2},{"damage":0,"enemies":"Cultist and Chosen","floor":27,"turns":4},{"damage":5,"enemies":"Centurion and Healer","floor":31,"turns":3},{"damage":0,"enemies":"conspire:MysteriousRune","floor":33,"turns":4},{"damage":16,"enemies":"3 Shapes","floor":35,"turns":4},{"damage":0,"enemies":"Orb Walker","floor":38,"turns":3},{"damage":0,"enemies":"3 Darklings","floor":41,"turns":5},{"damage":2,"enemies":"Maw","floor":42,"turns":5},{"damage":2,"enemies":"conspire:OrnateMirror","floor":50,"turns":7},{"damage":4,"enemies":"Shield and Spear","floor":54,"turns":4},{"damage":9,"enemies":"The Heart","floor":55,"turns":4}],"seed_played":"3409069593679967335","potions_obtained":[{"floor":1,"key":"ColorlessPotion"},{"floor":2,"key":"EntropicBrew"},{"floor":4,"key":"Swift Potion"},{"floor":16,"key":"Dexterity Potion"},{"floor":18,"key":"SkillPotion"}],"is_trial":false,"path_per_floor":["M","M","$","M","?","R","?","M","T","R","E","$","?","M","R","B",null,"M","?","M","?","?","E","R","M","T","M","AVR","R","$","M","R","B",null,"M","$","?","M","?","R","M","M","T","?","AVR","R","$","?","R","B",null,"R","$","E","B",null],"character_chosen":"THE_SILENT","items_purchased":["Lantern","Bronze Scales","HandDrill","After Image","Nunchaku","Accuracy","Juzu Bracelet","Blade Dance","Cloak And Dagger","Deflect","Finisher","Kunai","Backflip"],"campfire_rested":1,"item_purchase_floors":[0,0,0,0,0,0,0,0,0,0,0,36,47],"current_hp_per_floor":[28,28,28,28,21,42,59,59,59,59,59,59,59,59,59,59,70,70,70,70,70,70,65,65,65,65,65,65,65,65,60,60,60,70,54,54,54,54,54,54,54,52,52,55,55,55,55,55,55,53,66,66,66,62,53],"gold":51,"neow_bonus":"","is_daily":false,"chose_seed":false,"campfire_upgraded":8,"win_rate":0.0,"timestamp":1608178473,"path_taken":["M","M","$","M","?","R","?","M","T","R","E","$","?","M","R","BOSS","M","?","M","?","?","E","R","M","T","M","AVR","R","?","M","R","BOSS","M","$","?","M","?","R","M","M","T","?","AVR","R","?","?","R","BOSS","R","$","E","BOSS"],"items_purchased_type":["Relic","Relic","Relic","Card","Relic","Card","Relic","Card","Card","Card","Card","Relic","Card"],"build_version":"2020-12-13","purchased_purges":8,"victory":true,"max_hp_per_floor":[70,70,70,70,70,70,70,70,70,70,70,70,70,70,70,70,70,70,70,70,70,70,70,70,70,70,70,70,70,70,70,70,70,70,70,70,66,66,66,66,66,66,66,66,66,66,66,66,66,66,66,66,66,66,66],"card_choices":[{"not_picked":["Concentrate","All Out Attack","Dash"],"picked":"SKIP","floor":1},{"not_picked":["Endless Agony","Quick Slash","hubris:SlightOfHand"],"picked":"SKIP","floor":2},{"not_picked":["Bane","Finisher"],"picked":"Accuracy","floor":4},{"not_picked":["Caltrops","Quick Slash"],"picked":"Cloak And Dagger","floor":8},{"not_picked":["PiercingWail","Catalyst"],"picked":"Burst","floor":11},{"not_picked":["Flying Knee","Noxious Fumes","Choke"],"picked":"SKIP","floor":14},{"not_picked":["Malaise","Glass Knife"],"picked":"Phantasmal Killer","floor":16},{"not_picked":["hubris:SlightOfHand","Underhanded Strike","Acrobatics"],"picked":"SKIP","floor":18},{"not_picked":["Prepared","conspire:DoublingDagger","Dagger Spray"],"picked":"SKIP","floor":20},{"not_picked":["Dash","Die Die Die","Deflect"],"picked":"SKIP","floor":23},{"not_picked":["Quick Slash","Deadly Poison","Blade Dance+1"],"picked":"SKIP","floor":25},{"not_picked":["Terror","Accuracy","Cloak And Dagger"],"picked":"SKIP","floor":27},{"not_picked":["Eviscerate+1","Backflip+1","Bouncing Flask"],"picked":"SKIP","floor":31},{"not_picked":["Glass Knife","A Thousand Cuts"],"picked":"Adrenaline","floor":33},{"not_picked":["Cloak And Dagger+1","Leg Sweep","Blade Dance"],"picked":"SKIP","floor":35},{"not_picked":["Slice+1","Skewer+1","Flying Knee+1"],"picked":"SKIP","floor":38},{"not_picked":["Acrobatics","Dodge and Roll"],"picked":"Backstab+1","floor":41},{"not_picked":["Acrobatics+1","Skewer"],"picked":"Terror+1","floor":42},{"not_picked":["PiercingWail","Heel Hook+1","Flying Knee"],"picked":"SKIP","floor":54}],"player_experience":82677,"relics_obtained":[{"floor":11,"key":"hubris:Reverence"},{"floor":23,"key":"Boot"},{"floor":26,"key":"Smiling Mask"},{"floor":43,"key":"Centennial Puzzle"},{"floor":54,"key":"infinitespire:PuzzleCube"}],"event_choices":[{"damage_healed":0,"gold_gain":0,"player_choice":"Damaged","damage_taken":7,"max_hp_gain":0,"max_hp_loss":0,"event_name":"Wheel of Change","floor":5,"gold_loss":0},{"damage_healed":17,"gold_gain":0,"player_choice":"Healed","damage_taken":0,"max_hp_gain":0,"max_hp_loss":0,"event_name":"The Cleric","floor":7,"gold_loss":35},{"damage_healed":0,"gold_gain":0,"player_choice":"Ignored","damage_taken":0,"max_hp_gain":0,"max_hp_loss":0,"event_name":"NoteForYourself","floor":19,"gold_loss":0},{"cards_removed":["Strike_G"],"damage_healed":0,"gold_gain":0,"player_choice":"Offered Basic","damage_taken":0,"max_hp_gain":0,"max_hp_loss":0,"event_name":"Bonfire Elementals","floor":21,"gold_loss":0},{"damage_healed":0,"gold_gain":0,"player_choice":"Forge","damage_taken":0,"max_hp_gain":0,"max_hp_loss":0,"event_name":"Accursed Blacksmith","floor":22,"gold_loss":0,"cards_upgraded":["Cloak And Dagger"]},{"damage_healed":0,"gold_gain":0,"player_choice":"Max HP","damage_taken":0,"max_hp_gain":0,"max_hp_loss":4,"event_name":"Winding Halls","floor":37,"gold_loss":0},{"damage_healed":0,"gold_gain":100,"player_choice":"Pray","damage_taken":0,"max_hp_gain":0,"max_hp_loss":0,"event_name":"Golden Shrine","floor":39,"gold_loss":0},{"damage_healed":3,"gold_gain":0,"player_choice":"LEAVE ","damage_taken":0,"relics_obtained":[],"max_hp_gain":0,"max_hp_loss":0,"event_name":"betterSkull:BetterSkull","floor":44,"gold_loss":0,"cards_upgraded":[]}],"is_beta":false,"boss_relics":[{"not_picked":["hubris:BlackHole","Snecko Eye"],"picked":"hubris:Backtick"},{"not_picked":["Fusion Hammer","hubris:RunicObelisk"],"picked":"SlaversCollar"}],"items_purged_floors":[0,3,28,30,36,45,47,53],"is_endless":false,"potions_floor_spawned":[1,2,4,14,16,18,33,35,42],"ascension_level":0}}