{"host":"wdiovb6uv7szux0m","time":1608237268,"event":{"mods":["BaseMod","Minty Spire (QoL Compilation)","StSLib","The Bug Knight","The Druid"],"gold_per_floor":[119,119,135,154,229,264,280,307,307,319,335,74,90,106,106,209,259,233,183,183,32,49,49,49,82,158,172,172,172,183,273,273,377,377,387,404,404,404,404],"floor_reached":38,"playtime":5727,"items_purged":[],"score":503,"play_id":"c097b500-aef0-4c31-a90b-01dbbd4cc090","local_time":"20201217113428","is_ascension_mode":false,"campfire_choices":[{"data":"Barricade","floor":15,"key":"SMITH"},{"data":"Body Slam","floor":24,"key":"SMITH"},{"floor":32,"key":"REST"}],"circlet_count":0,"master_deck":["Strike_R","Strike_R","Strike_R+1","Strike_R","Defend_R","Defend_R","Defend_R","Defend_R","Bash","Feed","Shrug It Off","Body Slam+1","Second Wind","Barricade+1","Feel No Pain","Dual Wield","Ghostly Armor","Shrug It Off","Flame Barrier","Dark Embrace","Seeing Red","Body Slam","Berserk","Headbutt","True Grit+1","Armaments","Reaper","Berserk","Shrug It Off+1","Seeing Red+1","Shrug It Off","Iron Wave","Juggernaut","Cleave+1","Shame","Shrug It Off","Trip","Swift Strike+1","Panacea","Double Tap","Ghostly Armor+1"],"relics":["Black Blood","Nunchaku","HornCleat","Lee\u0027s Waffle","Tiny House","Orrery","HollowMod:QueensCombRelic","Molten Egg 2","Strawberry"],"acts_visited":["Exordium","TheCity","TheBeyond"],"potions_floor_usage":[6,6,7,7,8,14,16,23,23,33,36,38,38],"damage_taken":[{"damage":8,"enemies":"Jaw Worm","floor":1,"turns":3},{"damage":6,"enemies":"Cultist","floor":3,"turns":4},{"damage":2,"enemies":"Small Slimes","floor":4,"turns":4},{"damage":38,"enemies":"3 Sentries","floor":6,"turns":15},{"damage":6,"enemies":"Exordium Thugs","floor":7,"turns":5},{"damage":21,"enemies":"Lagavulin","floor":8,"turns":9},{"damage":7,"enemies":"Blue Slaver","floor":10,"turns":5},{"damage":9,"enemies":"Large Slime","floor":11,"turns":10},{"damage":7,"enemies":"2 Fungi Beasts","floor":13,"turns":9},{"damage":3,"enemies":"Lots of Slimes","floor":14,"turns":6},{"damage":10,"enemies":"The Guardian","floor":16,"turns":13},{"damage":12,"enemies":"2 Thieves","floor":18,"turns":5},{"damage":0,"enemies":"Spheric Guardian","floor":22,"turns":6},{"damage":13,"enemies":"Gremlin Leader","floor":23,"turns":9},{"damage":11,"enemies":"HollowMod:Nosk","floor":25,"turns":13},{"damage":11,"enemies":"Snake Plant","floor":27,"turns":7},{"damage":23,"enemies":"Snecko","floor":30,"turns":8},{"damage":56,"enemies":"Automaton","floor":33,"turns":15},{"damage":25,"enemies":"Orb Walker","floor":35,"turns":6},{"damage":25,"enemies":"3 Shapes","floor":36,"turns":5},{"damage":103,"enemies":"Transient","floor":38,"turns":5}],"seed_played":"-5883793295815019126","potions_obtained":[{"floor":2,"key":"SpeedPotion"},{"floor":2,"key":"Swift Potion"},{"floor":2,"key":"EntropicBrew"},{"floor":7,"key":"FearPotion"},{"floor":11,"key":"Dexterity Potion"},{"floor":16,"key":"ElixirPotion"},{"floor":17,"key":"SmokeBomb"},{"floor":22,"key":"Fire Potion"},{"floor":27,"key":"Ancient Potion"},{"floor":35,"key":"Explosive Potion"},{"floor":36,"key":"FearPotion"}],"is_trial":false,"path_per_floor":["M","?","M","M","?","E","M","E","T","M","M","$","M","M","R","B",null,"M","$","?","$","M","E","R","E","T","M","?","?","M","?","R","B",null,"M","M","?","M"],"character_chosen":"IRONCLAD","items_purchased":["Flame Barrier","Lee\u0027s Waffle","Dark Embrace","Armaments","Orrery"],"campfire_rested":1,"item_purchase_floors":[12,12,12,19,21],"current_hp_per_floor":[81,81,84,89,81,52,55,40,40,42,42,108,110,114,114,113,122,119,119,119,119,125,125,125,82,82,80,87,69,72,33,62,28,97,84,83,83,0,0],"gold":404,"neow_bonus":"ONE_RANDOM_RARE_CARD","is_daily":false,"chose_seed":false,"campfire_upgraded":2,"win_rate":0.0,"timestamp":1608237268,"path_taken":["M","?","?","M","?","E","M","E","T","M","?","?","?","M","R","BOSS","M","$","?","$","?","E","R","E","T","M","?","?","M","?","R","BOSS","M","?","?","M"],"items_purchased_type":["Card","Relic","Card","Card","Relic"],"build_version":"2020-12-13","purchased_purges":0,"victory":false,"max_hp_per_floor":[83,83,86,89,89,92,95,95,95,98,101,108,111,114,114,117,122,125,125,125,125,125,125,125,82,82,85,92,97,97,97,97,97,97,97,97,97,97,97],"card_choices":[{"not_picked":["Headbutt","Clash"],"picked":"Shrug It Off","floor":1},{"not_picked":["Shockwave","Second Wind"],"picked":"Body Slam","floor":3},{"not_picked":["Rupture","Sword Boomerang"],"picked":"Second Wind","floor":4},{"not_picked":["Evolve","Perfected Strike"],"picked":"Barricade","floor":6},{"not_picked":["Spot Weakness","Pummel"],"picked":"Feel No Pain","floor":7},{"not_picked":["Spot Weakness","Evolve"],"picked":"Dual Wield","floor":8},{"not_picked":["Dropkick","Combust"],"picked":"Ghostly Armor","floor":10},{"not_picked":["Flex","Warcry"],"picked":"Shrug It Off","floor":11},{"not_picked":["Havoc","Pommel Strike"],"picked":"Seeing Red","floor":13},{"not_picked":["Dropkick","Headbutt"],"picked":"Body Slam","floor":14},{"not_picked":["Offering","Double Tap"],"picked":"Berserk","floor":16},{"not_picked":["Wild Strike","Anger"],"picked":"Headbutt","floor":17},{"not_picked":["Flex+1","Warcry"],"picked":"True Grit+1","floor":18},{"not_picked":["Inflame+1","Perfected Strike"],"picked":"Berserk","floor":21},{"not_picked":["Bloodletting","Headbutt"],"picked":"Shrug It Off+1","floor":21},{"not_picked":["Battle Trance","Thunderclap"],"picked":"Seeing Red+1","floor":21},{"not_picked":["Perfected Strike+1","Headbutt"],"picked":"Shrug It Off","floor":21},{"not_picked":["Evolve","Cleave"],"picked":"Iron Wave","floor":21},{"not_picked":["Heavy Blade","Twin Strike+1","Searing Blow"],"picked":"SKIP","floor":22},{"not_picked":["Clash+1","Flame Barrier+1"],"picked":"Juggernaut","floor":25},{"not_picked":["Clash+1","Havoc"],"picked":"Cleave+1","floor":27},{"not_picked":["Rage","Anger+1"],"picked":"Shrug It Off","floor":30},{"not_picked":["Feed+1","Bludgeon+1"],"picked":"Double Tap","floor":33},{"not_picked":["Sword Boomerang+1","Spot Weakness","Clothesline+1"],"picked":"SKIP","floor":35},{"not_picked":["Wild Strike+1","Clash+1"],"picked":"Ghostly Armor+1","floor":36}],"player_experience":1474720,"relics_obtained":[{"floor":6,"key":"Nunchaku"},{"floor":8,"key":"HornCleat"},{"floor":25,"key":"HollowMod:QueensCombRelic"},{"floor":26,"key":"Molten Egg 2"}],"event_choices":[{"damage_healed":0,"gold_gain":0,"player_choice":"Got Potions","damage_taken":0,"max_hp_gain":0,"max_hp_loss":0,"event_name":"Lab","floor":2,"gold_loss":0},{"damage_healed":0,"gold_gain":75,"player_choice":"Touch","damage_taken":8,"max_hp_gain":0,"max_hp_loss":0,"event_name":"FaceTrader","floor":5,"gold_loss":0},{"damage_healed":0,"gold_gain":0,"cards_transformed":["Strike_R"],"player_choice":"Transformed","damage_taken":0,"max_hp_gain":0,"max_hp_loss":0,"event_name":"Transmorgrifier","floor":20,"gold_loss":0,"cards_obtained":["Reaper"]},{"damage_healed":0,"gold_gain":0,"player_choice":"Stole Relic","damage_taken":0,"relics_obtained":["Strawberry"],"max_hp_gain":0,"max_hp_loss":0,"event_name":"Addict","floor":28,"gold_loss":0,"cards_obtained":["Shame"]},{"damage_healed":0,"gold_gain":0,"player_choice":"Shed Blood","damage_taken":23,"max_hp_gain":5,"max_hp_loss":0,"event_name":"Forgotten Altar","floor":29,"gold_loss":0},{"damage_healed":0,"gold_gain":90,"player_choice":"POTION CARD CARD CARD GOLD ","damage_taken":39,"max_hp_gain":0,"max_hp_loss":0,"event_name":"Knowing Skull","floor":31,"potions_obtained":["BlessingOfTheForge"],"gold_loss":0,"cards_obtained":["Trip","Swift Strike","Panacea"]},{"damage_healed":0,"gold_gain":0,"player_choice":"Ignored","damage_taken":0,"max_hp_gain":0,"max_hp_loss":0,"event_name":"SecretPortal","floor":37,"gold_loss":0}],"is_beta":false,"boss_relics":[{"not_picked":["Runic Cube","Cursed Key"],"picked":"Tiny House"},{"not_picked":["Runic Dome","SacredBark"],"picked":"Black Blood"}],"items_purged_floors":[],"is_endless":false,"potions_floor_spawned":[4,6,7,11,16,22,23,27,35,36],"killed_by":"Transient","ascension_level":0}}