{"host":"avjwtc49fhlk6kym","time":1608238565,"event":{"mods":["AchievementEnabler","BaseMod","Better Match","Better Note","Better Third Choice","Colored Map","Colored Powertips","Displayed Cursed Tome","Highlight Path","Minty Spire (QoL Compilation)","Permanent Neow","Quick Restart","StSLib"],"gold_per_floor":[112,0,0,16,16,46,46,65,88,103,115,131,131,161,161,261,261,274,72,72,72],"floor_reached":20,"playtime":756,"items_purged":["Regret"],"score":202,"play_id":"aa1bfc33-2742-4cae-b47e-aab57f210cc9","local_time":"20201217155605","is_ascension_mode":true,"campfire_choices":[{"data":"Eruption","floor":7.0,"key":"SMITH"},{"floor":13.0,"key":"REST"},{"data":"DevaForm","floor":15.0,"key":"SMITH"}],"circlet_count":0,"master_deck":["Strike_P","Strike_P","Strike_P","Strike_P","Defend_P","Defend_P","Defend_P","Defend_P","Eruption+1","Vigilance","FearNoEvil","Conclude","Enlightenment","Consecrate","Prostrate","Prostrate","ForeignInfluence","DevaForm+1","CrushJoints","Prostrate","MasterReality","CutThroughFate","BattleHymn","PathToVictory"],"relics":["PureWater","Vajra","Lizard Tail","White Beast Statue","Oddly Smooth Stone","Meat on the Bone","VioletLotus"],"acts_visited":["Exordium","TheCity"],"potions_floor_usage":[20],"damage_taken":[{"damage":0.0,"enemies":"2 Louse","floor":1.0,"turns":2.0},{"damage":0.0,"enemies":"Jaw Worm","floor":4.0,"turns":1.0},{"damage":14.0,"enemies":"3 Sentries","floor":6.0,"turns":5.0},{"damage":0.0,"enemies":"Small Slimes","floor":8.0,"turns":2.0},{"damage":8.0,"enemies":"Exordium Thugs","floor":10.0,"turns":2.0},{"damage":8.0,"enemies":"Blue Slaver","floor":11.0,"turns":2.0},{"damage":2.0,"enemies":"Exordium Wildlife","floor":12.0,"turns":4.0},{"damage":15.0,"enemies":"Lagavulin","floor":14.0,"turns":5.0},{"damage":27.0,"enemies":"The Guardian","floor":16.0,"turns":11.0},{"damage":35.0,"enemies":"Shell Parasite","floor":18.0,"turns":7.0},{"damage":91,"enemies":"Masked Bandits","floor":20,"turns":4}],"seed_played":"212316363064751213","potions_obtained":[{"floor":4.0,"key":"SteroidPotion"},{"floor":8.0,"key":"DistilledChaos"},{"floor":10.0,"key":"Ambrosia"},{"floor":11.0,"key":"StancePotion"},{"floor":12.0,"key":"StancePotion"},{"floor":14.0,"key":"Explosive Potion"},{"floor":16.0,"key":"Explosive Potion"},{"floor":18.0,"key":"Energy Potion"}],"is_trial":false,"path_per_floor":["M","?","?","M","?","E","R","M","T","M","M","M","R","E","R","B",null,"M","$","?"],"character_chosen":"WATCHER","items_purchased":["BattleHymn","PathToVictory"],"campfire_rested":1,"item_purchase_floors":[19,19],"current_hp_per_floor":[72,78,78,78,71,57,57,57,57,49,41,39,62,47,47,32,78,43,43,0,0],"gold":72,"neow_bonus":"THREE_CARDS","is_daily":false,"chose_seed":false,"campfire_upgraded":2,"win_rate":0.0,"timestamp":1608238565,"path_taken":["M","?","?","M","?","E","R","M","T","M","M","M","R","E","R","BOSS","M","$","?"],"items_purchased_type":["Card","Card"],"build_version":"2020-12-13","purchased_purges":1,"victory":false,"max_hp_per_floor":[72,78,78,78,78,78,78,78,78,78,78,78,78,78,78,78,78,78,78,78,78],"card_choices":[{"not_picked":["ThirdEye","SandsOfTime"],"picked":"FearNoEvil","floor":0.0},{"not_picked":["FlurryOfBlows","CarveReality"],"picked":"Conclude","floor":1.0},{"not_picked":["SashWhip","CutThroughFate"],"picked":"Consecrate","floor":4.0},{"not_picked":["Worship","Halt"],"picked":"Prostrate","floor":6.0},{"not_picked":["Conclude","Perseverance"],"picked":"Prostrate","floor":8.0},{"not_picked":["Halt","CrushJoints"],"picked":"ForeignInfluence","floor":10.0},{"not_picked":["Wireheading","FollowUp"],"picked":"DevaForm","floor":11.0},{"not_picked":["Adaptation","Protect"],"picked":"CrushJoints","floor":12.0},{"not_picked":["Adaptation","WreathOfFlame"],"picked":"Prostrate","floor":14.0},{"not_picked":["SpiritShield","Brilliance"],"picked":"MasterReality","floor":16.0},{"not_picked":["EmptyFist+1","Prostrate+1"],"picked":"CutThroughFate","floor":18.0}],"player_experience":508456,"relics_obtained":[{"floor":6.0,"key":"White Beast Statue"},{"floor":9.0,"key":"Oddly Smooth Stone"},{"floor":14.0,"key":"Meat on the Bone"}],"event_choices":[{"damage_healed":0.0,"max_hp_gain":0.0,"max_hp_loss":0.0,"gold_gain":0.0,"event_name":"betterThird:BetterSerpent","player_choice":"RENOUNCE","floor":2.0,"gold_loss":112.0,"damage_taken":112.0,"cards_obtained":["Enlightenment"]},{"damage_healed":0.0,"max_hp_gain":0.0,"max_hp_loss":0.0,"gold_gain":0.0,"event_name":"Big Fish","player_choice":"Box","floor":3.0,"gold_loss":0.0,"damage_taken":0.0,"relics_obtained":["Vajra"],"cards_obtained":["Regret"]},{"damage_healed":0.0,"max_hp_gain":0.0,"max_hp_loss":0.0,"gold_gain":0.0,"event_name":"betterThird:BetterScrap","player_choice":"Relic ","floor":5.0,"gold_loss":0.0,"damage_taken":7.0,"cards_obtained":["Adrenaline"]},{"damage_healed":0,"gold_gain":0,"player_choice":"Fought Bandits","damage_taken":0,"max_hp_gain":0,"max_hp_loss":0,"event_name":"Masked Bandits","floor":20,"gold_loss":0}],"is_beta":false,"boss_relics":[{"not_picked":["Ectoplasm","Fusion Hammer"],"picked":"VioletLotus"}],"items_purged_floors":[19],"is_endless":false,"potions_floor_spawned":[4,8,10,11,12,14,16,18],"killed_by":"Masked Bandits","ascension_level":2}}