{"host":"icrrc9b69c1a6188","time":1608231577,"event":{"mods":["A Magickal Journey","BaseMod","Better Altar","Better Match","Better Note","Better Sensory Stone","Better Skull","Better Third Choice","Colored Map","Colored Powertips","Displayed Cursed Tome","Faster Ascension Climbing","HexUI Lib","Minty Spire (QoL Compilation)","Random Character Mod","Spicy Shops","StSLib","Unceasing Turn Reminder"],"gold_per_floor":[115,129,61,79,94,94,94,110,110,143,143,163,163,178,178,178,178],"floor_reached":16,"playtime":3757,"items_purged":[],"score":208,"play_id":"e8e20aac-86b5-4c4f-89e7-4d872edf4696","local_time":"20201217125937","is_ascension_mode":true,"campfire_choices":[{"data":"Magicka:FastLifeCard","floor":6,"key":"SMITH"},{"data":"Magicka:FastLightningCard","floor":11,"key":"SMITH"},{"data":"Magicka:PoisonCloudCard","floor":13,"key":"SMITH"},{"data":"Magicka:CreatePoisonCard","floor":15,"key":"SMITH"}],"circlet_count":0,"master_deck":["Magicka:NullifyCard","Magicka:RainCard","AscendersBane","Magicka:PreciseFingerCard","Magicka:PreciseFingerCard","Magicka:PreciseFingerCard","Magicka:PreciseFingerCard","Magicka:PreciseFingerCard","Magicka:TheFistCard","Magicka:DefaultBladeCard","Magicka:DefaultBladeCard","Magicka:FastLightningCard+1","Magicka:FastLifeCard+1","Magicka:ShieldBoost","Magicka:CreatePoisonCard+1","Magicka:StormCrusherCard","Impatience","Magicka:CreatePoisonCard","Magicka:PoisonCloudCard+1"],"relics":["Magicka:WizardStaff","Lantern","Regal Pillow"],"acts_visited":["Exordium"],"potions_floor_usage":[5,10],"damage_taken":[{"damage":2,"enemies":"2 Louse","floor":1,"turns":2},{"damage":50,"enemies":"Small Slimes","floor":2,"turns":7},{"damage":6,"enemies":"Cultist","floor":4,"turns":3},{"damage":11,"enemies":"Looter","floor":5,"turns":3},{"damage":11,"enemies":"2 Fungi Beasts","floor":8,"turns":3},{"damage":20,"enemies":"3 Sentries","floor":10,"turns":4},{"damage":0,"enemies":"Gremlin Gang","floor":12,"turns":2},{"damage":0,"enemies":"3 Louse","floor":14,"turns":1},{"damage":40,"enemies":"The Guardian","floor":16,"turns":4}],"seed_played":"404617541008235494","potions_obtained":[{"floor":1,"key":"ColorlessPotion"},{"floor":2,"key":"Block Potion"},{"floor":5,"key":"FearPotion"}],"is_trial":false,"path_per_floor":["M","M","$","M","M","R","?","M","T","E","R","M","R","M","R","B"],"character_chosen":"MAGICKA_WIZARD","items_purchased":["Magicka:ShieldBoost"],"campfire_rested":0,"item_purchase_floors":[3],"current_hp_per_floor":[33,3,3,21,22,22,22,35,35,38,38,38,38,38,38,0,0],"gold":178,"neow_bonus":"TEN_PERCENT_HP_BONUS","is_daily":false,"chose_seed":false,"campfire_upgraded":4,"win_rate":0.0,"timestamp":1608231577,"path_taken":["M","M","$","M","M","R","?","M","T","E","R","M","R","M","R","BOSS"],"items_purchased_type":["Card"],"build_version":"2020-12-13","purchased_purges":0,"victory":false,"max_hp_per_floor":[38,38,38,38,38,38,38,38,38,38,38,38,38,38,38,38,38],"card_choices":[{"not_picked":["Magicka:DeathRayCard","Magicka:SlipperyFireCard"],"picked":"Magicka:FastLightningCard","floor":1},{"not_picked":["Magicka:SausageCard","Magicka:SlipperyStoneCard"],"picked":"Magicka:FastLifeCard","floor":2},{"not_picked":["Magicka:RainCard","Magicka:SlipperyColdCard"],"picked":"Magicka:CreatePoisonCard","floor":4},{"not_picked":["Magicka:ShieldBoost","Magicka:SlipperyDeathCard"],"picked":"Magicka:StormCrusherCard","floor":5},{"not_picked":["Swift Strike","Secret Technique"],"picked":"Impatience","floor":7},{"not_picked":["Magicka:DeepFreezeCard","Magicka:SlideOverIceCard"],"picked":"Magicka:CreatePoisonCard","floor":8},{"not_picked":["Magicka:SlipperyColdCard","Magicka:SlipperyFireCard","Magicka:ExoticBladeCard"],"picked":"SKIP","floor":10},{"not_picked":["Magicka:FlamethrowerCard","Magicka:SlipperyLifeCard"],"picked":"Magicka:PoisonCloudCard","floor":12},{"not_picked":["Magicka:SlipperyColdCard","Magicka:SlipperyWaterCard","Magicka:BlasterCard"],"picked":"SKIP","floor":14}],"player_experience":674738,"relics_obtained":[{"floor":9,"key":"Lantern"},{"floor":10,"key":"Regal Pillow"}],"event_choices":[{"damage_healed":0,"gold_gain":1,"player_choice":"1","damage_taken":0,"max_hp_gain":0,"max_hp_loss":0,"event_name":"betterStone:BetterStone","floor":7,"gold_loss":0}],"is_beta":false,"boss_relics":[],"items_purged_floors":[],"is_endless":false,"potions_floor_spawned":[1,2,5],"killed_by":"The Guardian","ascension_level":20}}