{"host":"u0ul4tg7h190tzjo","time":1608228557,"event":{"mods":["AchievementEnabler","Act Like it!","Aspiration","BaseMod","Beaked The Cultist","Better Altar","Better Note","Better Sensory Stone","Better Skull","Better Third Choice","Colored Powertips","Conspire","Downfall","Energized Spire","GifTheSpireLib","Hubris","Minty Spire (QoL Compilation)","Rare Cards Sparkle","Shop Mod","Spikes Relics","StSLib","Stuff the Spire","The Dragon Tamer","vexMod"],"gold_per_floor":[99,99,124,49,63,74,101,101,119,44,64,77,96,113,132,233,233,233,251,251,251,262,272,272,272,286,311,330,349,16,32,42,42,42,42],"floor_reached":33,"playtime":2781,"items_purged":[],"score":267,"play_id":"a7cdde9c-d11e-416c-9dc7-23615268095e","local_time":"20201217130917","is_ascension_mode":false,"metric_token":1555,"campfire_choices":[{"floor":1,"key":"RECALL"},{"data":"DTMod:SwitchingTactic","floor":4,"key":"SMITH"},{"data":"DTMod:ComboAttack","floor":10,"key":"SMITH"},{"data":"DTMod:SealedStrike","floor":18,"key":"SMITH"},{"data":"DTMod:SealedStrike+1","floor":21,"key":"SMITH"}],"dtmod_dragon_data":[6,50,3,-1,10,0],"circlet_count":0,"master_deck":["DTMod:Strike","DTMod:Strike","DTMod:Strike","DTMod:Strike","DTMod:DoubleHit","DTMod:TargetDefense","DTMod:TargetDefense","DTMod:TargetDefense","DTMod:TargetDefense","DTMod:SwitchingTactic+1","DTMod:MaximumCharge","DTMod:ComboAttack+1","DTMod:Training","DTMod:ComboAttack","DTMod:MagiciansMark","DTMod:DragonDance","DTMod:RepeatStrike","DTMod:SealedStrike+2","DTMod:BlueScale","DTMod:DragonDance","DTMod:CrossStep","DTMod:ShieldDrain+1","DTMod:Observe+1","DTMod:ComboAttack","DTMod:CrossStep+1","DTMod:TauntingStrike"],"relics":["DTMod:PactStone","Anchor","aspiration:BabyByrd","downfall:HeartBlessingRed","Bag of Preparation","downfall:HeartBlessingBlue","hubris:HollowSoul","aspiration:EmptySkull","aspiration:HummingbirdHeart","DTMod:OddArmor","Blood Vial"],"acts_visited":["Exordium","TheCity"],"potions_floor_usage":[16,16,16,23,26,26,26,29,32],"damage_taken":[{"damage":0,"enemies":"conspire:RoseBush","floor":5,"turns":2},{"damage":0,"enemies":"Jaw Worm","floor":6,"turns":2},{"damage":0,"enemies":"2 Louse","floor":9,"turns":2},{"damage":0,"enemies":"Exordium Thugs","floor":11,"turns":5},{"damage":0,"enemies":"conspire:2 RoseBushes","floor":12,"turns":3},{"damage":0,"enemies":"Blue Slaver","floor":13,"turns":2},{"damage":0,"enemies":"2 Fungi Beasts","floor":14,"turns":2},{"damage":0,"enemies":"Exordium Wildlife","floor":15,"turns":2},{"damage":16,"enemies":"downfall:Ironclad","floor":16,"turns":5},{"damage":0,"enemies":"conspire:FuzzyDice","floor":19,"turns":3},{"damage":0,"enemies":"Chosen","floor":22,"turns":2},{"damage":0,"enemies":"Snake Plant","floor":23,"turns":3},{"damage":2,"enemies":"Shelled Parasite and Fungi","floor":26,"turns":5},{"damage":7,"enemies":"Gremlin Leader","floor":27,"turns":7},{"damage":7,"enemies":"Snecko","floor":28,"turns":4},{"damage":22,"enemies":"Chosen and Byrds","floor":29,"turns":6},{"damage":0,"enemies":"downfall:FleeingMerchant","floor":30,"turns":4},{"damage":7,"enemies":"Centurion and Healer","floor":31,"turns":5},{"damage":13,"enemies":"conspire:HollyBat","floor":32,"turns":7},{"damage":13,"enemies":"downfall:Watcher","floor":33,"turns":3}],"seed_played":"6464446245761536791","potions_obtained":[{"floor":5,"key":"Fire Potion"},{"floor":9,"key":"Energy Potion"},{"floor":13,"key":"Dexterity Potion"},{"floor":14,"key":"Block Potion"},{"floor":22,"key":"DistilledChaos"},{"floor":23,"key":"Regen Potion"},{"floor":25,"key":"Energy Potion"},{"floor":25,"key":"GamblersBrew"},{"floor":28,"key":"hexamod:EctoCoolerPotion"},{"floor":31,"key":"DuplicationPotion"}],"is_trial":false,"path_per_floor":["R","?","T","R","M","M","T","?","M","R","M","M","M","M","M","B",null,"R","M","?","R","M","M","T","?","M","E","M","M","$","M","M","B"],"character_chosen":"THE_DT","items_purchased":["DTMod:OddArmor","Blood Vial","DTMod:ComboAttack"],"campfire_rested":0,"item_purchase_floors":[30,30,30],"current_hp_per_floor":[45,45,45,45,45,45,45,45,45,55,55,55,55,55,55,39,55,55,55,55,55,55,55,55,55,53,46,39,17,17,12,1,0,0,0],"gold":42,"neow_bonus":"RANDOM_COMMON_RELIC","is_daily":false,"chose_seed":false,"campfire_upgraded":4,"win_rate":0.0,"timestamp":1608228557,"path_taken":["R","?","?","R","M","M","T","?","M","R","?","M","M","M","M","BOSS","R","M","?","R","M","M","T","?","M","E","M","M","?","M","M","BOSS"],"items_purchased_type":["Relic","Relic","Card"],"build_version":"2020-12-13","purchased_purges":0,"victory":false,"max_hp_per_floor":[45,45,45,45,45,45,45,45,45,55,55,55,55,55,55,55,55,55,55,55,55,55,55,55,55,55,55,55,55,55,55,55,55,55,55],"card_choices":[{"not_picked":["DTMod:LowKick","DTMod:Punisher","DTMod:GhostSkin"],"picked":"SKIP","floor":5},{"not_picked":["DTMod:FlameSlash","DTMod:Adaptation"],"picked":"DTMod:MaximumCharge","floor":6},{"not_picked":["DTMod:BuildUp","DTMod:DeepFocus"],"picked":"DTMod:ComboAttack","floor":9},{"not_picked":["DTMod:Feint","DTMod:QuickFly"],"picked":"DTMod:Training","floor":11},{"not_picked":["DTMod:Dissolve","DTMod:MasterPlan"],"picked":"DTMod:ComboAttack","floor":12},{"not_picked":["DTMod:Feint","DTMod:HeatWave"],"picked":"DTMod:MagiciansMark","floor":13},{"not_picked":["DTMod:Feint","DTMod:FlameSlash"],"picked":"DTMod:DragonDance","floor":14},{"not_picked":["DTMod:Threaten","DTMod:InvisibleFlame"],"picked":"DTMod:RepeatStrike","floor":15},{"not_picked":["DTMod:Inferno","DTMod:HeadStart"],"picked":"DTMod:SealedStrike","floor":16},{"not_picked":["DTMod:BreakAttack+1","DTMod:MagicField","DTMod:CleansingStrike"],"picked":"SKIP","floor":19},{"not_picked":["DTMod:MasterPlan+1","DTMod:BurningForce"],"picked":"DTMod:BlueScale","floor":22},{"not_picked":["DTMod:QuickFly","DTMod:Weaken","DTMod:BurningForce"],"picked":"SKIP","floor":23},{"not_picked":["DTMod:Shift","DTMod:BlueScale","DTMod:RecklessFlurry"],"picked":"SKIP","floor":26},{"not_picked":["DTMod:CalculatedDefense","DTMod:MasterPlan"],"picked":"DTMod:DragonDance","floor":27},{"not_picked":["DTMod:Training","DTMod:MasterPlan"],"picked":"DTMod:CrossStep","floor":28},{"not_picked":["DTMod:HeatWave","DTMod:Multitask"],"picked":"DTMod:ShieldDrain+1","floor":29},{"not_picked":["DTMod:BlazingStrike","DTMod:FlameSlash"],"picked":"DTMod:Observe+1","floor":30},{"not_picked":["DTMod:CalculatedDefense+1","DTMod:SneakAttack"],"picked":"DTMod:CrossStep+1","floor":31},{"not_picked":["DTMod:CalculatedDefense","DTMod:MagicField"],"picked":"DTMod:TauntingStrike","floor":32}],"player_experience":174620,"relics_obtained":[{"floor":7,"key":"Bag of Preparation"},{"floor":24,"key":"aspiration:EmptySkull"},{"floor":27,"key":"aspiration:HummingbirdHeart"}],"event_choices":[{"damage_healed":0,"gold_gain":0,"player_choice":"Full Heal","damage_taken":0,"max_hp_gain":0,"max_hp_loss":0,"event_name":"Wheel of Change","floor":8,"gold_loss":0},{"damage_healed":0,"gold_gain":0,"player_choice":"Ignored","damage_taken":0,"max_hp_gain":0,"max_hp_loss":0,"event_name":"Transmorgrifier","floor":20,"gold_loss":0},{"damage_healed":0,"gold_gain":0,"player_choice":"Got Potions","damage_taken":0,"max_hp_gain":0,"max_hp_loss":0,"event_name":"Lab","floor":25,"gold_loss":0}],"is_beta":false,"boss_relics":[{"not_picked":["Cursed Key","StuffTheSpire:RunicConfusion"],"picked":"hubris:HollowSoul"}],"items_purged_floors":[],"is_endless":false,"potions_floor_spawned":[5,9,13,14,15,22,23,28,31],"killed_by":"downfall:Watcher","ascension_level":0}}