{"host":"fqid566djxhwi0rl","time":1608208819,"event":{"mods":["2.2 Compatiblity","AchievementEnabler","Aspiration","BaseMod","Downfall","Energized Spire","Faster Ascension Climbing","GifTheSpireLib","Minty Spire (QoL Compilation)","Replay The Spire","StSLib","The Blackbeard","The Gatherer","Trackpad","Yuri Mod"],"gold_per_floor":[116,132,149,224,224,251,290,290,290,290,310,310,337,351,351,452,452,463,481,481,481],"floor_reached":20,"playtime":1147,"items_purged":[],"score":366,"play_id":"4a019b9b-fa97-47fb-8e28-13f2896a9b5b","local_time":"20201217144019","is_ascension_mode":true,"campfire_choices":[{"floor":10,"key":"REST"},{"floor":12,"key":"REST"},{"data":"sneckomod:WideSting","floor":15,"key":"SMITH"}],"circlet_count":0,"master_deck":["AscendersBane","sneckomod:Strike","sneckomod:Strike","sneckomod:Strike","sneckomod:Defend","sneckomod:Defend","sneckomod:Defend","sneckomod:TailWhip","sneckomod:SnekBite","sneckomod:Unknown","sneckomod:Unknown","sneckomod:WideSting+1","sneckomod:SoulCleanse","sneckomod:UnknownClassGREEN","Injury","sneckomod:UnknownCommonSkill+1","sneckomod:UnknownBlock+1","sneckomod:UnknownRareSkill+1","sneckomod:UnknownExhaust+1","sneckomod:SerpentMind","sneckomod:TrashToTreasure+1","sneckomod:UnknownDexterity+1"],"relics":["sneckomod:SneckoSoul","aspiration:DSix","Toxic Egg 2","Bag of Marbles","Singing Bowl","Divine Protection","Coffee Dripper"],"acts_visited":["Exordium","TheCity"],"potions_floor_usage":[6,13,18,19],"damage_taken":[{"damage":1.0,"enemies":"2 Louse","floor":1.0,"turns":4.0},{"damage":4.0,"enemies":"Jaw Worm","floor":2.0,"turns":5.0},{"damage":0.0,"enemies":"Small Slimes","floor":3.0,"turns":3.0},{"damage":34,"enemies":"Gremlin Nob","floor":6,"turns":5},{"damage":9,"enemies":"3 Louse","floor":7,"turns":6},{"damage":13,"enemies":"Looter","floor":11,"turns":4},{"damage":14,"enemies":"3 Sentries","floor":13,"turns":4},{"damage":0,"enemies":"Large Slime","floor":14,"turns":3},{"damage":0,"enemies":"The Guardian","floor":16,"turns":11},{"damage":2,"enemies":"Chosen","floor":18,"turns":4},{"damage":50,"enemies":"Shell Parasite","floor":19,"turns":8},{"damage":48,"enemies":"Shelled Parasite and Fungi","floor":20,"turns":4}],"seed_played":"5201229748467802859","potions_obtained":[{"floor":3.0,"key":"CultistPotion"},{"floor":11,"key":"Strength Potion"},{"floor":13,"key":"AttackPotion"},{"floor":16,"key":"Block Potion"},{"floor":19,"key":"Strength Potion"}],"is_trial":false,"path_per_floor":["M","M","M","?","?","E","M","?","T","R","M","R","E","M","R","B",null,"M","M","M"],"character_chosen":"THE_SNECKO","items_purchased":[],"campfire_rested":2,"item_purchase_floors":[],"current_hp_per_floor":[84,80,81,70,70,37,29,26,26,53,41,69,56,58,58,58,87,89,40,0,0],"gold":481,"neow_bonus":"DSIX","is_daily":false,"chose_seed":false,"campfire_upgraded":1,"win_rate":0.0,"timestamp":1608208819,"path_taken":["M","M","M","?","?","E","M","?","T","R","M","R","E","M","R","BOSS","M","M","M"],"items_purchased_type":[],"build_version":"2020-12-13","purchased_purges":0,"victory":false,"max_hp_per_floor":[90,90,91,91,91,92,93,93,93,93,94,94,95,97,97,97,97,97,98,98,98],"card_choices":[{"not_picked":["sneckomod:IronFang","sneckomod:DiceBoulder"],"picked":"sneckomod:WideSting","floor":1.0},{"not_picked":["sneckomod:UnknownCommonSkill","sneckomod:UnknownClassTHE_CHAMP_GRAY"],"picked":"sneckomod:SoulCleanse","floor":2.0},{"not_picked":["sneckomod:RainOfDice","sneckomod:SoulRoll"],"picked":"sneckomod:UnknownClassGREEN","floor":3.0},{"not_picked":["sneckomod:DiceBlock+1","sneckomod:QuickBite"],"picked":"sneckomod:UnknownCommonSkill+1","floor":6},{"not_picked":["sneckomod:UnknownCommonAttack","sneckomod:SoulRoll+1"],"picked":"sneckomod:UnknownBlock+1","floor":7},{"not_picked":["sneckomod:IronFang","sneckomod:WideSting"],"picked":"sneckomod:UnknownRareSkill+1","floor":11},{"not_picked":["sneckomod:UnknownClassGATHERER_LIME+1","sneckomod:RainOfDice"],"picked":"sneckomod:UnknownExhaust+1","floor":13},{"not_picked":["sneckomod:MixItUp","sneckomod:UnknownStrike","sneckomod:Mudshield"],"picked":"Singing Bowl","floor":14},{"not_picked":["sneckomod:Unknown3Cost+1","sneckomod:UnknownRareAttack"],"picked":"sneckomod:SerpentMind","floor":16},{"not_picked":["sneckomod:UnknownBlock+1","sneckomod:ImprovisedAttack"],"picked":"sneckomod:TrashToTreasure+1","floor":18},{"not_picked":["sneckomod:DiceCrush","sneckomod:RainOfDice"],"picked":"sneckomod:UnknownDexterity+1","floor":19}],"player_experience":701203,"relics_obtained":[{"floor":6,"key":"Bag of Marbles"},{"floor":13,"key":"Divine Protection"}],"event_choices":[{"damage_healed":0.0,"max_hp_gain":0.0,"max_hp_loss":0.0,"gold_gain":75.0,"event_name":"World of Goop","player_choice":"Gather Gold","floor":4.0,"gold_loss":0.0,"damage_taken":11.0},{"damage_healed":0,"gold_gain":0,"player_choice":"Success","damage_taken":3,"relics_obtained":["Singing Bowl"],"max_hp_gain":0,"max_hp_loss":0,"event_name":"Scrap Ooze","floor":8,"gold_loss":0}],"is_beta":false,"boss_relics":[{"not_picked":["Honey Jar","Runic Pyramid"],"picked":"Coffee Dripper"}],"items_purged_floors":[],"is_endless":false,"potions_floor_spawned":[3,11,13,16,19],"killed_by":"Shelled Parasite and Fungi","ascension_level":11}}