{"host":"wukocnei7dgudpva","time":1608185635,"event":{"mods":["AchievementEnabler","BaseMod","Colored Map","Minty Spire (QoL Compilation)","Permanent Neow","StSLib","SuperFastMode"],"gold_per_floor":[111,129,129,129,146,146,160,160,160,193,207,207,132,144,144,144,144],"floor_reached":16,"playtime":575,"items_purged":["Strike_P"],"score":102,"play_id":"55284832-35a3-468c-b824-5abd3b4b005e","local_time":"20201217151355","is_ascension_mode":false,"campfire_choices":[{"data":"Eruption","floor":6.0,"key":"SMITH"},{"floor":8.0,"key":"RECALL"},{"floor":12,"key":"REST"},{"floor":15,"key":"REST"}],"circlet_count":0,"master_deck":["Strike_P","Strike_P","Defend_P","Defend_P","Defend_P","Eruption+1","Vigilance"],"relics":["Empty Cage","WingedGreaves","White Beast Statue"],"acts_visited":["Exordium"],"potions_floor_usage":[10,11,14,16,16],"damage_taken":[{"damage":2.0,"enemies":"Cultist","floor":1.0,"turns":4.0},{"damage":0.0,"enemies":"Small Slimes","floor":2.0,"turns":3.0},{"damage":0.0,"enemies":"2 Louse","floor":5.0,"turns":3.0},{"damage":3.0,"enemies":"Blue Slaver","floor":7.0,"turns":3.0},{"damage":57,"enemies":"Gremlin Nob","floor":10,"turns":4},{"damage":2,"enemies":"3 Louse","floor":11,"turns":2},{"damage":5,"enemies":"2 Fungi Beasts","floor":14,"turns":3},{"damage":62,"enemies":"The Guardian","floor":16,"turns":13}],"seed_played":"-2262551311165776335","potions_obtained":[{"floor":5.0,"key":"StancePotion"},{"floor":7.0,"key":"SkillPotion"},{"floor":10,"key":"Block Potion"},{"floor":11,"key":"GamblersBrew"},{"floor":14,"key":"LiquidMemories"}],"is_trial":false,"path_per_floor":["M","M","$","?","M","R","M","R","T","E","M","R","$","M","R","B"],"character_chosen":"WATCHER","items_purchased":[],"campfire_rested":2,"item_purchase_floors":[],"current_hp_per_floor":[70,70,70,67,67,67,64,64,64,7,5,26,26,21,42,0,0],"gold":144,"neow_bonus":"BOSS_RELIC","is_daily":false,"chose_seed":false,"campfire_upgraded":1,"win_rate":0.0,"timestamp":1608185635,"path_taken":["M","M","$","?","M","R","M","R","T","E","M","R","$","M","R","BOSS"],"items_purchased_type":[],"build_version":"2020-12-13","purchased_purges":1,"victory":false,"max_hp_per_floor":[72,72,72,72,72,72,72,72,72,72,72,72,72,72,72,72,72],"card_choices":[{"not_picked":["Evaluate","Conclude","Crescendo"],"picked":"SKIP","floor":1.0},{"not_picked":["CrushJoints","SandsOfTime","Protect"],"picked":"SKIP","floor":2.0},{"not_picked":["Worship","BowlingBash","SashWhip"],"picked":"SKIP","floor":5.0},{"not_picked":["TalkToTheHand","SignatureMove","SashWhip"],"picked":"SKIP","floor":7.0},{"not_picked":["PathToVictory","EmptyBody","CarveReality"],"picked":"SKIP","floor":10},{"not_picked":["Vengeance","Study","Prostrate"],"picked":"SKIP","floor":11},{"not_picked":["ConjureBlade","BowlingBash","ThirdEye"],"picked":"SKIP","floor":14}],"player_experience":257936,"relics_obtained":[{"floor":10,"key":"White Beast Statue"}],"event_choices":[{"damage_healed":0.0,"max_hp_gain":0.0,"max_hp_loss":0.0,"gold_gain":0.0,"event_name":"Scrap Ooze","player_choice":"Success","floor":4.0,"gold_loss":0.0,"damage_taken":3.0,"relics_obtained":["WingedGreaves"]}],"is_beta":false,"boss_relics":[],"items_purged_floors":[13],"is_endless":false,"potions_floor_spawned":[5,7,10,11,14],"killed_by":"The Guardian","ascension_level":0}}