{"host":"og6lam4kt3nibbw0","time":1608188483,"event":{"mods":["AchievementEnabler","BaseMod","Colored Map","DeckTracker","Highlight Path","Keyboard Shortcuts","Minty Spire (QoL Compilation)","Permanent Neow","Quick Restart","StSLib","SuperFastMode"],"gold_per_floor":[118,118,137,100,114,114,29,68,68,68,88,123,137,152,152,230,230,246,246,206,206],"floor_reached":20,"playtime":832,"items_purged":[],"score":352,"play_id":"2d8d1942-b159-4b0c-ab5c-de4f8b73031c","local_time":"20201217160123","is_ascension_mode":true,"campfire_choices":[{"data":"Zap","floor":6.0,"key":"SMITH"},{"floor":15,"key":"REST"}],"circlet_count":0,"master_deck":["AscendersBane","Zap+1","Dualcast","Heatsinks","Coolheaded","Sunder","Coolheaded","Beam Cell","Creative AI","Biased Cognition","Multi-Cast","Rebound","Seek","Defragment","Consume","Doom and Gloom","Self Repair"],"relics":["Cracked Core","StoneCalendar","Pear","Bottled Flame","Pandora\u0027s Box","Symbiotic Virus"],"acts_visited":["TheCity"],"potions_floor_usage":[8,14,16,16],"damage_taken":[{"damage":2.0,"enemies":"Jaw Worm","floor":1.0,"turns":3.0},{"damage":3.0,"enemies":"2 Louse","floor":3.0,"turns":2.0},{"damage":4.0,"enemies":"Small Slimes","floor":5.0,"turns":3.0},{"damage":1,"enemies":"Exordium Thugs","floor":8,"turns":3},{"damage":5,"enemies":"3 Louse","floor":11,"turns":3},{"damage":18,"enemies":"Lagavulin","floor":12,"turns":7},{"damage":6,"enemies":"Gremlin Gang","floor":13,"turns":5},{"damage":5,"enemies":"Lots of Slimes","floor":14,"turns":5},{"damage":21,"enemies":"The Guardian","floor":16,"turns":12},{"damage":37,"enemies":"3 Byrds","floor":18,"turns":6},{"damage":22,"enemies":"2 Thieves","floor":20,"turns":2}],"seed_played":"-3146444808626706518","potions_obtained":[{"floor":1.0,"key":"ColorlessPotion"},{"floor":5.0,"key":"GamblersBrew"},{"floor":8,"key":"Energy Potion"},{"floor":14,"key":"Explosive Potion"}],"is_trial":false,"path_per_floor":["M","?","M","$","M","R","$","M","T","?","M","E","M","M","R","B",null,"M","?","M"],"character_chosen":"DEFECT","items_purchased":["BootSequence","Sunder"],"campfire_rested":1,"item_purchase_floors":[4,7],"current_hp_per_floor":[44,37,34,34,30,30,30,29,39,39,34,16,10,5,29,8,63,33,33,11,11],"gold":206,"neow_bonus":"ONE_RARE_RELIC","is_daily":false,"chose_seed":false,"campfire_upgraded":1,"win_rate":0.0,"timestamp":1608188483,"path_taken":["M","?","M","$","M","R","$","M","T","?","M","E","M","M","R","BOSS","M","?","M"],"items_purchased_type":["Card","Card"],"build_version":"2020-12-13","purchased_purges":0,"victory":false,"max_hp_per_floor":[71,71,71,71,71,71,71,71,81,81,81,81,81,81,81,81,81,81,81,81,81],"card_choices":[{"not_picked":["Capacitor","Conserve Battery"],"picked":"Heatsinks","floor":1.0},{"not_picked":["Steam","Barrage","Gash"],"picked":"SKIP","floor":3.0},{"not_picked":["Lockon","Stack"],"picked":"Coolheaded","floor":5.0},{"not_picked":["Tempest","Steam","Force Field"],"picked":"SKIP","floor":8},{"not_picked":["Go for the Eyes","Stack","Steam Power"],"picked":"SKIP","floor":11},{"not_picked":["Steam","Rebound"],"picked":"Coolheaded","floor":12},{"not_picked":["Stack","Gash"],"picked":"Beam Cell","floor":13},{"not_picked":["Barrage","Capacitor"],"picked":"Creative AI","floor":14},{"not_picked":["Amplify","Fission"],"picked":"Biased Cognition","floor":16},{"not_picked":["Steam","Beam Cell","Melter"],"picked":"SKIP","floor":18}],"player_experience":781115,"relics_obtained":[{"floor":9,"key":"Pear"},{"floor":12,"key":"Bottled Flame"}],"event_choices":[{"cards_removed":["Strike_B"],"damage_healed":0.0,"max_hp_gain":0.0,"max_hp_loss":0.0,"gold_gain":0.0,"event_name":"Golden Wing","player_choice":"Card Removal","floor":2.0,"gold_loss":0.0,"damage_taken":7.0},{"damage_healed":0,"gold_gain":0,"player_choice":"Ignored","damage_taken":0,"max_hp_gain":0,"max_hp_loss":0,"event_name":"Shining Light","floor":10,"gold_loss":0},{"cards_removed":["BootSequence"],"damage_healed":0,"gold_gain":0,"player_choice":"Gave Card","damage_taken":0,"relics_obtained":["Symbiotic Virus"],"max_hp_gain":0,"max_hp_loss":0,"event_name":"WeMeetAgain","floor":19,"gold_loss":0}],"is_beta":false,"boss_relics":[{"not_picked":["Velvet Choker","Astrolabe"],"picked":"Pandora\u0027s Box"}],"items_purged_floors":[],"is_endless":false,"potions_floor_spawned":[1,5,8,11,14],"killed_by":"2 Thieves","ascension_level":20}}