{"host":"b4asi0laiv85suj9","time":1608183008,"event":{"mods":["BaseMod","Minty Spire (QoL Compilation)","MostiFishMod","Relic Stats","StSLib","TestMod","noobMod"],"gold_per_floor":[110,125,135,135,150,179,179,211,211,225,300,332,103,114,114,216,216,234,248,275,200,216,241,260,288,288,288,288,303,108,121,121,216,216,227,275,288,126,126,153,153,188,188,206,256,284,284,331,331,343,343,343,32,72,89],"floor_reached":56,"playtime":1626,"items_purged":["Strike_R","Strike_R","Barricade","Strike_R"],"score":3025,"play_id":"1569c6fa-22e6-4457-899d-6ec9a2ffcc98","local_time":"20201217133007","is_ascension_mode":true,"campfire_choices":[{"data":"Pommel Strike","floor":7,"key":"SMITH"},{"data":"ForeignInfluence","floor":15,"key":"SMITH"},{"floor":28,"key":"RECALL"},{"data":"Pray","floor":32,"key":"SMITH"},{"data":"Recycle","floor":41,"key":"SMITH"},{"data":"Prostrate","floor":47,"key":"SMITH"},{"data":"Body Slam","floor":49,"key":"SMITH"},{"data":"MostiFishMod:WinterMarkForm","floor":52,"key":"SMITH"}],"circlet_count":0,"master_deck":["AscendersBane","Defend_R","Defend_R","Bash","Pommel Strike+1","FollowUp","ForeignInfluence+1","Pray+1","Expertise","Prostrate+1","MostiFishMod:WinterMarkForm+1","testmod-Automaton+1","Purity","Blade Dance","Panache","Rampage+1","Intimidate+1","Thunderclap+1","Recycle+1","Body Slam+1","Tantrum+1","Discovery","Rage"],"relics":["testmod-TestBox","DaveBox","ice","testmod-Fanaticism","FeatherPendant","testmod-Justice","Question Card","PrismaticShard","Tiny Chest","testmod-ConstraintPeriapt","Ice Cream","Dead Branch","Bag of Preparation","ImportantClient","PatriotShield","Red Mask","testmod-LifeArmor","Ancient Tea Set","Singing Bowl","Medical Kit","Astrolabe","Incense Burner","Juzu Bracelet","Vajra","Anchor","Girya","TungstenRod","testmod-Acrobat","Centennial Puzzle"],"acts_visited":["Exordium","TheCity","TheBeyond","TheEnding"],"potions_floor_usage":[12,12,38,55,55],"damage_taken":[{"damage":14,"enemies":"Jaw Worm","floor":1,"turns":2},{"damage":0,"enemies":"2 Louse","floor":2,"turns":1},{"damage":0,"enemies":"Small Slimes","floor":3,"turns":1},{"damage":8,"enemies":"2 Fungi Beasts","floor":5,"turns":2},{"damage":0,"enemies":"Gremlin Nob","floor":6,"turns":2},{"damage":10,"enemies":"3 Sentries","floor":8,"turns":3},{"damage":24,"enemies":"Exordium Thugs","floor":10,"turns":2},{"damage":0,"enemies":"Lagavulin","floor":12,"turns":3},{"damage":0,"enemies":"Exordium Wildlife","floor":14,"turns":1},{"damage":0,"enemies":"Hexaghost","floor":16,"turns":2},{"damage":0,"enemies":"Chosen","floor":18,"turns":1},{"damage":0,"enemies":"Spheric Guardian","floor":19,"turns":1},{"damage":0,"enemies":"Masked Bandits","floor":20,"turns":1},{"damage":0,"enemies":"Shelled Parasite and Fungi","floor":22,"turns":1},{"damage":0,"enemies":"Gremlin Leader","floor":23,"turns":2},{"damage":12,"enemies":"Snake Plant","floor":24,"turns":2},{"damage":0,"enemies":"Slavers","floor":25,"turns":1},{"damage":0,"enemies":"Sentry and Sphere","floor":29,"turns":1},{"damage":0,"enemies":"Shelled Parasite and Fungi","floor":31,"turns":1},{"damage":0,"enemies":"Automaton","floor":33,"turns":1},{"damage":0,"enemies":"Orb Walker","floor":35,"turns":1},{"damage":0,"enemies":"2 Orb Walkers","floor":36,"turns":1},{"damage":0,"enemies":"3 Shapes","floor":37,"turns":1},{"damage":10,"enemies":"Nemesis","floor":40,"turns":3},{"damage":0,"enemies":"Reptomancer","floor":42,"turns":1},{"damage":0,"enemies":"3 Darklings","floor":44,"turns":1},{"damage":0,"enemies":"Mind Bloom Boss Battle","floor":45,"turns":1},{"damage":0,"enemies":"Giant Head","floor":46,"turns":2},{"damage":0,"enemies":"Donu and Deca","floor":50,"turns":1},{"damage":0,"enemies":"Shield and Spear","floor":54,"turns":1},{"damage":34,"enemies":"The Heart","floor":55,"turns":3}],"seed_played":"5579644220804899591","potions_obtained":[{"floor":2,"key":"LiquidBronze"},{"floor":5,"key":"SpeedPotion"},{"floor":8,"key":"DistilledChaos"},{"floor":12,"key":"testmod-SpacePotion"},{"floor":23,"key":"EssenceOfSteel"},{"floor":25,"key":"CultistPotion"},{"floor":29,"key":"Swift Potion"},{"floor":40,"key":"DistilledChaos"},{"floor":44,"key":"Swift Potion"}],"is_trial":false,"path_per_floor":["M","M","M","?","M","E","R","E","T","M","?","E","$","M","R","B",null,"M","M","?","?","M","E","M","E","T","T","R","M","$","M","R","B",null,"M","?","M","$","?","E","R","E","T","M","?","E","R","T","R","B",null,"R","$","E","B",null],"character_chosen":"IRONCLAD","items_purchased":["Bag of Preparation","Medical Kit","testmod-SpacePotion","Ancient Potion","Discovery","Rage"],"campfire_rested":0,"item_purchase_floors":[13,30,38,53,53,53],"current_hp_per_floor":[60,60,60,65,60,60,60,63,63,46,35,40,40,41,41,41,74,74,74,74,74,74,75,81,81,81,81,81,81,81,83,83,83,86,88,88,90,90,90,91,91,91,91,93,95,97,97,97,97,97,97,97,97,99,98],"gold":89,"neow_bonus":"BOSS_RELIC","is_daily":false,"chose_seed":false,"campfire_upgraded":7,"win_rate":0.0,"timestamp":1608183007,"path_taken":["M","M","M","?","M","E","R","E","T","M","?","E","$","M","R","BOSS","M","M","?","?","M","E","M","E","T","?","R","M","$","M","R","BOSS","M","?","M","$","?","E","R","E","T","M","?","E","R","?","R","BOSS","R","$","E","BOSS"],"items_purchased_type":["Relic","Relic","Potion","Potion","Card","Card"],"build_version":"2020-12-13","purchased_purges":4,"victory":true,"max_hp_per_floor":[80,80,80,85,85,85,85,85,85,85,85,85,85,85,85,85,85,85,85,85,85,85,85,85,85,85,85,85,85,85,87,87,87,87,89,89,91,91,91,91,91,91,91,93,95,97,97,97,97,97,97,97,97,99,99],"relic_stats":{"Centennial Puzzle":[3],"Singing Bowl":14,"counters":[31,47],"Dead Branch":[46],"Astrolabe":["Rampage","Intimidate","Thunderclap"],"Tiny Chest":2,"Bag of Preparation":[46],"Juzu Bracelet":0,"Question Card":28,"Medical Kit":[4],"obtain_stats":[{"Ice Cream":9,"PatriotShield":17,"DaveBox":0,"Singing Bowl":26,"Vajra":42,"testmod-LifeArmor":23,"ice":0,"Bag of Preparation":13,"Incense Burner":36,"Juzu Bracelet":40,"PrismaticShard":1,"Ancient Tea Set":25,"Burning Blood":0,"testmod-Fanaticism":0,"Centennial Puzzle":54,"Tiny Chest":6,"Red Mask":20,"ImportantClient":16,"Girya":45,"testmod-TestBox":0,"Dead Branch":12,"Astrolabe":34,"testmod-Justice":0,"testmod-ConstraintPeriapt":8,"Question Card":1,"Medical Kit":30,"Anchor":43,"FeatherPendant":0,"testmod-Acrobat":48,"TungstenRod":46},{"Ice Cream":6,"PatriotShield":10,"DaveBox":0,"Singing Bowl":17,"Vajra":25,"testmod-LifeArmor":15,"ice":0,"Bag of Preparation":8,"Incense Burner":22,"Juzu Bracelet":24,"PrismaticShard":1,"Ancient Tea Set":17,"Burning Blood":0,"testmod-Fanaticism":0,"Centennial Puzzle":30,"Tiny Chest":5,"Red Mask":13,"ImportantClient":10,"Girya":27,"testmod-TestBox":0,"Dead Branch":8,"Astrolabe":20,"testmod-Justice":0,"testmod-ConstraintPeriapt":6,"Question Card":1,"Medical Kit":18,"Anchor":25,"FeatherPendant":0,"testmod-Acrobat":28,"TungstenRod":28},{"Ice Cream":11,"PatriotShield":19,"DaveBox":0,"Singing Bowl":28,"Vajra":38,"testmod-LifeArmor":25,"ice":0,"Bag of Preparation":16,"Incense Burner":33,"Juzu Bracelet":37,"PrismaticShard":2,"Ancient Tea Set":28,"Burning Blood":0,"testmod-Fanaticism":0,"Centennial Puzzle":44,"Tiny Chest":8,"Red Mask":22,"ImportantClient":19,"Girya":40,"testmod-TestBox":0,"Dead Branch":16,"Astrolabe":31,"testmod-Justice":0,"testmod-ConstraintPeriapt":11,"Question Card":2,"Medical Kit":29,"Anchor":38,"FeatherPendant":0,"testmod-Acrobat":42,"TungstenRod":42}],"TungstenRod":1},"card_choices":[{"not_picked":["Flex","Cleave"],"picked":"Pommel Strike","floor":1},{"not_picked":["Searing Blow","Iron Wave","Hello World","Evaluate"],"picked":"SKIP","floor":2},{"not_picked":["Prepared","Hologram","Intimidate"],"picked":"FollowUp","floor":3},{"not_picked":["Iron Wave","ThirdEye","Turbo","Ball Lightning"],"picked":"SKIP","floor":5},{"not_picked":["Double Energy","Vengeance","MostiFishMod:FantasySummer"],"picked":"ForeignInfluence","floor":6},{"not_picked":["WindmillStrike","Sword Boomerang","Barrage"],"picked":"Pray","floor":8},{"not_picked":["Worship","Blizzard","Sunder"],"picked":"Expertise","floor":10},{"not_picked":["Uppercut","Gash","Genetic Algorithm"],"picked":"Prostrate","floor":12},{"not_picked":["ClearTheMind","DeceiveReality","FearNoEvil"],"picked":"Conclude","floor":14},{"not_picked":["MostiFishMod:OrdinaryWorld","Corruption","testmod-TradeIn"],"picked":"MostiFishMod:WinterMarkForm","floor":16},{"not_picked":["Go for the Eyes+1","Uppercut","Conserve Battery+1","Pommel Strike"],"picked":"SKIP","floor":18},{"not_picked":["Feel No Pain","ClearTheMind","Perfected Strike+1"],"picked":"testmod-Automaton+1","floor":19},{"not_picked":["MostiFishMod:ThornCasing","Havoc","Underhanded Strike+1"],"picked":"Purity","floor":22},{"not_picked":["Protect","PiercingWail","Dagger Spray+1"],"picked":"Blade Dance","floor":23},{"not_picked":["Combust+1","Adaptation","Dash","Conclude"],"picked":"SKIP","floor":24},{"not_picked":["Body Slam","testmod-SubstituteBySubterfuge","Cleave","Indignation"],"picked":"SKIP","floor":25},{"not_picked":["Flying Knee","EmptyBody+1","testmod-RabbitOfFibonacci+1"],"picked":"Panache","floor":29},{"not_picked":["Flying Knee","ThirdEye+1","Blade Dance","FollowUp+1"],"picked":"Singing Bowl","floor":31},{"not_picked":["Die Die Die","Judgement","Magnetism"],"picked":"Barricade","floor":33},{"not_picked":["Dual Wield+1","EmptyMind+1","Warcry+1","testmod-Collector+1"],"picked":"Singing Bowl","floor":35},{"not_picked":["Prostrate+1","Go for the Eyes+1","Concentrate+1"],"picked":"Recycle","floor":36},{"not_picked":["Discovery+1","Flechettes","Iron Wave","Consecrate+1"],"picked":"Singing Bowl","floor":37},{"not_picked":["ReachHeaven+1","Deep Breath","Compile Driver+1"],"picked":"Body Slam","floor":40},{"not_picked":["FlyingSleeves+1","MostiFishMod:PathToVictory","MostiFishMod:PerfectParry+1"],"picked":"Tantrum+1","floor":42},{"not_picked":["Purity","Iron Wave+1","Flex+1","testmod-Provocation+1"],"picked":"Singing Bowl","floor":44},{"not_picked":["BootSequence+1","Crippling Poison+1","MostiFishMod:Speedup","EmptyFist"],"picked":"Singing Bowl","floor":45},{"not_picked":["Good Instincts+1","Crescendo","Static Discharge","Choke+1"],"picked":"Singing Bowl","floor":46},{"not_picked":["HandOfGreed","Bloodletting+1","Footwork+1","ThirdEye+1"],"picked":"Singing Bowl","floor":54}],"player_experience":184851,"relics_obtained":[{"floor":1,"key":"Question Card"},{"floor":1,"key":"PrismaticShard"},{"floor":6,"key":"Tiny Chest"},{"floor":8,"key":"testmod-ConstraintPeriapt"},{"floor":9,"key":"Ice Cream"},{"floor":12,"key":"Dead Branch"},{"floor":16,"key":"ImportantClient"},{"floor":20,"key":"Red Mask"},{"floor":23,"key":"testmod-LifeArmor"},{"floor":25,"key":"Ancient Tea Set"},{"floor":26,"key":"Singing Bowl"},{"floor":36,"key":"Incense Burner"},{"floor":40,"key":"Juzu Bracelet"},{"floor":42,"key":"Vajra"},{"floor":43,"key":"Anchor"},{"floor":45,"key":"Girya"},{"floor":46,"key":"TungstenRod"},{"floor":48,"key":"testmod-Acrobat"},{"floor":54,"key":"Centennial Puzzle"}],"event_choices":[{"damage_healed":0,"gold_gain":0,"player_choice":"Donut","damage_taken":0,"max_hp_gain":5,"max_hp_loss":0,"event_name":"Big Fish","floor":4,"gold_loss":0},{"damage_healed":0,"gold_gain":75,"player_choice":"Gather Gold","damage_taken":11,"max_hp_gain":0,"max_hp_loss":0,"event_name":"World of Goop","floor":11,"gold_loss":0},{"damage_healed":0,"gold_gain":0,"player_choice":"Fought Bandits","damage_taken":0,"max_hp_gain":0,"max_hp_loss":0,"event_name":"Masked Bandits","floor":20,"gold_loss":0},{"cards_removed":["Defend_R"],"damage_healed":0,"gold_gain":0,"player_choice":"Gave Gold","damage_taken":0,"max_hp_gain":0,"max_hp_loss":0,"event_name":"Beggar","floor":21,"gold_loss":75},{"damage_healed":0,"gold_gain":0,"player_choice":"Fight","damage_taken":0,"max_hp_gain":0,"max_hp_loss":0,"event_name":"Mysterious Sphere","floor":36,"gold_loss":0},{"cards_removed":["Conclude"],"damage_healed":0,"gold_gain":0,"player_choice":"Removed Attack","damage_taken":0,"max_hp_gain":0,"max_hp_loss":0,"event_name":"Falling","floor":39,"gold_loss":0},{"damage_healed":0,"gold_gain":0,"player_choice":"Fight","damage_taken":0,"max_hp_gain":0,"max_hp_loss":0,"event_name":"MindBloom","floor":45,"gold_loss":0}],"is_beta":false,"boss_relics":[{"not_picked":["FrostBlade","HereWithMe"],"picked":"PatriotShield"},{"not_picked":["TimeKeys","Cursed Key"],"picked":"Astrolabe"}],"items_purged_floors":[13,30,38,53],"is_endless":false,"potions_floor_spawned":[2,5,8,12,23,25,29,33,35,40,44],"ascension_level":11}}