{"host":"mi0eibewekhugwl1","time":1608221910,"event":{"mods":["AchievementEnabler","BaseMod","Colored Map","Colored Powertips","DeckTracker","Keyboard Shortcuts","Minty Spire (QoL Compilation)","Quick Restart","Rare Cards Sparkle","Relic Stats","StSLib","SuperFastMode","everything is the same but u backflip on backflip"],"gold_per_floor":[114,134,145,165,165,177,177,189,189,189,247,116,147,173,173,246,246,262,262,262,40,68,68,78,78,104,104,118,134,154,173,173,173,173],"floor_reached":33,"playtime":790,"items_purged":["Strike_B","Strike_B"],"score":523,"play_id":"c8c440a5-7c28-40f2-87ce-5d7d36bdf433","local_time":"20201218011830","is_ascension_mode":true,"campfire_choices":[{"data":"Dualcast","floor":7,"key":"SMITH"},{"floor":10,"key":"REST"},{"data":"Reprogram","floor":15,"key":"SMITH"},{"data":"Hologram","floor":23,"key":"SMITH"},{"floor":25,"key":"REST"},{"floor":32,"key":"REST"}],"circlet_count":0,"master_deck":["AscendersBane","Strike_B","Defend_B","Defend_B","Defend_B","Defend_B","Zap+1","Dualcast+1","Gash","FTL","Gash","Gash","Auto Shields","Gash","Reprogram+1","Sunder","Meteor Strike","Steam+1","Hologram+1","Stack","Reinforced Body","Reboot"],"relics":["Cracked Core","White Beast Statue","Smiling Mask","Pantograph","Boot","Snecko Eye","Medical Kit","Red Mask","Omamori"],"acts_visited":["Exordium","TheCity"],"potions_floor_usage":[16,18,22,28,29,33,33],"damage_taken":[{"damage":1,"enemies":"Cultist","floor":1,"turns":3},{"damage":7,"enemies":"Jaw Worm","floor":2,"turns":3},{"damage":5,"enemies":"Small Slimes","floor":3,"turns":2},{"damage":9,"enemies":"3 Louse","floor":4,"turns":4},{"damage":7,"enemies":"Looter","floor":6,"turns":3},{"damage":18,"enemies":"Exordium Wildlife","floor":8,"turns":5},{"damage":20,"enemies":"3 Sentries","floor":11,"turns":7},{"damage":9,"enemies":"3 Sentries","floor":13,"turns":6},{"damage":11,"enemies":"Slime Boss","floor":16,"turns":7},{"damage":1,"enemies":"Shell Parasite","floor":18,"turns":3},{"damage":9,"enemies":"Masked Bandits","floor":22,"turns":3},{"damage":18,"enemies":"Chosen","floor":24,"turns":4},{"damage":25,"enemies":"Snake Plant","floor":28,"turns":4},{"damage":3,"enemies":"Centurion and Healer","floor":29,"turns":4},{"damage":11,"enemies":"Chosen and Byrds","floor":30,"turns":5},{"damage":8,"enemies":"Snecko","floor":31,"turns":5},{"damage":61,"enemies":"Automaton","floor":33,"turns":8}],"seed_played":"1244510878069101414","potions_obtained":[{"floor":4,"key":"GamblersBrew"},{"floor":11,"key":"SpeedPotion"},{"floor":16,"key":"AttackPotion"},{"floor":18,"key":"DuplicationPotion"},{"floor":22,"key":"SkillPotion"},{"floor":28,"key":"Energy Potion"},{"floor":29,"key":"SteroidPotion"},{"floor":31,"key":"DistilledChaos"}],"is_trial":false,"path_per_floor":["M","M","M","M","?","M","R","M","T","R","?","$","E","T","R","B",null,"M","?","?","$","?","R","M","R","T","?","M","M","M","M","R","B"],"character_chosen":"DEFECT","items_purchased":["Reprogram","Medical Kit"],"campfire_rested":3,"item_purchase_floors":[12,21],"current_hp_per_floor":[63,56,51,42,42,35,35,17,17,38,18,18,9,9,9,23,59,58,58,58,58,49,49,31,52,52,52,27,24,13,5,26,0,0],"gold":173,"neow_bonus":"UPGRADE_CARD","is_daily":false,"chose_seed":false,"campfire_upgraded":3,"win_rate":0.0,"timestamp":1608221910,"path_taken":["M","M","M","?","?","M","R","M","T","R","?","$","E","?","R","BOSS","M","?","?","$","?","R","M","R","T","?","M","M","?","M","R","BOSS"],"items_purchased_type":["Card","Relic"],"build_version":"2020-12-13","purchased_purges":2,"victory":false,"max_hp_per_floor":[71,71,71,71,71,71,71,71,71,71,71,71,71,71,71,71,71,71,71,71,71,71,71,71,71,71,71,71,71,71,71,71,71,71],"relic_stats":{"counters":[17,76],"Pantograph":50,"Snecko Eye":[63,44,65,72],"Smiling Mask":75,"Boot":[33],"Medical Kit":[0],"obtain_stats":[{"Pantograph":13,"Snecko Eye":17,"Red Mask":22,"Omamori":26,"Cracked Core":0,"Smiling Mask":11,"Boot":14,"Medical Kit":21,"White Beast Statue":9},{"Pantograph":8,"Snecko Eye":9,"Red Mask":11,"Omamori":12,"Cracked Core":0,"Smiling Mask":7,"Boot":8,"Medical Kit":10,"White Beast Statue":6},{"Pantograph":33,"Snecko Eye":40,"Red Mask":46,"Omamori":50,"Cracked Core":0,"Smiling Mask":27,"Boot":33,"Medical Kit":43,"White Beast Statue":20}]},"card_choices":[{"not_picked":["Go for the Eyes","Turbo"],"picked":"Gash","floor":1},{"not_picked":["White Noise","Blizzard"],"picked":"FTL","floor":2},{"not_picked":["Skim","Go for the Eyes"],"picked":"Gash","floor":3},{"not_picked":["Redo","Cold Snap"],"picked":"Gash","floor":4},{"not_picked":["Defragment","Gash"],"picked":"Auto Shields","floor":6},{"not_picked":["Hologram","Creative AI","Force Field"],"picked":"SKIP","floor":8},{"not_picked":["Redo","Tempest"],"picked":"Gash","floor":11},{"not_picked":["Sweeping Beam","Heatsinks"],"picked":"Sunder","floor":13},{"not_picked":["Rainbow","Biased Cognition"],"picked":"Meteor Strike","floor":16},{"not_picked":["Stack","Hologram"],"picked":"Steam+1","floor":18},{"not_picked":["Conserve Battery","Redo+1"],"picked":"Hologram","floor":22},{"not_picked":["Streamline","Gash+1","Barrage"],"picked":"SKIP","floor":24},{"not_picked":["Cold Snap","Doom and Gloom"],"picked":"Stack","floor":28},{"not_picked":["Conserve Battery","Scrape"],"picked":"Reinforced Body","floor":29},{"not_picked":["Redo","Doom and Gloom","White Noise"],"picked":"SKIP","floor":30},{"not_picked":["Aggregate","Steam"],"picked":"Reboot","floor":31}],"player_experience":1686416,"relics_obtained":[{"floor":9,"key":"White Beast Statue"},{"floor":11,"key":"Smiling Mask"},{"floor":13,"key":"Pantograph"},{"floor":14,"key":"Boot"},{"floor":22,"key":"Red Mask"},{"floor":26,"key":"Omamori"}],"event_choices":[{"damage_healed":0,"gold_gain":0,"player_choice":"Ignored","damage_taken":0,"max_hp_gain":0,"max_hp_loss":0,"event_name":"Shining Light","floor":5,"gold_loss":0},{"damage_healed":0,"gold_gain":30,"player_choice":"Searched \u00272\u0027 times","damage_taken":0,"max_hp_gain":0,"max_hp_loss":0,"event_name":"Dead Adventurer","floor":11,"gold_loss":0},{"cards_removed":["Strike_B"],"damage_healed":0,"gold_gain":0,"player_choice":"Elegance","damage_taken":0,"max_hp_gain":0,"max_hp_loss":0,"event_name":"Back to Basics","floor":19,"gold_loss":0},{"damage_healed":0,"gold_gain":0,"player_choice":"Ignored","damage_taken":0,"max_hp_gain":0,"max_hp_loss":0,"event_name":"Ghosts","floor":20,"gold_loss":0},{"damage_healed":0,"gold_gain":0,"player_choice":"Fought Bandits","damage_taken":0,"max_hp_gain":0,"max_hp_loss":0,"event_name":"Masked Bandits","floor":22,"gold_loss":0},{"damage_healed":0,"gold_gain":0,"player_choice":"Ignored","damage_taken":0,"max_hp_gain":0,"max_hp_loss":0,"event_name":"Vampires","floor":27,"gold_loss":0}],"is_beta":false,"boss_relics":[{"not_picked":["Empty Cage","Runic Dome"],"picked":"Snecko Eye"}],"items_purged_floors":[12,21],"is_endless":false,"potions_floor_spawned":[4,11,13,16,18,22,24,28,29,30,31],"killed_by":"Automaton","ascension_level":20}}