{"host":"by3dnjj711vo194a","time":1608183475,"event":{"mods":["2.2 Compatiblity","AchievementEnabler","BaseMod","Colored Map","DeckTracker","KOR Keyword Fix","Keyboard Shortcuts","Minty Spire (QoL Compilation)","Permanent Neow","Quick Restart","StSLib","SuperFastMode","everything is the same but u backflip on backflip"],"gold_per_floor":[3109,2504,2504,2518,1875,1875,1890,1890,1890,1903,1921,1921,1931,1950,1950,2051,2051,2066,1345,1363,1375,1390,1390,1416,1426,1473,1473,1473,1489,1532,1551,1551,1664,1664,1693,1693,1304,1316,1326,1326,1338,1338,1383,1383,659,673,704,720,729,729],"floor_reached":51,"playtime":1275,"items_purged":["Strike_R","Defend_R","Strike_R","Defend_R","Defend_R"],"score":976,"play_id":"3ad955dd-b8ad-47d2-b7e3-7cdfec9ee7bc","local_time":"20201217143755","is_ascension_mode":true,"campfire_choices":[{"data":"Heavy Blade","floor":6.0,"key":"SMITH"},{"data":"Bash","floor":8.0,"key":"SMITH"},{"data":"Spot Weakness","floor":12.0,"key":"SMITH"},{"data":"Inflame","floor":15.0,"key":"SMITH"},{"data":"Limit Break","floor":23.0,"key":"SMITH"},{"data":"Offering","floor":27.0,"key":"SMITH"},{"data":"Evolve","floor":32.0,"key":"SMITH"},{"data":"Shockwave","floor":40.0,"key":"SMITH"},{"data":"Bloodletting","floor":42.0,"key":"SMITH"},{"data":"Shrug It Off","floor":44.0,"key":"SMITH"},{"floor":49.0,"key":"REST"}],"circlet_count":0,"master_deck":["Strike_R","Strike_R","Defend_R","Bash+1","Dropkick","Evolve+1","Heavy Blade+1","Spot Weakness+1","Inflame+1","Offering+1","Flex+1","Limit Break+1","Heavy Blade+1","Bloodletting+1","Pommel Strike+1","Shrug It Off+1","Reaper","Shockwave+1","True Grit+1"],"relics":["Black Blood","Bronze Scales","Orichalcum","Potion Belt","ClockworkSouvenir","Kunai","Nunchaku","Frozen Eye","Mummified Hand","Lantern","DollysMirror","Anchor","Dream Catcher","CeramicFish","MealTicket","Sozu","Singing Bowl","Toy Ornithopter","Shuriken","Art of War","Toolbox","Unceasing Top"],"acts_visited":["Exordium","TheCity","TheBeyond"],"potions_floor_usage":[50,50],"damage_taken":[{"damage":0.0,"enemies":"Small Slimes","floor":1.0,"turns":3.0},{"damage":0.0,"enemies":"Cultist","floor":4.0,"turns":3.0},{"damage":6.0,"enemies":"Jaw Worm","floor":7.0,"turns":2.0},{"damage":6.0,"enemies":"Exordium Wildlife","floor":10.0,"turns":3.0},{"damage":4.0,"enemies":"Exordium Thugs","floor":11.0,"turns":3.0},{"damage":2.0,"enemies":"Blue Slaver","floor":13.0,"turns":2.0},{"damage":5.0,"enemies":"Looter","floor":14.0,"turns":2.0},{"damage":13.0,"enemies":"The Guardian","floor":16.0,"turns":5.0},{"damage":7.0,"enemies":"Chosen","floor":18.0,"turns":3.0},{"damage":10.0,"enemies":"3 Byrds","floor":20.0,"turns":3.0},{"damage":16.0,"enemies":"Centurion and Healer","floor":21.0,"turns":4.0},{"damage":30.0,"enemies":"3 Cultists","floor":22.0,"turns":4.0},{"damage":0.0,"enemies":"Book of Stabbing","floor":24.0,"turns":2.0},{"damage":6.0,"enemies":"Snecko","floor":25.0,"turns":2.0},{"damage":6.0,"enemies":"Snake Plant","floor":29.0,"turns":1.0},{"damage":6.0,"enemies":"Gremlin Leader","floor":30.0,"turns":3.0},{"damage":10.0,"enemies":"Centurion and Healer","floor":31.0,"turns":3.0},{"damage":26.0,"enemies":"Champ","floor":33.0,"turns":4.0},{"damage":8.0,"enemies":"Orb Walker","floor":35.0,"turns":2.0},{"damage":6.0,"enemies":"3 Darklings","floor":38.0,"turns":3.0},{"damage":10.0,"enemies":"Jaw Worm Horde","floor":39.0,"turns":2.0},{"damage":13.0,"enemies":"Spire Growth","floor":41.0,"turns":4.0},{"damage":9.0,"enemies":"4 Shapes","floor":46.0,"turns":2.0},{"damage":8.0,"enemies":"Reptomancer","floor":47.0,"turns":2.0},{"damage":24.0,"enemies":"Jaw Worm Horde","floor":48.0,"turns":3.0},{"damage":30,"enemies":"Time Eater","floor":50,"turns":4}],"seed_played":"7148466328076467126","potions_obtained":[{"floor":1.0,"key":"Energy Potion"},{"floor":14.0,"key":"SkillPotion"},{"floor":16.0,"key":"Explosive Potion"},{"floor":18.0,"key":"Swift Potion"},{"floor":22.0,"key":"Explosive Potion"},{"floor":25.0,"key":"CultistPotion"},{"floor":29.0,"key":"AttackPotion"}],"is_trial":false,"path_per_floor":["M","$","?","M","$","R","M","R","T","M","M","R","M","M","R","B",null,"M","$","M","M","M","R","E","M","T","R","?","M","E","M","R","B",null,"M","?","$","M","M","R","M","R","T","R","$","M","E","M","R","B",null],"character_chosen":"IRONCLAD","items_purchased":["Orichalcum","Potion Belt","ClockworkSouvenir","Evolve","Kunai","Nunchaku","Frozen Eye","Limit Break","Lantern","DollysMirror","Anchor","Singing Bowl","Shuriken","Art of War","Toolbox"],"campfire_rested":1,"item_purchase_floors":[2,2,2,2,5,5,5,19,19,19,19,37,45,45,45],"current_hp_per_floor":[80,80,80,80,80,80,80,80,80,80,80,80,80,80,80,73,80,80,80,80,76,58,58,70,76,76,76,76,80,80,80,80,66,80,80,76,76,78,80,80,81,81,81,81,82,84,86,88,88,76],"gold":729,"neow_bonus":"RANDOM_COMMON_RELIC","is_daily":false,"chose_seed":false,"campfire_upgraded":10,"win_rate":0.0,"timestamp":1608183475,"path_taken":["M","$","?","M","$","R","M","R","T","M","M","R","M","M","R","BOSS","M","$","M","?","M","R","E","M","T","R","?","M","E","M","R","BOSS","M","?","$","M","M","R","M","R","T","R","$","M","E","M","R","BOSS"],"items_purchased_type":["Relic","Relic","Relic","Card","Relic","Relic","Relic","Card","Relic","Relic","Relic","Relic","Relic","Relic","Relic"],"build_version":"2020-12-13","purchased_purges":5,"victory":true,"max_hp_per_floor":[80,80,80,80,80,80,80,80,80,80,80,80,80,80,80,80,80,80,80,80,80,80,80,80,80,80,80,80,80,80,80,80,80,80,80,76,76,78,80,80,82,82,82,82,82,84,86,88,88,88],"card_choices":[{"not_picked":["Dark Embrace","Flex"],"picked":"Dropkick","floor":1.0},{"not_picked":["Twin Strike","Flex"],"picked":"Heavy Blade","floor":4.0},{"not_picked":["True Grit","Armaments","Body Slam"],"picked":"SKIP","floor":7.0},{"not_picked":["Sentinel","Ghostly Armor"],"picked":"Spot Weakness","floor":10.0},{"not_picked":["Rampage","Sword Boomerang","Dropkick"],"picked":"SKIP","floor":11.0},{"not_picked":["Perfected Strike","Anger","Wild Strike"],"picked":"SKIP","floor":13.0},{"not_picked":["Shrug It Off","Warcry"],"picked":"Inflame","floor":14.0},{"not_picked":["Feed","Brutality"],"picked":"Offering","floor":16.0},{"not_picked":["Warcry","Searing Blow"],"picked":"Flex+1","floor":18.0},{"not_picked":["Fire Breathing","Rupture"],"picked":"Bloodletting","floor":20.0},{"not_picked":["Combust","Twin Strike+1","Havoc"],"picked":"SKIP","floor":21.0},{"not_picked":["Thunderclap","Sever Soul","Clothesline"],"picked":"SKIP","floor":22.0},{"not_picked":["Carnage","Clash+1","Spot Weakness"],"picked":"SKIP","floor":24.0},{"not_picked":["Wild Strike","Clothesline+1","Heavy Blade"],"picked":"SKIP","floor":25.0},{"not_picked":["Hemokinesis+1","Bloodletting","Fire Breathing+1"],"picked":"SKIP","floor":29.0},{"not_picked":["Perfected Strike","Offering"],"picked":"Pommel Strike+1","floor":30.0},{"not_picked":["Havoc","Spot Weakness"],"picked":"Shrug It Off","floor":31.0},{"not_picked":["Corruption","Berserk"],"picked":"Reaper","floor":33.0},{"not_picked":["Armaments","Entrench"],"picked":"Shockwave","floor":35.0},{"not_picked":["Wild Strike+1","Pommel Strike+1","Cleave"],"picked":"Singing Bowl","floor":38.0},{"not_picked":["Battle Trance","Iron Wave+1","Hemokinesis"],"picked":"Singing Bowl","floor":39.0},{"not_picked":["Pommel Strike","Shrug It Off+1","Perfected Strike+1"],"picked":"Singing Bowl","floor":41.0},{"not_picked":["Wild Strike+1","Thunderclap","Anger"],"picked":"Singing Bowl","floor":46.0},{"not_picked":["Corruption","Shrug It Off","Sentinel"],"picked":"Singing Bowl","floor":47.0},{"not_picked":["Iron Wave+1","Wild Strike+1","Reckless Charge"],"picked":"Singing Bowl","floor":48.0},{"not_picked":["Body Slam+1","Armaments"],"picked":"True Grit+1","floor":49.0}],"player_experience":136005,"relics_obtained":[{"floor":9.0,"key":"Mummified Hand"},{"floor":24.0,"key":"Dream Catcher"},{"floor":26.0,"key":"CeramicFish"},{"floor":30.0,"key":"MealTicket"},{"floor":43.0,"key":"Toy Ornithopter"},{"floor":47.0,"key":"Unceasing Top"}],"event_choices":[{"damage_healed":0.0,"max_hp_gain":0.0,"max_hp_loss":0.0,"gold_gain":0.0,"event_name":"Wheel of Change","player_choice":"Full Heal","floor":3.0,"gold_loss":0.0,"damage_taken":0.0},{"cards_removed":["Strike_R"],"damage_healed":0.0,"max_hp_gain":0.0,"max_hp_loss":0.0,"gold_gain":0.0,"event_name":"Purifier","player_choice":"Purged","floor":28.0,"gold_loss":0.0,"damage_taken":0.0},{"damage_healed":0.0,"max_hp_gain":0.0,"max_hp_loss":4.0,"gold_gain":0.0,"event_name":"Winding Halls","player_choice":"Max HP","floor":36.0,"gold_loss":0.0,"damage_taken":0.0}],"is_beta":false,"boss_relics":[{"not_picked":["SlaversCollar","Empty Cage"],"picked":"Black Blood"},{"not_picked":["Coffee Dripper","Snecko Eye"],"picked":"Sozu"}],"items_purged_floors":[2,5,19,37,45],"is_endless":false,"potions_floor_spawned":[1,14,16,18,22,25,29,30,41,46],"ascension_level":3}}