{"host":"6p0attdrtjqaih7v","time":1608187665,"event":{"mods":["2.2 Compatiblity","AchievementEnabler","Bard","BaseMod","Better Skull","Better Third Choice","Colored Powertips","Hermit","Highlight Path","Jorbs\u0027s Wanderer Trilogy","Key Reminder","Minty Spire (QoL Compilation)","Permanent Neow","Quick Restart","Random Character Button","Relic Stats","Replay The Spire","StSLib","The Construct"],"gold_per_floor":[366,79,94,112,130,164,164,184,184,196,224,224,251,261,261,332,332,347,347,363,363,363,363,388,40,63,102,118,135,157,191,191,274,274,295,307,333,82,92,92,128,128,128,157,180,9,41,41,41,41],"floor_reached":51,"playtime":2213,"items_purged":["Defend_R","Strike_R+1","Defend_R+1"],"score":1634,"play_id":"497bae36-e524-4c66-9236-e35cd0fa1216","local_time":"20201217014745","is_ascension_mode":true,"campfire_choices":[{"data":"Whirlwind","floor":7,"key":"SMITH"},{"data":"Flex","floor":12,"key":"SMITH"},{"data":"Sword Boomerang","floor":15,"key":"SMITH"},{"data":"Spot Weakness","floor":23,"key":"SMITH"},{"data":"Uppercut","floor":32,"key":"SMITH"},{"data":"Bash","floor":40,"key":"SMITH"},{"data":"Offering","floor":42,"key":"SMITH"},{"data":"Double Tap","floor":49,"key":"SMITH"}],"circlet_count":0,"master_deck":["AscendersBane","Strike_R+1","Strike_R+1","Strike_R+1","Strike_R+2","Defend_R+1","Defend_R+2","Bash+1","Shrug It Off","Battle Trance","Shrug It Off","Hemokinesis","Whirlwind+1","Flex+1","Fiend Fire","Sword Boomerang+1","Spot Weakness+1","Thunderclap","Double Tap+1","Master of Strategy","Battle Trance","Uppercut+1","Feed","Shrug It Off+1","Armaments+1","Offering+1","Whirlwind+1","Disarm+1","Shrug It Off"],"relics":["Black Blood","ClockworkSouvenir","Simple Rune","Du-Vu Doll","Question Card","Busted Crown","MutagenicStrength","Magic Flower","OrangePellets","Orichalcum","CeramicFish","Garlic","Durian","Bird Faced Urn","King of Hearts","Frozen Egg 2","keyreminder:keyreminder"],"acts_visited":["Exordium","TheCity","TheBeyond"],"potions_floor_usage":[6,10,13,20,24,33,33,39,50],"damage_taken":[{"damage":6,"enemies":"Cultist","floor":1,"turns":4},{"damage":0,"enemies":"2 Louse","floor":3,"turns":3},{"damage":2,"enemies":"Jaw Worm","floor":4,"turns":4},{"damage":9,"enemies":"Looter","floor":5,"turns":4},{"damage":15,"enemies":"Replay:BlueRogue","floor":6,"turns":7},{"damage":0,"enemies":"Exordium Thugs","floor":8,"turns":4},{"damage":4,"enemies":"Lots of Slimes","floor":10,"turns":3},{"damage":16,"enemies":"3 Sentries","floor":11,"turns":5},{"damage":5,"enemies":"Replay:BlueRogue","floor":13,"turns":3},{"damage":0,"enemies":"Blue Slaver","floor":14,"turns":2},{"damage":48,"enemies":"The Guardian","floor":16,"turns":9},{"damage":0,"enemies":"Chosen","floor":18,"turns":3},{"damage":13,"enemies":"Shell Parasite","floor":20,"turns":2},{"damage":14,"enemies":"Book of Stabbing","floor":24,"turns":3},{"damage":0,"enemies":"Gremlin Leader","floor":27,"turns":4},{"damage":15,"enemies":"Shelled Parasite and Fungi","floor":28,"turns":3},{"damage":0,"enemies":"Snake Plant","floor":29,"turns":2},{"damage":0,"enemies":"Snecko","floor":30,"turns":2},{"damage":6,"enemies":"Replay:Snechameleon","floor":31,"turns":3},{"damage":30,"enemies":"Automaton","floor":33,"turns":8},{"damage":0,"enemies":"3 Shapes","floor":35,"turns":2},{"damage":0,"enemies":"3 Darklings","floor":36,"turns":2},{"damage":5,"enemies":"Transient","floor":37,"turns":6},{"damage":24,"enemies":"Sphere and 2 Shapes","floor":39,"turns":5},{"damage":22,"enemies":"Reptomancer","floor":41,"turns":6},{"damage":21,"enemies":"Nemesis","floor":44,"turns":7},{"damage":0,"enemies":"3 Darklings","floor":45,"turns":2},{"damage":19,"enemies":"Reptomancer","floor":47,"turns":5},{"damage":67,"enemies":"Awakened One","floor":50,"turns":10}],"seed_played":"8814491030782183412","potions_obtained":[{"floor":3,"key":"FearPotion"},{"floor":6,"key":"Block Potion"},{"floor":13,"key":"Flashbang"},{"floor":14,"key":"Reflective Coating"},{"floor":16,"key":"Energy Potion"},{"floor":18,"key":"DuplicationPotion"},{"floor":20,"key":"Fire Potion"},{"floor":24,"key":"SpeedPotion"},{"floor":33,"key":"LiquidMemories"},{"floor":36,"key":"LiquidBronze"},{"floor":39,"key":"SmokeBomb"}],"is_trial":false,"path_per_floor":["M","$","M","M","M","E","R","M","T","M","E","R","E","M","R","B",null,"M","?","M","?","?","R","E","$","T","E","M","M","M","E","R","B",null,"M","M","M","$","M","R","E","R","T","E","M","$","E","?","R","B",null],"character_chosen":"IRONCLAD","items_purchased":["ClockworkSouvenir","Block Potion","OrangePellets","Master of Strategy","Offering","Shrug It Off"],"campfire_rested":0,"item_purchase_floors":[2,2,25,25,38,46],"current_hp_per_floor":[50,50,56,60,57,48,48,54,54,56,46,46,47,53,53,11,59,65,65,58,58,58,58,62,62,62,71,70,75,75,75,75,54,70,75,75,75,75,78,78,84,84,84,90,90,90,89,100,100,56],"gold":41,"neow_bonus":"TWO_FIFTY_GOLD","is_daily":false,"chose_seed":false,"campfire_upgraded":8,"win_rate":0.0,"timestamp":1608187665,"path_taken":["M","$","M","M","M","E","R","M","T","?","E","R","E","M","R","BOSS","M","?","M","?","?","R","E","$","T","E","M","M","M","E","R","BOSS","M","M","M","$","M","R","E","R","T","E","M","$","E","?","R","BOSS"],"items_purchased_type":["Relic","Potion","Relic","Card","Card","Card"],"build_version":"2020-12-13","purchased_purges":3,"victory":true,"max_hp_per_floor":[75,75,75,75,75,75,75,75,75,75,75,75,75,75,75,75,75,75,75,75,75,75,75,75,75,75,75,75,75,75,75,75,75,75,75,75,75,75,78,78,86,86,86,90,90,90,90,100,100,103],"relic_stats":{"OrangePellets":[0],"Busted Crown":34,"counters":[29,123],"CeramicFish":81,"Bird Faced Urn":[0],"Black Blood":190,"Magic Flower":[48],"Orichalcum":[120],"Question Card":20,"obtain_stats":[{"CeramicFish":27,"Magic Flower":24,"Black Blood":34,"King of Hearts":44,"Orichalcum":26,"Frozen Egg 2":47,"Question Card":11,"Burning Blood":0,"ClockworkSouvenir":2,"Du-Vu Doll":9,"keyreminder:keyreminder":47,"OrangePellets":25,"Busted Crown":17,"MutagenicStrength":22,"Bird Faced Urn":43,"Simple Rune":6,"Garlic":31,"Durian":41},{"CeramicFish":15,"Magic Flower":14,"Black Blood":20,"King of Hearts":26,"Orichalcum":14,"Frozen Egg 2":28,"Question Card":8,"Burning Blood":0,"ClockworkSouvenir":1,"Du-Vu Doll":6,"keyreminder:keyreminder":28,"OrangePellets":14,"Busted Crown":11,"MutagenicStrength":13,"Bird Faced Urn":25,"Simple Rune":5,"Garlic":19,"Durian":25},{"CeramicFish":60,"Magic Flower":56,"Black Blood":78,"King of Hearts":106,"Orichalcum":56,"Frozen Egg 2":113,"Question Card":34,"Burning Blood":0,"ClockworkSouvenir":4,"Du-Vu Doll":26,"keyreminder:keyreminder":113,"OrangePellets":56,"Busted Crown":48,"MutagenicStrength":53,"Bird Faced Urn":99,"Simple Rune":22,"Garlic":70,"Durian":99}]},"card_choices":[{"not_picked":["Twin Strike","Blood for Blood"],"picked":"Shrug It Off","floor":1},{"not_picked":["Shrug It Off","Twin Strike"],"picked":"Battle Trance","floor":3},{"not_picked":["Havoc","Bloodletting"],"picked":"Shrug It Off","floor":4},{"not_picked":["Second Wind","Feel No Pain"],"picked":"Hemokinesis","floor":5},{"not_picked":["Armaments","Havoc"],"picked":"Whirlwind","floor":6},{"not_picked":["Body Slam","Clothesline"],"picked":"Flex","floor":8},{"not_picked":["Combust","Inflame"],"picked":"Fiend Fire","floor":10},{"not_picked":["Wild Strike","Clothesline","Havoc"],"picked":"SKIP","floor":11},{"not_picked":["Headbutt","Flex","Fiend Fire"],"picked":"Sword Boomerang","floor":13},{"not_picked":["Sword Boomerang","Body Slam","Clash"],"picked":"Spot Weakness","floor":14},{"not_picked":["Immolate","Limit Break","Berserk"],"picked":"Reaper","floor":16},{"not_picked":["Flex","Body Slam+1"],"picked":"SKIP","floor":18},{"not_picked":["Body Slam","Rage"],"picked":"SKIP","floor":20},{"not_picked":["Heavy Blade"],"picked":"Double Tap","floor":24},{"not_picked":["Pommel Strike"],"picked":"Battle Trance","floor":27},{"not_picked":["Body Slam","Pummel"],"picked":"SKIP","floor":28},{"not_picked":["Evolve","Warcry"],"picked":"SKIP","floor":29},{"not_picked":["Heavy Blade"],"picked":"Uppercut","floor":30},{"not_picked":["Pummel","Sentinel"],"picked":"SKIP","floor":31},{"not_picked":["Impervious"],"picked":"Feed","floor":33},{"not_picked":["Headbutt+1"],"picked":"Shrug It Off+1","floor":35},{"not_picked":["Hemokinesis","Warcry"],"picked":"SKIP","floor":36},{"not_picked":["Searing Blow"],"picked":"Armaments+1","floor":37},{"not_picked":["Anger+1","Heavy Blade"],"picked":"SKIP","floor":39},{"not_picked":["Sword Boomerang"],"picked":"Whirlwind+1","floor":41},{"not_picked":["Pommel Strike","Cleave"],"picked":"SKIP","floor":44},{"not_picked":["Heavy Blade"],"picked":"Disarm+1","floor":45},{"not_picked":["Perfected Strike","Pummel"],"picked":"SKIP","floor":47}],"player_experience":863461,"relics_obtained":[{"floor":6,"key":"Simple Rune"},{"floor":9,"key":"Du-Vu Doll"},{"floor":11,"key":"Question Card"},{"floor":24,"key":"Magic Flower"},{"floor":26,"key":"Orichalcum"},{"floor":27,"key":"CeramicFish"},{"floor":31,"key":"Garlic"},{"floor":41,"key":"Durian"},{"floor":43,"key":"Bird Faced Urn"},{"floor":44,"key":"King of Hearts"},{"floor":47,"key":"Frozen Egg 2"}],"event_choices":[{"damage_healed":0,"gold_gain":0,"player_choice":"Read","damage_taken":0,"max_hp_gain":0,"max_hp_loss":0,"event_name":"The Library","floor":19,"gold_loss":0,"cards_obtained":["Thunderclap"]},{"damage_healed":0,"gold_gain":0,"player_choice":"Simplicity","damage_taken":0,"max_hp_gain":0,"max_hp_loss":0,"event_name":"Back to Basics","floor":21,"gold_loss":0,"cards_upgraded":["Strike_R","Strike_R","Strike_R","Strike_R","Strike_R","Defend_R","Defend_R","Defend_R"]},{"damage_healed":0,"gold_gain":0,"player_choice":"Inject Mutagens","damage_taken":0,"relics_obtained":["MutagenicStrength"],"max_hp_gain":0,"max_hp_loss":0,"event_name":"Drug Dealer","floor":22,"gold_loss":0},{"cards_removed":["Reaper"],"damage_healed":1,"gold_gain":0,"player_choice":"Offered Rare","damage_taken":0,"max_hp_gain":10,"max_hp_loss":0,"event_name":"Bonfire Elementals","floor":48,"gold_loss":0}],"is_beta":false,"boss_relics":[{"not_picked":["Replay:Wanted Poster","Snecko Eye"],"picked":"Busted Crown"},{"not_picked":["Kintsugi","Ring of Chaos"],"picked":"Black Blood"}],"items_purged_floors":[2,38,46],"is_endless":false,"potions_floor_spawned":[3,6,13,14,16,18,20,24,29,33,36,39,41,45],"ascension_level":18}}