{"host":"nn0usk9aafse27ii","time":1608167290,"event":{"mods":["BaseMod","Colored Map","Highlight Path","Minty Spire (QoL Compilation)","Replay The Spire","Shop Mod","StSLib"],"gold_per_floor":[109,109,127,143,160,160,175,175,175,205,221,28,55,75,75,174,174,184,198,198,212,144,175,187,214,226,272,284,331,354,441,453,568,580,607,637,668,124,138,167,179,179,179,0,19,45,55,70,70,70,70,70,18,51,75],"floor_reached":56,"playtime":7955,"items_purged":[],"score":1250,"play_id":"ee3c5d00-314e-4f1d-9dd7-82e27b174105","local_time":"20201216170810","is_ascension_mode":false,"campfire_choices":[{"data":"Caltrops","floor":6.0,"key":"SMITH"},{"data":"Backstab","floor":8.0,"key":"SMITH"},{"data":"Crippling Poison","floor":15.0,"key":"SMITH"},{"data":"Blade Dance","floor":24.0,"key":"SMITH"},{"floor":42.0,"key":"RECALL"},{"floor":49.0,"key":"REST"},{"floor":52.0,"key":"REST"}],"circlet_count":0,"master_deck":["Survivor","Neutralize","Quick Slash","Blade Dance","Caltrops+1","Backstab+1","Crippling Poison+1","Dagger Spray","Dodge and Roll","Backflip+1","Poisoned Stab","After Image+1","Blade Dance","Hidden Blade+1","Blade Dance+1","Bane","Finisher","Well Laid Plans","Distraction","Predator","Envenom+1","Skewer","Sucker Punch+1","Crippling Poison+1","Phantasmal Killer+1","Dodge and Roll","Unload+1","Hidden Blade","Dash","Concentrate","Outmaneuver+1","Escape Plan","Sadistic Nature+1","Replay:Bag of Tricks+1"],"relics":["Ring of the Snake","Snake Skull","Replay:Wax Seal","ClockworkSouvenir","Golden Egg","WristBlade","Pocketwatch","MawBank","Bag of Marbles","Bag of Preparation","Pondfish Scales","Replay:Grab Bag","Philosopher\u0027s Stone","Fusion Hammer","Runic Pyramid","Pandora\u0027s Box","Eternal Feather","Gremlin Food","Strange Spoon","ReplayFunnel","ReplayTheSpireMod:TigerMarble","Replay:Bandana"],"acts_visited":["Exordium","TheCity","TheBeyond","TheEnding"],"potions_floor_usage":[54,54,55,55],"damage_taken":[{"damage":9.0,"enemies":"Jaw Worm","floor":1.0,"turns":4.0},{"damage":0.0,"enemies":"Cultist","floor":3.0,"turns":3.0},{"damage":2.0,"enemies":"Small Slimes","floor":4.0,"turns":3.0},{"damage":0.0,"enemies":"Blue Slaver","floor":5.0,"turns":4.0},{"damage":7.0,"enemies":"Large Slime","floor":7.0,"turns":5.0},{"damage":1.0,"enemies":"Lots of Slimes","floor":11.0,"turns":2.0},{"damage":5.0,"enemies":"Gremlin Nob","floor":13.0,"turns":3.0},{"damage":12.0,"enemies":"Looter","floor":14.0,"turns":3.0},{"damage":11.0,"enemies":"Hexaghost","floor":16.0,"turns":9.0},{"damage":0.0,"enemies":"Shell Parasite","floor":18.0,"turns":4.0},{"damage":0.0,"enemies":"Chosen","floor":19.0,"turns":3.0},{"damage":3.0,"enemies":"Sentry and Sphere","floor":21.0,"turns":6.0},{"damage":7.0,"enemies":"Slavers","floor":23.0,"turns":3.0},{"damage":5.0,"enemies":"Snake Plant","floor":25.0,"turns":3.0},{"damage":8.0,"enemies":"Book of Stabbing","floor":27.0,"turns":4.0},{"damage":0.0,"enemies":"Gremlin Leader","floor":29.0,"turns":7.0},{"damage":1.0,"enemies":"Centurion and Healer","floor":30.0,"turns":4.0},{"damage":54.0,"enemies":"Champ","floor":33.0,"turns":10.0},{"damage":0.0,"enemies":"3 Darklings","floor":35.0,"turns":3.0},{"damage":0.0,"enemies":"Orb Walker","floor":36.0,"turns":3.0},{"damage":6.0,"enemies":"Maw","floor":37.0,"turns":4.0},{"damage":0.0,"enemies":"3 Darklings","floor":39.0,"turns":3.0},{"damage":9.0,"enemies":"Reptomancer","floor":40.0,"turns":3.0},{"damage":0.0,"enemies":"Jaw Worm Horde","floor":41.0,"turns":3.0},{"damage":0.0,"enemies":"Sphere and 2 Shapes","floor":45.0,"turns":4.0},{"damage":4.0,"enemies":"R_Hoarder","floor":46.0,"turns":3.0},{"damage":0.0,"enemies":"Transient","floor":47.0,"turns":5.0},{"damage":0.0,"enemies":"Writhing Mass","floor":48.0,"turns":2.0},{"damage":13.0,"enemies":"Donu and Deca","floor":50.0,"turns":4.0},{"damage":11,"enemies":"Shield and Spear","floor":54,"turns":4},{"damage":33,"enemies":"The Heart","floor":55,"turns":7}],"seed_played":"-8888253195672421322","potions_obtained":[{"floor":3.0,"key":"Explosive Potion"},{"floor":7.0,"key":"Poison Potion"},{"floor":11.0,"key":"SteroidPotion"},{"floor":14.0,"key":"FearPotion"},{"floor":18.0,"key":"LiquidMemories"},{"floor":23.0,"key":"Weak Potion"},{"floor":25.0,"key":"BlessingOfTheForge"},{"floor":27.0,"key":"SkillPotion"},{"floor":33.0,"key":"Swift Potion"},{"floor":37.0,"key":"Adrenaline Potion"},{"floor":39.0,"key":"Venom Potion"},{"floor":40.0,"key":"Weak Potion"},{"floor":45.0,"key":"Flashbang"},{"floor":48.0,"key":"SkillPotion"},{"floor":54,"key":"Explosive Potion"}],"is_trial":false,"path_per_floor":["M","?","M","M","M","R","M","R","T","?","M","$","E","M","R","B",null,"M","M","?","M","?","E","R","M","T","E","?","E","M","?","R_BF","B",null,"M","M","M","$","M","E","M","R","T","$","M","E","M","M","R","B",null,"R","$","E","B",null],"character_chosen":"THE_SILENT","items_purchased":["ClockworkSouvenir","Backflip+1","Eternal Feather","Gremlin Food","Strange Spoon","Sadistic Nature","SkillPotion"],"campfire_rested":2,"item_purchase_floors":[12,12,38,38,38,44,53],"current_hp_per_floor":[61,61,61,59,59,59,52,52,52,52,51,51,46,34,34,23,70,70,70,70,67,67,60,60,55,55,47,70,70,69,62,62,8,70,70,70,64,64,64,55,55,70,70,70,70,66,66,66,70,57,70,70,70,59,26],"gold":75,"neow_bonus":"THREE_CARDS","is_daily":false,"chose_seed":false,"campfire_upgraded":4,"win_rate":0.0,"timestamp":1608167290,"path_taken":["M","?","M","M","M","R","?","R","T","?","M","$","E","M","R","BOSS","M","M","?","M","?","E","R","?","T","E","?","E","M","?","R_BF","BOSS","M","M","M","$","M","E","M","R","T","?","M","E","M","M","R","BOSS","R","$","E","BOSS"],"items_purchased_type":["Relic","Card","Relic","Relic","Relic","Card","Potion"],"build_version":"2020-12-13","purchased_purges":0,"victory":true,"max_hp_per_floor":[70,70,70,70,70,70,70,70,70,70,70,70,70,70,70,70,70,70,70,70,70,70,70,70,70,70,70,70,70,70,70,70,70,70,70,70,70,70,70,70,70,70,70,70,70,70,70,70,70,70,70,70,70,70,70],"card_choices":[{"not_picked":["Predator","Backstab"],"picked":"Quick Slash","floor":0.0},{"not_picked":["Concentrate","PiercingWail"],"picked":"Blade Dance","floor":1.0},{"not_picked":["Caltrops","Setup"],"picked":"Backstab","floor":3.0},{"not_picked":["Sucker Punch","ReplayTheSpireMod:Scrap Shanks"],"picked":"Crippling Poison","floor":4.0},{"not_picked":["Quick Slash","Poisoned Stab"],"picked":"Dagger Spray","floor":5.0},{"not_picked":["Deadly Poison","Underhanded Strike","ReplayTheSpireMod:Exploit Weakness"],"picked":"SKIP","floor":7.0},{"not_picked":["Prepared","Concentrate"],"picked":"Dodge and Roll","floor":11.0},{"not_picked":["PiercingWail","Leg Sweep","Grand Finale"],"picked":"SKIP","floor":13.0},{"not_picked":["Concentrate","PiercingWail"],"picked":"Poisoned Stab","floor":14.0},{"not_picked":["Wraith Form v2","ReplayTheSpireMod:Necrosis"],"picked":"After Image","floor":16.0},{"not_picked":["Acrobatics","Dodge and Roll"],"picked":"Blade Dance","floor":18.0},{"not_picked":["Sucker Punch","Underhanded Strike+1","Caltrops"],"picked":"SKIP","floor":19.0},{"not_picked":["Prepared","Poisoned Stab"],"picked":"Hidden Blade+1","floor":21.0},{"not_picked":["Flying Knee","Underhanded Strike"],"picked":"Blade Dance","floor":23.0},{"not_picked":["Hidden Blade","Blade Dance"],"picked":"Bane","floor":25.0},{"not_picked":["Slice","Atom Bomb"],"picked":"Finisher","floor":27.0},{"not_picked":["Backflip","Predator"],"picked":"Well Laid Plans","floor":29.0},{"not_picked":["Poisoned Stab","Masterful Stab+1"],"picked":"Distraction","floor":30.0},{"not_picked":["ReplayTheSpireMod:Necrosis","Die Die Die"],"picked":"Envenom","floor":33.0},{"not_picked":["Footwork","Flying Knee","Poisoned Stab+1"],"picked":"SKIP","floor":35.0},{"not_picked":["Blade Dance","Underhanded Strike"],"picked":"Concentrate","floor":36.0},{"not_picked":["Riddle With Holes+1","Well Laid Plans+1","Crippling Poison+1"],"picked":"SKIP","floor":37.0},{"not_picked":["Leg Sweep+1","Flying Knee+1"],"picked":"Outmaneuver+1","floor":39.0},{"not_picked":["ReplayTheSpireMod:Shiv Toss","Outmaneuver+1"],"picked":"Escape Plan","floor":40.0},{"not_picked":["Poisoned Stab","Malaise","Sucker Punch+1"],"picked":"SKIP","floor":41.0},{"not_picked":["Cloak And Dagger","Dagger Spray+1","Deadly Poison"],"picked":"SKIP","floor":45.0},{"not_picked":["Caltrops","Toxin Wave+1"],"picked":"Replay:Bag of Tricks","floor":46.0},{"not_picked":["Outmaneuver+1","Dagger Throw","Blade Dance"],"picked":"SKIP","floor":47.0},{"not_picked":["Night Terror","Dodge and Roll","Footwork"],"picked":"SKIP","floor":48.0},{"not_picked":["Acrobatics","Sucker Punch","ReplayTheSpireMod:Speed Training+1"],"picked":"SKIP","floor":54}],"player_experience":299104,"relics_obtained":[{"floor":9.0,"key":"Snake Skull"},{"floor":13.0,"key":"Golden Egg"},{"floor":23.0,"key":"MawBank"},{"floor":26.0,"key":"Bag of Marbles"},{"floor":27.0,"key":"Bag of Preparation"},{"floor":29.0,"key":"Pondfish Scales"},{"floor":40.0,"key":"ReplayFunnel"},{"floor":46.0,"key":"ReplayTheSpireMod:TigerMarble"},{"floor":54,"key":"Replay:Bandana"}],"event_choices":[{"damage_healed":0.0,"max_hp_gain":0.0,"max_hp_loss":0.0,"gold_gain":0.0,"cards_transformed":["Strike_G"],"event_name":"Transmorgrifier","player_choice":"Transformed","floor":2.0,"gold_loss":0.0,"damage_taken":0.0,"cards_obtained":["Caltrops"]},{"damage_healed":0.0,"max_hp_gain":0.0,"max_hp_loss":0.0,"gold_gain":30.0,"event_name":"Dead Adventurer","player_choice":"Searched \u00272\u0027 times","floor":10.0,"gold_loss":0.0,"damage_taken":0.0,"relics_obtained":["Replay:Wax Seal"]},{"damage_healed":0.0,"max_hp_gain":0.0,"max_hp_loss":0.0,"gold_gain":0.0,"event_name":"Ghosts","player_choice":"Ignored","floor":20.0,"gold_loss":0.0,"damage_taken":0.0},{"damage_healed":0.0,"max_hp_gain":0.0,"max_hp_loss":0.0,"gold_gain":0.0,"event_name":"WeMeetAgain","player_choice":"Paid Gold","floor":22.0,"gold_loss":68.0,"damage_taken":0.0,"relics_obtained":["Pocketwatch"]},{"damage_healed":23.0,"max_hp_gain":0.0,"max_hp_loss":0.0,"gold_gain":0.0,"event_name":"The Library","player_choice":"Heal","floor":28.0,"gold_loss":0.0,"damage_taken":0.0},{"damage_healed":0.0,"max_hp_gain":0.0,"max_hp_loss":0.0,"gold_gain":75.0,"event_name":"FaceTrader","player_choice":"Touch","floor":31.0,"gold_loss":0.0,"damage_taken":7.0}],"is_beta":false,"boss_relics":[{"not_picked":["Calling Bell","Busted Crown"],"picked":"WristBlade"},{"not_picked":["Replay:Bronze Core","Astrolabe"],"picked":"Replay:Grab Bag"},{"not_picked":["Velvet Choker","Painkiller Herb"],"picked":"Philosopher\u0027s Stone"},{"not_picked":["Replay:Wanted Poster","Runic Dome"],"picked":"Fusion Hammer"},{"not_picked":["Snecko Scales","Ring of Chaos"],"picked":"Runic Pyramid"},{"not_picked":["Snecko Eye","Ring of the Serpent"],"picked":"Pandora\u0027s Box"}],"items_purged_floors":[],"is_endless":false,"potions_floor_spawned":[3,7,11,14,18,23,25,27,33,37,39,40,45,48,54],"ascension_level":0}}