{"host":"y9jgkjnf95sujozk","time":1608207717,"event":{"mods":["2.2 Compatiblity","AchievementEnabler","BaseMod","Block Reminder","Colored Map","Colored Powertips","Downfall","Friendly Minions","GifTheSpireLib","Hermit","Highlight Path","MarisaÅiñ∂âJÅ@ñÇóùçπÅj","Minty Spire (QoL Compilation)","Random Character Button","Rare Cards Sparkle","Replay The Spire","StSLib","SuperFastMode","The Animator","The Bug Knight","The Cursed","The Servant 0.9.4"],"gold_per_floor":[109,109,109,120,134,134,150,150,150,150,325,66,85,39,39,39,39],"floor_reached":16,"playtime":268,"items_purged":["Doubt"],"score":90,"play_id":"ff39dca6-ee49-47b5-980f-8d2d0325d310","local_time":"20201217132157","is_ascension_mode":false,"campfire_choices":[{"floor":6.0,"key":"REST"},{"floor":8.0,"key":"REST"},{"data":"champ:FocusedGladiator","floor":10.0,"key":"SMITH"},{"data":"champ:FlashCut","floor":15,"key":"SMITH"}],"circlet_count":0,"master_deck":["champ:Strike","champ:Strike","champ:Strike","champ:Strike","champ:Defend","champ:Defend","champ:Defend","champ:Defend","champ:Execute+1","champ:Taunt","champ:PerfectedStrike","champ:BringItOn","champ:GladiatorsShout","champ:FocusedGladiator+1","champ:CalledShot","champ:GladiatorsShout","champ:CheapShot","champ:Encircle","champ:FanOfKnives","champ:DefensiveShout","champ:FocusedDefense","champ:FlashCut+1"],"relics":["champ:ChampionCrown","Replay:Accelerometer","Eternal Feather","Orrery"],"acts_visited":["Exordium"],"potions_floor_usage":[16],"damage_taken":[{"damage":5.0,"enemies":"Jaw Worm","floor":1.0,"turns":5.0},{"damage":6.0,"enemies":"Cultist","floor":4.0,"turns":4.0},{"damage":5.0,"enemies":"Small Slimes","floor":5.0,"turns":3.0},{"damage":15.0,"enemies":"Exordium Wildlife","floor":7.0,"turns":4.0},{"damage":13.0,"enemies":"2 Fungi Beasts","floor":13.0,"turns":4.0},{"damage":0,"enemies":"The Guardian","floor":16,"turns":1}],"seed_played":"2461266375421860937","potions_obtained":[{"floor":7.0,"key":"EssenceOfSteel"}],"is_trial":false,"path_per_floor":["M","?","?","M","M","R","M","R","T","R","?","$","M","$","R","B"],"character_chosen":"THE_CHAMP","items_purchased":["champ:CalledShot","Orrery","champ:FlashCut"],"campfire_rested":2,"item_purchase_floors":[12,12,14],"current_hp_per_floor":[90,83,78,77,77,90,80,90,90,90,90,90,82,82,90,90,90],"gold":39,"neow_bonus":"RANDOM_EVENT","is_daily":false,"chose_seed":false,"campfire_upgraded":2,"win_rate":0.0,"timestamp":1608207717,"path_taken":["M","?","?","?","M","R","?","R","T","R","?","?","M","$","R","BOSS"],"items_purchased_type":["Card","Relic","Card"],"build_version":"2020-12-13","purchased_purges":1,"victory":false,"max_hp_per_floor":[90,90,90,90,90,90,90,90,90,90,90,90,90,90,90,90,90],"card_choices":[{"not_picked":["champ:DefensiveShout","champ:BerserkerStyle"],"picked":"champ:PerfectedStrike","floor":1.0},{"not_picked":["champ:FanOfKnives","champ:FalseCounter"],"picked":"champ:BringItOn","floor":4.0},{"not_picked":["champ:StanceDance","champ:EnragedBash"],"picked":"champ:GladiatorsShout","floor":5.0},{"not_picked":["champ:IronFortress","champ:RecklessLeap"],"picked":"champ:FocusedGladiator","floor":7.0},{"not_picked":["champ:EnragedBash","champ:FlashCut"],"picked":"champ:GladiatorsShout","floor":12.0},{"not_picked":["champ:RapidStrikes","champ:PreciseThrust"],"picked":"champ:CheapShot","floor":12.0},{"not_picked":["champ:ShieldSlam","champ:PreciseThrust"],"picked":"champ:Encircle","floor":12.0},{"not_picked":["champ:BerserkersShout","champ:EndlessRage"],"picked":"champ:FanOfKnives","floor":12.0},{"not_picked":["champ:DancingMaster","champ:IronFortress"],"picked":"champ:DefensiveShout","floor":12.0},{"not_picked":["champ:BerserkersShout","champ:StanceDance"],"picked":"champ:FocusedDefense","floor":13.0}],"player_experience":102611,"relics_obtained":[{"floor":9.0,"key":"Eternal Feather"}],"event_choices":[{"damage_healed":0.0,"max_hp_gain":0.0,"max_hp_loss":0.0,"gold_gain":0.0,"event_name":"Scrap Ooze","player_choice":"Success","floor":2.0,"gold_loss":0.0,"damage_taken":7.0,"relics_obtained":["Replay:Accelerometer"]},{"damage_healed":0.0,"max_hp_gain":0.0,"max_hp_loss":0.0,"gold_gain":175.0,"event_name":"Liars Game","player_choice":"AGREE","floor":11.0,"gold_loss":0.0,"damage_taken":0.0,"cards_obtained":["Doubt"]}],"is_beta":false,"boss_relics":[],"items_purged_floors":[12],"is_endless":false,"potions_floor_spawned":[7],"killed_by":"The Guardian","ascension_level":0}}