{"host":"e1nidjoehlv47txx","time":1608214497,"event":{"mods":["BaseMod","Downfall","Hermit","Koishi","Marisa（F雨　魔理沙）","Minty Spire (QoL Compilation)","StSLib","[功能]功能增强和修复MOD"],"gold_per_floor":[99,99,99,117,133,108,108,108,136,61,72,87,107,77,96,198,198,198,183,183,183,183,197,197,215,315,315,315,327,672,672,682,777,777,777,810,810,827,812,1811,1838,1828,1828,1828,1828,1828,1828,1828,1840,1840],"floor_reached":51,"playtime":2431,"items_purged":["hexamod:Strike","hexamod:Strike","hexamod:Strike","hexamod:Strike","hexamod:Defend","hexamod:Defend","hexamod:Defend","hexamod:Defend","Normality","Normality"],"score":1444,"play_id":"197e7d15-a0a1-4a97-a005-f34717bcd9e5","local_time":"20201217221457","is_ascension_mode":false,"campfire_choices":[{"data":"hexamod:Sear","floor":1,"key":"SMITH"},{"data":"hexamod:Float","floor":3,"key":"SMITH"},{"data":"Apotheosis","floor":8,"key":"SMITH"},{"data":"hexamod:EmpoweringStance","floor":10,"key":"SMITH"},{"data":"hexamod:TimeOfNeed","floor":18,"key":"SMITH"},{"data":"hexamod:EmpoweringStance","floor":22,"key":"SMITH"},{"data":"hexamod:CatchUp","floor":27,"key":"SMITH"},{"data":"hexamod:ExtraCrispy","floor":35,"key":"SMITH"},{"data":"hexamod:FastForward","floor":43,"key":"SMITH"}],"circlet_count":0,"master_deck":["hexamod:Sear+1","hexamod:Float+1","hexamod:ThermalTransfer","hexamod:EmpoweringStance+1","Apotheosis+1","hexamod:EmpoweringStance+1","hexamod:GhostLash","hexamod:GhostShield","hexamod:RainOfEmbers","hexamod:CatchUp+1","hexamod:PhantomFireball","hexamod:ExtraCrispy+1","hexamod:Rewind","hexamod:TimeOfNeed+1","hexamod:VolcanoVisage","hexamod:FastForward+1","hexamod:StepThrough","hexamod:VolcanoVisage","hexamod:ChargedBarrage","Sadistic Nature","hexamod:ParanormalForm","hexamod:Firestarter+1","hexamod:EmpoweredFlame+1","Panache+1","hexamod:FirstSeal","hexamod:HauntingEcho","hexamod:CrushingStance","hexamod:GhostOfSpireFuture+1","hexamod:GhostOfSpireFuture+1","hexamod:DynamicBlow","hexamod:GhostOfSpireFuture+1","Mayhem+1","expansioncontent:CaCaw+1"],"relics":["hexamod:SpiritBrand","Mummified Hand","Meat on the Bone","DollysMirror","Nunchaku","Matryoshka","downfall:HeartBlessingGreen","MealTicket","Lantern","Orrery","SlaversCollar","Omamori","Smiling Mask","HornCleat","Juzu Bracelet","Frozen Egg 2","Bottled Lightning","TheAbacus","Calling Bell","Toy Ornithopter","Eternal Feather","Thread and Needle","Calipers","Red Mask","downfall:RedIOUUpgrade","PreservedInsect","Vajra","Anchor","Letter Opener","Bag of Preparation","Peace Pipe","Strange Spoon","Medical Kit","Bronze Scales","Girya","Oddly Smooth Stone"],"acts_visited":["Exordium","TheCity","TheBeyond"],"potions_floor_usage":[4,11,13,23,36,39,49,50],"damage_taken":[{"damage":0,"enemies":"Small Slimes","floor":4,"turns":2},{"damage":1,"enemies":"Cultist","floor":5,"turns":3},{"damage":0,"enemies":"downfall:FleeingMerchant","floor":6,"turns":4},{"damage":9,"enemies":"Lagavulin","floor":9,"turns":9},{"damage":0,"enemies":"2 Louse","floor":11,"turns":3},{"damage":1,"enemies":"Red Slaver","floor":12,"turns":3},{"damage":0,"enemies":"Large Slime","floor":13,"turns":3},{"damage":6,"enemies":"downfall:FleeingMerchant","floor":14,"turns":4},{"damage":0,"enemies":"3 Louse","floor":15,"turns":3},{"damage":18,"enemies":"downfall:Defect","floor":16,"turns":6},{"damage":0,"enemies":"downfall:FleeingMerchant","floor":19,"turns":4},{"damage":0,"enemies":"Shell Parasite","floor":23,"turns":4},{"damage":0,"enemies":"3 Cultists","floor":25,"turns":4},{"damage":8,"enemies":"Centurion and Healer","floor":29,"turns":5},{"damage":0,"enemies":"downfall:FleeingMerchant","floor":30,"turns":4},{"damage":0,"enemies":"Snake Plant","floor":32,"turns":3},{"damage":2,"enemies":"downfall:Ironclad","floor":33,"turns":5},{"damage":42,"enemies":"Reptomancer","floor":36,"turns":4},{"damage":4,"enemies":"3 Shapes","floor":38,"turns":5},{"damage":0,"enemies":"Orb Walker","floor":49,"turns":3},{"damage":0,"enemies":"downfall:Watcher","floor":50,"turns":5}],"seed_played":"6969627829979422602","potions_obtained":[{"floor":2,"key":"Fire Potion"},{"floor":2,"key":"CultistPotion"},{"floor":4,"key":"Block Potion"},{"floor":5,"key":"Fire Potion"},{"floor":11,"key":"Fire Potion"},{"floor":23,"key":"Fire Potion"},{"floor":36,"key":"Fire Potion"},{"floor":49,"key":"SpeedPotion"}],"is_trial":false,"path_per_floor":["R","?","R","M","M","$","T","R","E","R","M","M","M","$","M","B",null,"R","$","?","?","R","M","T","M","?","R","?","M","$","?","M","B",null,"R","E","?","M","$","?","T","$","R","?","$","?","?","?","M","B",null],"character_chosen":"THE_SPIRIT","items_purchased":["Apotheosis","Mummified Hand","Meat on the Bone","hexamod:EmpoweringStance","DollysMirror","hexamod:GhostLash","MealTicket","Lantern","hexamod:ExtraCrispy","hexamod:DynamicBlow","Orrery","PowerPotion","Pen Nib","Omamori","Sadistic Nature","hexamod:ParanormalForm","Frozen Egg 2","Bottled Lightning","Panache+1","TheAbacus","hexamod:FirstSeal","hexamod:HauntingEcho","hexamod:GhostOfSpireFuture+1","PreservedInsect","Vajra","Fruit Juice","FairyPotion","hexamod:DynamicBlow","hexamod:GhostOfSpireFuture+1","Bag of Preparation","Peace Pipe","Strange Spoon","Mayhem+1","Medical Kit","Bronze Scales","Girya","hexamod:Incineration"],"campfire_rested":0,"item_purchase_floors":[6,6,6,6,6,6,14,14,14,14,14,14,19,19,19,19,30,30,30,30,30,30,39,39,39,39,39,42,42,42,42,42,42,45,45,45,45],"current_hp_per_floor":[77,77,77,77,76,76,76,76,67,67,67,66,66,60,60,42,77,77,77,77,87,87,87,87,87,87,87,87,79,87,87,87,87,87,87,52,52,55,80,80,80,92,92,92,92,92,92,92,92,92],"gold":1840,"neow_bonus":"TEN_PERCENT_HP_BONUS","is_daily":false,"chose_seed":false,"campfire_upgraded":9,"win_rate":0.0,"timestamp":1608214497,"path_taken":["R","?","R","M","?","$","T","R","E","R","M","M","M","$","M","BOSS","R","?","?","?","R","M","T","?","?","R","?","M","$","?","M","BOSS","R","E","?","M","$","?","T","$","R","?","$","?","?","?","M","BOSS"],"items_purchased_type":["Card","Relic","Relic","Card","Relic","Card","Relic","Relic","Card","Card","Relic","Potion","Relic","Relic","Card","Card","Relic","Relic","Card","Relic","Card","Card","Card","Relic","Relic","Potion","Potion","Card","Card","Relic","Relic","Relic","Card","Relic","Relic","Relic","Card"],"build_version":"2020-12-13","purchased_purges":10,"victory":true,"max_hp_per_floor":[77,77,77,77,77,77,77,77,77,77,77,77,77,77,77,77,77,77,77,77,87,87,87,87,87,87,87,87,87,87,87,87,87,87,87,87,87,87,92,92,92,92,92,92,92,92,92,92,92,92],"card_choices":[{"not_picked":["hexamod:Haunt","hexamod:Again","hexamod:SecondSeal"],"picked":"SKIP","floor":4},{"not_picked":["hexamod:SecondSeal","hexamod:Hexaguard"],"picked":"hexamod:ThermalTransfer","floor":5},{"not_picked":["hexamod:BacktrackSmack","hexamod:Hexaguard"],"picked":"hexamod:EmpoweringStance","floor":6},{"not_picked":["hexamod:Rewind","hexamod:EtherealExpedition"],"picked":"hexamod:GhostShield","floor":9},{"not_picked":["hexamod:NightmareStrike","hexamod:ShieldOfDarkness"],"picked":"hexamod:RainOfEmbers","floor":11},{"not_picked":["hexamod:ThermalTransfer","hexamod:BacktrackSmack"],"picked":"hexamod:CatchUp","floor":12},{"not_picked":["hexamod:GhostOfSpirePresent","hexamod:BurningTouch"],"picked":"hexamod:PhantomFireball","floor":13},{"not_picked":["hexamod:BacktrackSmack","hexamod:HeatShield","hexamod:GhostLash"],"picked":"SKIP","floor":14},{"not_picked":["hexamod:GhostShield","hexamod:Incineration"],"picked":"hexamod:Rewind","floor":14},{"not_picked":["hexamod:GhostShield","hexamod:HauntingEcho"],"picked":"hexamod:TimeOfNeed","floor":14},{"not_picked":["hexamod:TurnItUp","hexamod:GhostLash"],"picked":"hexamod:VolcanoVisage","floor":14},{"not_picked":["hexamod:ThermalTransfer","hexamod:HauntingEcho"],"picked":"hexamod:FastForward","floor":14},{"not_picked":["hexamod:BurningTouch","hexamod:Rewind"],"picked":"hexamod:StepThrough","floor":15},{"not_picked":["hexamod:TimeWarp","hexamod:ParanormalForm"],"picked":"hexamod:VolcanoVisage","floor":16},{"not_picked":["hexamod:NightmareGuise","hexamod:FastForward"],"picked":"hexamod:ChargedBarrage","floor":19},{"not_picked":["hexamod:GhostLash","hexamod:PhantomCloak","hexamod:HeatShield+1"],"picked":"SKIP","floor":23},{"not_picked":["hexamod:Hexaguard+1","hexamod:GhostShield+1"],"picked":"hexamod:Firestarter+1","floor":25},{"not_picked":["hexamod:GhostLash","hexamod:RetreatToShadows","hexamod:Firestarter+1"],"picked":"SKIP","floor":29},{"not_picked":["hexamod:FastForward","hexamod:SoulSteal"],"picked":"hexamod:EmpoweredFlame+1","floor":30},{"not_picked":["hexamod:BurningTouch","hexamod:BacktrackSmack","hexamod:AdvancingGuard"],"picked":"SKIP","floor":32},{"not_picked":["hexamod:GhostflameInferno","hexamod:TimeWarp"],"picked":"hexamod:CrushingStance","floor":33},{"not_picked":["hexamod:GhostShield","hexamod:Firestarter","hexamod:Haunt+1"],"picked":"SKIP","floor":36},{"not_picked":["hexamod:CatchUp","hexamod:GhostOfSpirePast+1"],"picked":"hexamod:GhostOfSpireFuture+1","floor":38},{"not_picked":["expansioncontent:DecasProtection","expansioncontent:ManipulateTime"],"picked":"expansioncontent:CaCaw+1","floor":44},{"not_picked":["hexamod:NightmareGuise+1","hexamod:SpectralAdrenaline+1","hexamod:SpectersWail"],"picked":"SKIP","floor":49}],"player_experience":99601,"relics_obtained":[{"floor":7,"key":"Nunchaku"},{"floor":9,"key":"Matryoshka"},{"floor":24,"key":"Smiling Mask"},{"floor":24,"key":"HornCleat"},{"floor":34,"key":"Toy Ornithopter"},{"floor":34,"key":"Eternal Feather"},{"floor":34,"key":"Thread and Needle"},{"floor":36,"key":"Calipers"},{"floor":41,"key":"Anchor"},{"floor":41,"key":"Letter Opener"},{"floor":46,"key":"Oddly Smooth Stone"}],"event_choices":[{"damage_healed":0,"gold_gain":0,"player_choice":"Got Potions","damage_taken":0,"max_hp_gain":0,"max_hp_loss":0,"event_name":"Lab","floor":2,"gold_loss":0},{"cards_removed":["hexamod:EmpoweringStance"],"damage_healed":0,"gold_gain":0,"player_choice":"Offered Rare","damage_taken":0,"max_hp_gain":10,"max_hp_loss":0,"event_name":"Bonfire Elementals","floor":21,"gold_loss":0},{"damage_healed":0,"gold_gain":0,"player_choice":"Stole Relic","damage_taken":0,"relics_obtained":["Juzu Bracelet"],"max_hp_gain":0,"max_hp_loss":0,"event_name":"Addict","floor":28,"gold_loss":0,"cards_obtained":["Shame"]},{"damage_healed":0,"gold_gain":0,"player_choice":"Relic","damage_taken":0,"max_hp_gain":0,"max_hp_loss":0,"event_name":"Wheel of Change","floor":46,"gold_loss":0},{"cards_removed":["hexamod:Incineration"],"damage_healed":0,"gold_gain":0,"player_choice":"Purged","damage_taken":0,"max_hp_gain":0,"max_hp_loss":0,"event_name":"Purifier","floor":47,"gold_loss":0},{"damage_healed":0,"gold_gain":0,"player_choice":"Ignored","damage_taken":0,"max_hp_gain":0,"max_hp_loss":0,"event_name":"NoteForYourself","floor":48,"gold_loss":0}],"is_beta":false,"boss_relics":[{"not_picked":["Pandora\u0027s Box","Empty Cage"],"picked":"SlaversCollar"},{"not_picked":["hexamod:IceCube","Philosopher\u0027s Stone"],"picked":"Calling Bell"}],"items_purged_floors":[6,6,14,14,14,39,39,39,42,42],"is_endless":false,"potions_floor_spawned":[4,5,9,9,11,11,12,15,15,16,23,23,29,29,32,33,33,33,36,38,38,49],"ascension_level":0}}