{"host":"1hv1kueuvc4r3rdp","time":1608174684,"event":{"mods":["AchievementEnabler","BaseMod","DeckTracker","Highlight Path","Minty Spire (QoL Compilation)","Permanent Neow","StSLib"],"gold_per_floor":[113,63,80,100,115,140,140,166,248,265,265,283,295,306,306,403,403,417,269,284,45,61,61,72,104,183,194,194,213,213,228,228,228,228],"floor_reached":33,"playtime":2228,"items_purged":[],"score":399,"play_id":"adea7dcd-8778-494f-ba28-3e39313febc9","local_time":"20201216211124","is_ascension_mode":true,"campfire_choices":[{"data":"Dash","floor":7,"key":"SMITH"},{"floor":15,"key":"REST"},{"floor":23,"key":"REST"},{"data":"Bullet Time","floor":28,"key":"SMITH"},{"floor":30,"key":"REST"},{"floor":32,"key":"REST"}],"circlet_count":0,"master_deck":["Strike_G","Strike_G","Strike_G","Strike_G","Strike_G","Defend_G","Defend_G","Defend_G","Defend_G","Survivor","Neutralize","Blade Dance","Leg Sweep","Dash+1","Predator","After Image","Skewer","Blade Dance","Neutralize","Infinite Blades","Dagger Spray","Bullet Time+1","CurseOfTheBell","Panache","Terror","Backstab+1"],"relics":["Ring of the Snake","Oddly Smooth Stone","Tough Bandages","The Courier","Calling Bell","Orichalcum","Meat on the Bone","WingedGreaves","Happy Flower","Sling","Tiny Chest","StrikeDummy"],"acts_visited":["Exordium","TheCity"],"potions_floor_usage":[20,33,33],"damage_taken":[{"damage":4,"enemies":"Small Slimes","floor":1,"turns":3},{"damage":0,"enemies":"Jaw Worm","floor":3,"turns":4},{"damage":0,"enemies":"Cultist","floor":4,"turns":4},{"damage":6,"enemies":"Large Slime","floor":5,"turns":6},{"damage":12,"enemies":"3 Sentries","floor":6,"turns":11},{"damage":18,"enemies":"Lagavulin","floor":8,"turns":7},{"damage":0,"enemies":"Looter","floor":10,"turns":4},{"damage":1,"enemies":"Blue Slaver","floor":12,"turns":4},{"damage":0,"enemies":"Large Slime","floor":13,"turns":5},{"damage":0,"enemies":"2 Fungi Beasts","floor":14,"turns":3},{"damage":39,"enemies":"Hexaghost","floor":16,"turns":15},{"damage":14,"enemies":"Shell Parasite","floor":18,"turns":5},{"damage":17,"enemies":"2 Thieves","floor":20,"turns":4},{"damage":34,"enemies":"Chosen and Byrds","floor":22,"turns":6},{"damage":0,"enemies":"Centurion and Healer","floor":24,"turns":6},{"damage":32,"enemies":"Book of Stabbing","floor":25,"turns":6},{"damage":0,"enemies":"Snecko","floor":27,"turns":5},{"damage":29,"enemies":"Snake Plant","floor":29,"turns":6},{"damage":6,"enemies":"3 Cultists","floor":31,"turns":5},{"damage":59,"enemies":"Collector","floor":33,"turns":7}],"seed_played":"7578461620114956501","potions_obtained":[{"floor":1,"key":"Weak Potion"},{"floor":4,"key":"SpeedPotion"},{"floor":12,"key":"SteroidPotion"},{"floor":16,"key":"GhostInAJar"},{"floor":18,"key":"AttackPotion"},{"floor":20,"key":"Swift Potion"}],"is_trial":false,"path_per_floor":["M","?","M","M","M","E","R","E","T","M","?","M","M","M","R","B",null,"M","$","M","$","M","R","M","E","T","M","R","M","R","M","R","B"],"character_chosen":"THE_SILENT","items_purchased":["Panache","Happy Flower","Sling"],"campfire_rested":4,"item_purchase_floors":[19,21,21],"current_hp_per_floor":[59,59,59,59,53,41,41,23,23,23,23,22,22,22,43,4,54,40,40,35,35,13,34,46,26,26,38,38,21,42,36,57,0,0],"gold":228,"neow_bonus":"THREE_CARDS","is_daily":false,"chose_seed":false,"campfire_upgraded":2,"win_rate":0.0,"timestamp":1608174684,"path_taken":["M","?","M","M","M","E","R","E","T","M","?","?","M","M","R","BOSS","M","$","M","$","M","R","M","E","T","M","R","M","R","M","R","BOSS"],"items_purchased_type":["Card","Relic","Relic"],"build_version":"2020-12-13","purchased_purges":0,"victory":false,"max_hp_per_floor":[70,70,70,70,70,70,70,70,70,70,70,70,70,70,70,70,70,70,70,70,70,70,70,70,70,70,70,70,70,70,70,70,70,70],"card_choices":[{"not_picked":["Bane","Prepared"],"picked":"Blade Dance","floor":0},{"not_picked":["Blur","Dodge and Roll"],"picked":"Leg Sweep","floor":1},{"not_picked":["Blade Dance","Deadly Poison","Terror"],"picked":"SKIP","floor":3},{"not_picked":["Dodge and Roll","Deflect","Terror"],"picked":"SKIP","floor":4},{"not_picked":["Masterful Stab","Flying Knee"],"picked":"Dash","floor":5},{"not_picked":["Footwork","Leg Sweep"],"picked":"Predator","floor":6},{"not_picked":["Quick Slash","Concentrate"],"picked":"After Image","floor":8},{"not_picked":["Setup","Catalyst"],"picked":"Skewer","floor":10},{"not_picked":["Footwork","Deadly Poison"],"picked":"Infinite Blades","floor":12},{"not_picked":["Endless Agony","PiercingWail","Deadly Poison"],"picked":"SKIP","floor":13},{"not_picked":["Sucker Punch","All Out Attack"],"picked":"Dagger Spray","floor":14},{"not_picked":["Grand Finale","After Image"],"picked":"Bullet Time","floor":16},{"not_picked":["Noxious Fumes","Deadly Poison","Backflip"],"picked":"SKIP","floor":18},{"not_picked":["Predator","Outmaneuver","Flying Knee"],"picked":"SKIP","floor":20},{"not_picked":["Acrobatics","Blade Dance","Underhanded Strike+1"],"picked":"SKIP","floor":22},{"not_picked":["Infinite Blades","Acrobatics+1","Dagger Spray"],"picked":"SKIP","floor":24},{"not_picked":["Skewer+1","Endless Agony"],"picked":"Terror","floor":25},{"not_picked":["Deflect","Skewer","Concentrate"],"picked":"SKIP","floor":27},{"not_picked":["Dodge and Roll","Backflip","Bane"],"picked":"SKIP","floor":29},{"not_picked":["Dagger Throw","Flying Knee"],"picked":"Backstab+1","floor":31}],"player_experience":1032391,"relics_obtained":[{"floor":6,"key":"Oddly Smooth Stone"},{"floor":8,"key":"Tough Bandages"},{"floor":9,"key":"The Courier"},{"floor":17,"key":"Orichalcum"},{"floor":17,"key":"Meat on the Bone"},{"floor":17,"key":"WingedGreaves"},{"floor":25,"key":"Tiny Chest"},{"floor":26,"key":"StrikeDummy"}],"event_choices":[{"cards_removed":["Defend_G"],"damage_healed":0,"gold_gain":0,"player_choice":"Card Removal","damage_taken":0,"max_hp_gain":0,"max_hp_loss":0,"event_name":"The Cleric","floor":2,"gold_loss":50},{"damage_healed":0,"gold_gain":0,"player_choice":"2 cards matched","damage_taken":0,"max_hp_gain":0,"max_hp_loss":0,"event_name":"Match and Keep!","floor":11,"gold_loss":0,"cards_obtained":["Blade Dance","Neutralize"]}],"is_beta":false,"boss_relics":[{"not_picked":["Black Star","Velvet Choker"],"picked":"Calling Bell"}],"items_purged_floors":[],"is_endless":false,"potions_floor_spawned":[1,4,12,16,18,20,27,31],"killed_by":"Collector","ascension_level":8}}