{"host":"g1wmg2w41xhsnw8g","time":1608209023,"event":{"mods":["2.2 Compatiblity","Act Like it!","Aspiration","BaseMod","Better Altar","Better Match","Better Note","Better Sensory Stone","Better Skull","Better Third Choice","BetterRewards","Booster Modes","CapriCore","Colored Map","Colored Powertips","Curses Come First","Defuse TimeMaze Blight","Displayed Cursed Tome","Friendly Minions","GifTheSpireLib","Googly Eyes","Hubris","Infinite Spire","Magitek Elite","Minty Spire (QoL Compilation)","Red Circlet Mod","Relic Sorter","SCP261 Mod","Shop Mod","Spicy Shops","StSLib","The Sage","TheBandit","Transform Curses","????"],"gold_per_floor":[119,138,190,190,208,0,30,49,49,60,76,91,91,126,126,126,126,126],"floor_reached":16,"playtime":984,"items_purged":["wariomod:Defend","Pain"],"score":223,"play_id":"1f48cef7-f1ff-4c5c-8294-4e46a2f07d63","local_time":"20201217074343","is_ascension_mode":true,"campfire_choices":[{"data":"wariomod:Goblast","floor":15,"key":"SMITH"}],"circlet_count":0,"master_deck":["wariomod:Strike","wariomod:Strike","wariomod:Strike","wariomod:Strike","wariomod:Defend","wariomod:Defend","wariomod:Defend","wariomod:Step","wariomod:Leap","wariomod:Immortalize","wariomod:GreaterGuard","wariomod:Goblast+1","wariomod:ImFeelingLucky","wariomod:ChargeForth","wariomod:Game","Regret"],"relics":["wariomod:TheHat","MerchantsRug","Nunchaku","Orichalcum","WarpedTongs","infinitespire:Joker Card","Frozen Egg 2","Singing Bowl","Pear","Regal Pillow"],"acts_visited":["Exordium"],"potions_floor_usage":[7,14,14,16,16],"damage_taken":[{"damage":10,"enemies":"Cultist","floor":1,"turns":4},{"damage":6,"enemies":"Small Slimes","floor":2,"turns":2},{"damage":10,"enemies":"2 Louse","floor":5,"turns":2},{"damage":16,"enemies":"Gremlin Nob","floor":7,"turns":4},{"damage":4,"enemies":"Looter","floor":8,"turns":3},{"damage":4,"enemies":"Red Slaver","floor":10,"turns":4},{"damage":1,"enemies":"3 Louse","floor":11,"turns":3},{"damage":0,"enemies":"Large Slime","floor":12,"turns":3},{"damage":7,"enemies":"Lagavulin","floor":14,"turns":6},{"damage":40,"enemies":"Slime Boss","floor":16,"turns":5}],"seed_played":"4324368789524575666","potions_obtained":[{"floor":1,"key":"SmokeBomb"},{"floor":5,"key":"ColorlessPotion"},{"floor":8,"key":"Weak Potion"},{"floor":11,"key":"LiquidBronze"},{"floor":12,"key":"EssenceOfSteel"},{"floor":14,"key":"BlessingOfTheForge"}],"is_trial":false,"path_per_floor":["M","M","T","?","M","R","E","M","T","M","M","M","?","E","R","B"],"character_chosen":"THE_BANDIT","items_purchased":["MerchantsRug","Nunchaku","infinitespire:Joker Card"],"campfire_rested":0,"item_purchase_floors":[0,0,6],"current_hp_per_floor":[70,64,64,64,54,54,38,34,34,32,31,33,43,38,38,0,0,0],"gold":126,"neow_bonus":"","is_daily":false,"chose_seed":false,"campfire_upgraded":1,"win_rate":0.0,"timestamp":1608209023,"path_taken":["M","M","?","?","M","R","E","M","T","M","M","?","?","E","R","BOSS"],"items_purchased_type":["Relic","Relic","Relic"],"build_version":"2020-12-13","purchased_purges":2,"victory":false,"max_hp_per_floor":[80,80,80,80,80,80,80,80,80,82,82,84,94,96,96,96,96,96],"card_choices":[{"not_picked":["wariomod:AwfulLook","wariomod:TempestBlasts"],"picked":"wariomod:Immortalize","floor":1},{"not_picked":["wariomod:DoubleDash","wariomod:Bombshield"],"picked":"wariomod:GreaterGuard","floor":2},{"not_picked":["wariomod:SimpleShield","wariomod:DeepDig"],"picked":"wariomod:Goblast","floor":5},{"not_picked":["wariomod:SmallSprint","wariomod:SmackSlam"],"picked":"wariomod:ImFeelingLucky","floor":7},{"not_picked":["wariomod:AwfulLook","wariomod:BlastDash"],"picked":"wariomod:ChargeForth","floor":8},{"not_picked":["wariomod:SimpleShield","wariomod:NullJump","wariomod:HappyHit"],"picked":"Singing Bowl","floor":10},{"not_picked":["wariomod:Bombshield","wariomod:DoubleDash"],"picked":"wariomod:Game","floor":11},{"not_picked":["wariomod:GodlyGift","wariomod:TempestBlasts+1","wariomod:Goblast"],"picked":"Singing Bowl","floor":12},{"not_picked":["wariomod:Bombtime","wariomod:SimpleShield","wariomod:BodyBlock"],"picked":"Singing Bowl","floor":14}],"player_experience":1073974,"relics_obtained":[{"floor":3,"key":"Orichalcum"},{"floor":7,"key":"Frozen Egg 2"},{"floor":9,"key":"Singing Bowl"},{"floor":14,"key":"Regal Pillow"}],"event_choices":[{"damage_healed":0,"gold_gain":0,"player_choice":"Rummage","damage_taken":0,"relics_obtained":["WarpedTongs"],"max_hp_gain":0,"max_hp_loss":0,"event_name":"Accursed Blacksmith","floor":4,"gold_loss":0,"cards_obtained":["Pain"]},{"damage_healed":0,"gold_gain":0,"player_choice":"Box","damage_taken":0,"relics_obtained":["Pear"],"max_hp_gain":0,"max_hp_loss":0,"event_name":"Big Fish","floor":13,"gold_loss":0,"cards_obtained":["Regret"]}],"is_beta":false,"boss_relics":[],"items_purged_floors":[0,6],"is_endless":false,"potions_floor_spawned":[1,5,8,11,12,14],"killed_by":"Slime Boss","ascension_level":1}}