{"host":"egyxg9lnjq7g2hmw","time":1608171066,"event":{"mods":["AchievementEnabler","BaseMod","Block Reminder","Colored Map","Colored Powertips","Highlight Path","Minty Spire (QoL Compilation)","Rare Cards Sparkle","StSLib"],"gold_per_floor":[112,132,132,132,207,34,34,48,48,60,60,60,60],"floor_reached":12,"playtime":386,"items_purged":["Strike_G"],"score":129,"play_id":"8243165f-a6e2-4bc3-af7b-169e576b7a02","local_time":"20201216181106","is_ascension_mode":true,"campfire_choices":[{"data":"Quick Slash","floor":7,"key":"SMITH"},{"floor":11,"key":"REST"}],"circlet_count":0,"master_deck":["AscendersBane","Strike_G","Strike_G","Strike_G","Strike_G","Defend_G+1","Defend_G","Defend_G","Defend_G","Defend_G+1","Survivor","Neutralize","Flying Knee","Quick Slash+1","Well Laid Plans","Infinite Blades","Envenom"],"relics":["Ring of the Snake","MealTicket","Art of War"],"acts_visited":["Exordium"],"potions_floor_usage":[10,12],"damage_taken":[{"damage":1,"enemies":"2 Louse","floor":1,"turns":4},{"damage":4,"enemies":"Small Slimes","floor":2,"turns":4},{"damage":15,"enemies":"Jaw Worm","floor":8,"turns":6},{"damage":6,"enemies":"Exordium Wildlife","floor":10,"turns":5},{"damage":37,"enemies":"Gremlin Nob","floor":12,"turns":4}],"seed_played":"-6637202678360224362","potions_obtained":[{"floor":2,"key":"EssenceOfSteel"}],"is_trial":false,"path_per_floor":["M","M","?","?","?","$","R","M","T","M","R","E"],"character_chosen":"THE_SILENT","items_purchased":["Well Laid Plans","Fire Potion"],"campfire_rested":1,"item_purchase_floors":[6,6],"current_hp_per_floor":[58,54,54,34,23,38,38,23,23,17,36,0,0],"gold":60,"neow_bonus":"RANDOM_COMMON_RELIC","is_daily":false,"chose_seed":false,"campfire_upgraded":1,"win_rate":0.0,"timestamp":1608171066,"path_taken":["M","M","?","?","?","$","R","M","T","M","R","E"],"items_purchased_type":["Card","Potion"],"build_version":"2020-12-13","purchased_purges":1,"victory":false,"max_hp_per_floor":[66,66,66,66,66,66,66,66,66,66,66,66,66],"card_choices":[{"not_picked":["Dagger Spray","Bane"],"picked":"Flying Knee","floor":1},{"not_picked":["Slice","Outmaneuver"],"picked":"Quick Slash","floor":2},{"not_picked":["Infinite Blades","Prepared","Quick Slash"],"picked":"SKIP","floor":8},{"not_picked":["Prepared","Quick Slash"],"picked":"Infinite Blades","floor":8},{"not_picked":["PiercingWail","Crippling Poison"],"picked":"Envenom","floor":10}],"player_experience":488123,"relics_obtained":[{"floor":9,"key":"Art of War"}],"event_choices":[{"damage_healed":0,"gold_gain":0,"player_choice":"Ignored","damage_taken":0,"max_hp_gain":0,"max_hp_loss":0,"event_name":"Liars Game","floor":3,"gold_loss":0},{"damage_healed":0,"gold_gain":0,"player_choice":"Entered Light","damage_taken":20,"max_hp_gain":0,"max_hp_loss":0,"event_name":"Shining Light","floor":4,"gold_loss":0,"cards_upgraded":["Defend_G","Defend_G"]},{"damage_healed":0,"gold_gain":75,"player_choice":"Gather Gold","damage_taken":11,"max_hp_gain":0,"max_hp_loss":0,"event_name":"World of Goop","floor":5,"gold_loss":0}],"is_beta":false,"boss_relics":[],"items_purged_floors":[6],"is_endless":false,"potions_floor_spawned":[2],"killed_by":"Gremlin Nob","ascension_level":18}}