{"host":"hvwa7s69zr612rn1","time":1608168619,"event":{"mods":["BaseMod","Colored Map","Colored Powertips","Koishi","Minty Spire (QoL Compilation)","StSLib"],"gold_per_floor":[14,32,32,45,55,81,81,97,97,97,111,111,111,127,127,232,232,247,272,290,290,308,308,308],"floor_reached":23,"playtime":1474,"items_purged":[],"score":195,"play_id":"8b5026e1-94f1-4537-86a3-d40528429d4f","local_time":"20201217123019","is_ascension_mode":false,"campfire_choices":[{"data":"Koishi:DNAsFlaw","floor":7.0,"key":"SMITH"},{"data":"Koishi:JumpScare","floor":10.0,"key":"SMITH"},{"data":"Koishi:HauntingSlash","floor":15.0,"key":"SMITH"}],"circlet_count":0,"master_deck":["Koishi:Provoke","Koishi:HauntingSlash+1","Koishi:ParalyzingFear","Koishi:JumpScare+1","Koishi:DNAsFlaw+1","Koishi:Catatonia","Koishi:Vanish","Koishi:TremblingHands","Koishi:TerrifyingSpectre","Koishi:FourthEye","Koishi:PhilosophyOfTheDespised","Koishi:SubconsciousSweep","Koishi:TremblingHands","Koishi:Jaunt","Koishi:RuptureMind","Koishi:ParalyzingFear","Koishi:YoukaiPolygraph+1","Koishi:DreadfulBlow"],"relics":["Koishi:ImaginaryFriend","Toy Ornithopter","Darkstone Periapt","Pandora\u0027s Box","Red Mask","Frozen Eye"],"acts_visited":["Exordium","TheCity"],"potions_floor_usage":[18,23],"damage_taken":[{"damage":1.0,"enemies":"Jaw Worm","floor":1.0,"turns":5.0},{"damage":0.0,"enemies":"Small Slimes","floor":2.0,"turns":3.0},{"damage":6.0,"enemies":"2 Louse","floor":4.0,"turns":3.0},{"damage":0.0,"enemies":"Large Slime","floor":5.0,"turns":7.0},{"damage":18.0,"enemies":"Gremlin Nob","floor":6.0,"turns":8.0},{"damage":4.0,"enemies":"Exordium Wildlife","floor":8.0,"turns":4.0},{"damage":7.0,"enemies":"2 Fungi Beasts","floor":11.0,"turns":4.0},{"damage":5.0,"enemies":"Looter","floor":14.0,"turns":3.0},{"damage":51.0,"enemies":"The Guardian","floor":16.0,"turns":14.0},{"damage":28,"enemies":"Spheric Guardian","floor":18,"turns":4},{"damage":50,"enemies":"Masked Bandits","floor":19,"turns":7},{"damage":4,"enemies":"Shell Parasite","floor":20,"turns":8},{"damage":11,"enemies":"Cultist and Chosen","floor":22,"turns":5},{"damage":47,"enemies":"Slavers","floor":23,"turns":4}],"seed_played":"-2206986543385030191","potions_obtained":[{"floor":1.0,"key":"Weak Potion"},{"floor":6.0,"key":"Fruit Juice"},{"floor":11.0,"key":"PowerPotion"},{"floor":22,"key":"DuplicationPotion"}],"is_trial":false,"path_per_floor":["M","M","?","M","M","E","R","M","T","R","M","?","?","M","R","B",null,"M","?","M","?","M","E"],"character_chosen":"KOISHI","items_purchased":[],"campfire_rested":0,"item_purchase_floors":[],"current_hp_per_floor":[60,60,60,55,58,45,45,44,44,44,52,52,57,57,57,25,70,49,7,17,17,18,0,0],"gold":308,"neow_bonus":"REMOVE_TWO","is_daily":false,"chose_seed":false,"campfire_upgraded":3,"win_rate":0.0,"timestamp":1608168619,"path_taken":["M","M","?","M","M","E","R","M","T","R","M","?","?","M","R","BOSS","M","?","M","?","M","E"],"items_purchased_type":[],"build_version":"2020-12-13","purchased_purges":0,"victory":false,"max_hp_per_floor":[60,60,60,60,60,60,60,60,60,60,65,65,70,70,70,70,70,70,70,70,70,70,70,70],"card_choices":[{"not_picked":["Koishi:StrangeCloudFist","Koishi:DanmakuParanoia"],"picked":"Koishi:ParalyzingFear","floor":1.0},{"not_picked":["Koishi:EmbryosDream","Koishi:StingingMind","Koishi:FleetingPhantom"],"picked":"SKIP","floor":2.0},{"not_picked":["Koishi:PhantomBarrier","Koishi:EmbryosDream"],"picked":"Koishi:JumpScare","floor":4.0},{"not_picked":["Koishi:ParalyzingFear","Koishi:UnansweredLove","Koishi:FidgetySnatcher"],"picked":"SKIP","floor":5.0},{"not_picked":["Koishi:MassHysteria","Koishi:ReflexRadar"],"picked":"Koishi:DNAsFlaw","floor":6.0},{"not_picked":["Koishi:HeartfeltFancy","Koishi:UnconsciousUprising"],"picked":"Koishi:Catatonia","floor":8.0},{"not_picked":["Koishi:HeartfeltFancy","Koishi:ParalyzingFear"],"picked":"Koishi:Vanish","floor":11.0},{"not_picked":["Koishi:SuperEgo","Koishi:SpiritedAway"],"picked":"Koishi:TremblingHands","floor":14.0},{"not_picked":["Koishi:MindStellarRelief","Koishi:SuperEgo"],"picked":"Koishi:TerrifyingSpectre","floor":16.0},{"not_picked":["Koishi:CatchAndRose","Koishi:IdleWhim"],"picked":"Koishi:ParalyzingFear","floor":18},{"not_picked":["Koishi:Untouchable","Koishi:Prune"],"picked":"Koishi:YoukaiPolygraph+1","floor":20},{"not_picked":["Koishi:ReflexRadar+1","Koishi:Bloodlust"],"picked":"Koishi:DreadfulBlow","floor":22}],"player_experience":315516,"relics_obtained":[{"floor":6.0,"key":"Toy Ornithopter"},{"floor":9.0,"key":"Darkstone Periapt"},{"floor":19,"key":"Red Mask"}],"event_choices":[{"damage_healed":0.0,"max_hp_gain":0.0,"max_hp_loss":0.0,"gold_gain":0.0,"event_name":"Golden Idol","player_choice":"Ignored","floor":3.0,"gold_loss":0.0,"damage_taken":0.0},{"damage_healed":0.0,"max_hp_gain":0.0,"max_hp_loss":0.0,"gold_gain":0.0,"event_name":"Liars Game","player_choice":"Ignored","floor":12.0,"gold_loss":0.0,"damage_taken":0.0},{"damage_healed":0.0,"max_hp_gain":5.0,"max_hp_loss":0.0,"gold_gain":0.0,"event_name":"Big Fish","player_choice":"Donut","floor":13.0,"gold_loss":0.0,"damage_taken":0.0},{"damage_healed":0,"gold_gain":0,"player_choice":"Fought Bandits","damage_taken":0,"max_hp_gain":0,"max_hp_loss":0,"event_name":"Masked Bandits","floor":19,"gold_loss":0},{"damage_healed":0,"gold_gain":0,"player_choice":"Ignored","damage_taken":0,"max_hp_gain":0,"max_hp_loss":0,"event_name":"Vampires","floor":21,"gold_loss":0}],"is_beta":false,"boss_relics":[{"not_picked":["Sozu","Koishi:ColorfulDays"],"picked":"Pandora\u0027s Box"}],"items_purged_floors":[],"is_endless":false,"potions_floor_spawned":[1,6,11,22],"killed_by":"Slavers","ascension_level":0}}