{"host":"nox","time":1608177063,"event":{"mods":["BaseMod","Colored Powertips","Minty Spire (QoL Compilation)","Quick Restart","Replay The Spire","StSLib"],"gold_per_floor":[109,41,59,72,86,86,119,119,145,145,162,240,137,168,168,272,272,291,291,216,232,244,244,262,279,305,305,319,319,319],"floor_reached":29,"playtime":1093,"items_purged":["Strike_B"],"score":369,"play_id":"163bc9f2-d8e4-4247-ae68-03c95d336655","local_time":"20201217105103","is_ascension_mode":true,"campfire_choices":[{"data":"Hologram","floor":6.0,"key":"SMITH"},{"data":"ReplayTheSpireMod:GoodbyeWorld","floor":8.0,"key":"SMITH"},{"floor":10.0,"key":"REST"},{"floor":15,"key":"RECALL"},{"floor":23,"key":"DIG"},{"floor":27,"key":"REST"}],"circlet_count":0,"master_deck":["Strike_B+1","Strike_B","Defend_B","Defend_B+1","Defend_B","Defend_B","Zap","Dualcast","Gash","ReplayTheSpireMod:GoodbyeWorld+1","Gash","Hologram+1","Gash","Gash","All For One","All For One","Echo Form","Spreading Infection","Clumsy","Amnesia","White Noise","Gash+1","Core Surge"],"relics":["Velvet Choker","Bag of Preparation","ReplayTheSpireMod:Ninjato","Centennial Puzzle","Replay:Baseball","Replay:Ancient Bell","Simple Rune","Snack Pack","Shovel","Peace Pipe","Replay:Antivirus Software"],"acts_visited":["Exordium","TheCity"],"potions_floor_usage":[25,25],"damage_taken":[{"damage":2.0,"enemies":"Jaw Worm","floor":1.0,"turns":3.0},{"damage":0.0,"enemies":"Cultist","floor":3.0,"turns":3.0},{"damage":12.0,"enemies":"2 Louse","floor":4.0,"turns":4.0},{"damage":10.0,"enemies":"Exordium Wildlife","floor":5.0,"turns":3.0},{"damage":20.0,"enemies":"Lagavulin","floor":7.0,"turns":5.0},{"damage":0.0,"enemies":"Gremlin Gang","floor":11.0,"turns":3.0},{"damage":21.0,"enemies":"Replay:BlueRogue","floor":14.0,"turns":3.0},{"damage":0,"enemies":"Slime Boss","floor":16,"turns":4},{"damage":21,"enemies":"Shell Parasite","floor":18,"turns":4},{"damage":8,"enemies":"3 Byrds","floor":21,"turns":3},{"damage":17,"enemies":"Snecko","floor":22,"turns":4},{"damage":40,"enemies":"Snake Plant","floor":24,"turns":6},{"damage":6,"enemies":"Centurion and Healer","floor":25,"turns":5},{"damage":25,"enemies":"Sentry and Sphere","floor":28,"turns":4},{"damage":16,"enemies":"Shelled Parasite and Fungi","floor":29,"turns":3}],"seed_played":"-1759910481828107209","potions_obtained":[{"floor":3.0,"key":"Swift Potion"},{"floor":4.0,"key":"Elixir"},{"floor":5.0,"key":"Toxic Potion"},{"floor":11.0,"key":"Dexterity Potion"},{"floor":18,"key":"Weak Potion"}],"is_trial":false,"path_per_floor":["M","?","M","M","M","R","E","R","T","R","M","T","$","E","R","B",null,"M","?","$","M","M","R","M","M","T","R","M","M"],"character_chosen":"DEFECT","items_purchased":["All For One"],"campfire_rested":2,"item_purchase_floors":[13],"current_hp_per_floor":[73,73,73,61,51,51,31,31,31,53,53,53,53,32,32,32,75,58,58,58,58,45,45,11,11,11,33,12,0,0],"gold":319,"neow_bonus":"BOSS_RELIC","is_daily":false,"chose_seed":false,"campfire_upgraded":2,"win_rate":0.0,"timestamp":1608177063,"path_taken":["M","?","?","M","M","R","E","R","T","R","M","?","?","E","R","BOSS","M","?","$","M","M","R","M","M","T","R","M","?"],"items_purchased_type":["Card"],"build_version":"2020-11-17","purchased_purges":1,"victory":false,"max_hp_per_floor":[75,75,75,75,75,75,75,75,75,75,75,75,75,75,75,75,75,75,75,75,75,75,75,75,75,75,75,75,75,75],"card_choices":[{"not_picked":["Rebound","BasicCrystalCard"],"picked":"Gash","floor":1.0},{"not_picked":["Turbo","Aggregate"],"picked":"ReplayTheSpireMod:GoodbyeWorld","floor":3.0},{"not_picked":["Blizzard","ReplayTheSpireMod:Calculation Training"],"picked":"Gash","floor":4.0},{"not_picked":["Turbo","Redo"],"picked":"Hologram","floor":5.0},{"not_picked":["White Noise","Fusion"],"picked":"Gash","floor":7.0},{"not_picked":["Panic Button","Cold Snap"],"picked":"Gash","floor":11.0},{"not_picked":["Crystallizer","Rainbow"],"picked":"Echo Form","floor":14.0},{"not_picked":["Looming Evil","Normality"],"picked":"Spreading Infection","floor":17},{"not_picked":["Injury","ReplayTheSpireMod:Faulty Equipment"],"picked":"Clumsy","floor":17},{"not_picked":["CommonCold","Regret"],"picked":"Amnesia","floor":17},{"not_picked":["Force Field","Conserve Battery","Turbo"],"picked":"SKIP","floor":18},{"not_picked":["Ball Lightning+1","Compile Driver","Hologram+1"],"picked":"SKIP","floor":21},{"not_picked":["Sweeping Beam+1","Hello World"],"picked":"White Noise","floor":22},{"not_picked":["Loop+1","Compile Driver+1","Static Discharge+1"],"picked":"SKIP","floor":24},{"not_picked":["Reinforced Body+1","Ball Lightning"],"picked":"Gash+1","floor":25},{"not_picked":["Chill+1","Reinforced Body"],"picked":"Core Surge","floor":28}],"player_experience":152679,"relics_obtained":[{"floor":7.0,"key":"ReplayTheSpireMod:Ninjato"},{"floor":9.0,"key":"Centennial Puzzle"},{"floor":14.0,"key":"Replay:Baseball"},{"floor":23,"key":"Peace Pipe"},{"floor":26,"key":"Replay:Antivirus Software"}],"event_choices":[{"damage_healed":0.0,"max_hp_gain":0.0,"max_hp_loss":0.0,"gold_gain":0.0,"event_name":"WeMeetAgain","player_choice":"Paid Gold","floor":2.0,"gold_loss":68.0,"damage_taken":0.0,"relics_obtained":["Bag of Preparation"]},{"cards_removed":["Strike_B"],"damage_healed":0,"gold_gain":0,"player_choice":"Purged","damage_taken":0,"max_hp_gain":0,"max_hp_loss":0,"event_name":"Purifier","floor":19,"gold_loss":0}],"is_beta":true,"boss_relics":[{"not_picked":["Coffee Dripper","Black Star"],"picked":"Replay:Ancient Bell"},{"not_picked":["Tiny Chest","Replay:Rubber Ducky"],"picked":"Simple Rune"},{"not_picked":["Divine Protection","Replay:Accelerometer"],"picked":"Snack Pack"},{"not_picked":["StoneCalendar","Girya"],"picked":"Shovel"}],"items_purged_floors":[20],"is_endless":false,"potions_floor_spawned":[3,4,5,11,18,24],"killed_by":"Shelled Parasite and Fungi","ascension_level":4}}