{"host":"fne7yx97fnz7kq05","time":1608243422,"event":{"mods":["BaseMod","Colored Map","Colored Powertips","Highlight Path","Minty Spire (QoL Compilation)","Relic Stats"],"gold_per_floor":[109,109,126,27,37,37,68,79,79,79,98,110,137,137,137,237,237,225,250,45,60,110,110,137,156,156,156,182,35,55,73,73,168,168,188,188,188,200,50,77,77,96,96,96,110,122,22,34,34,34,34,34,34,59,59,59],"floor_reached":55,"playtime":2358,"items_purged":["Decay","Regret"],"score":1084,"play_id":"1981e3fb-2a2f-419c-a915-1228d62955a5","local_time":"20201217161702","is_ascension_mode":true,"campfire_choices":[{"data":"Carnage","floor":6,"key":"SMITH"},{"data":"Inflame","floor":10,"key":"SMITH"},{"data":"Bash","floor":15,"key":"SMITH"},{"data":"Uppercut","floor":23,"key":"SMITH"},{"floor":27,"key":"RECALL"},{"data":"Heavy Blade","floor":32,"key":"SMITH"},{"data":"Limit Break","floor":41,"key":"SMITH"},{"floor":49,"key":"REST"},{"floor":52,"key":"REST"}],"circlet_count":0,"master_deck":["Strike_R","Strike_R","Strike_R","Strike_R","Defend_R","Defend_R","Defend_R","Defend_R","Bash+1","Carnage+1","True Grit","Clothesline","Inflame+1","Ghostly Armor","Uppercut+1","Apotheosis","Cleave","Heavy Blade+1","Feel No Pain","True Grit+1","Limit Break+1","Twin Strike+1","PanicButton","Twin Strike+1","Limit Break+1","Dark Embrace+1"],"relics":["Burning Blood","Anchor","Juzu Bracelet","Bottled Tornado","Sundial","Snecko Eye","Red Mask","Pen Nib","Bottled Flame","Bag of Marbles","Brimstone","Cursed Key","Bag of Preparation","Red Skull","Strawberry"],"acts_visited":["Exordium","TheCity","TheBeyond","TheEnding"],"potions_floor_usage":[13,50,50,55],"damage_taken":[{"damage":0,"enemies":"Jaw Worm","floor":1,"turns":3},{"damage":6,"enemies":"Cultist","floor":3,"turns":3},{"damage":6,"enemies":"Small Slimes","floor":5,"turns":4},{"damage":34,"enemies":"Gremlin Nob","floor":7,"turns":5},{"damage":11,"enemies":"Exordium Thugs","floor":8,"turns":4},{"damage":0,"enemies":"Looter","floor":11,"turns":2},{"damage":0,"enemies":"2 Fungi Beasts","floor":12,"turns":3},{"damage":13,"enemies":"Lagavulin","floor":13,"turns":5},{"damage":22,"enemies":"The Guardian","floor":16,"turns":13},{"damage":6,"enemies":"2 Thieves","floor":18,"turns":4},{"damage":3,"enemies":"Masked Bandits","floor":19,"turns":5},{"damage":7,"enemies":"3 Byrds","floor":21,"turns":4},{"damage":0,"enemies":"Slavers","floor":24,"turns":6},{"damage":8,"enemies":"Snake Plant","floor":25,"turns":2},{"damage":0,"enemies":"Gremlin Leader","floor":28,"turns":3},{"damage":21,"enemies":"Chosen and Byrds","floor":30,"turns":5},{"damage":5,"enemies":"Shelled Parasite and Fungi","floor":31,"turns":3},{"damage":30,"enemies":"Automaton","floor":33,"turns":4},{"damage":3,"enemies":"3 Darklings","floor":35,"turns":5},{"damage":0,"enemies":"Orb Walker","floor":38,"turns":2},{"damage":11,"enemies":"Giant Head","floor":40,"turns":4},{"damage":3,"enemies":"3 Darklings","floor":42,"turns":4},{"damage":0,"enemies":"Spire Growth","floor":45,"turns":2},{"damage":17,"enemies":"Sphere and 2 Shapes","floor":46,"turns":3},{"damage":7,"enemies":"Maw","floor":48,"turns":4},{"damage":64,"enemies":"Awakened One","floor":50,"turns":6},{"damage":21,"enemies":"Shield and Spear","floor":54,"turns":4},{"damage":72,"enemies":"The Heart","floor":55,"turns":2}],"seed_played":"7549086186196308794","potions_obtained":[{"floor":1,"key":"FearPotion"},{"floor":8,"key":"DuplicationPotion"},{"floor":11,"key":"SkillPotion"},{"floor":18,"key":"EssenceOfSteel"},{"floor":21,"key":"Ancient Potion"},{"floor":33,"key":"Swift Potion"},{"floor":45,"key":"SteroidPotion"}],"is_trial":false,"path_per_floor":["M","?","M","$","M","R","E","M","T","R","M","M","E","?","R","B",null,"M","?","$","M","?","R","E","M","T","R","E","$","M","M","R","B",null,"M","?","?","M","$","E","R","M","T","?","M","M","$","M","R","B",null,"R","$","E","B"],"character_chosen":"IRONCLAD","items_purchased":["Clothesline","Uppercut","Apotheosis","Brimstone","Bag of Preparation"],"campfire_rested":2,"item_purchase_floors":[4,20,20,29,39],"current_hp_per_floor":[78,78,78,78,78,78,50,45,45,45,51,57,50,50,50,34,69,69,72,72,71,71,71,77,75,75,75,80,80,65,66,66,42,71,74,74,64,70,70,65,65,68,68,68,74,63,63,62,80,22,66,80,80,72,0,0],"gold":59,"neow_bonus":"RANDOM_COMMON_RELIC","is_daily":false,"chose_seed":false,"campfire_upgraded":6,"win_rate":0.0,"timestamp":1608243422,"path_taken":["M","?","M","$","M","R","E","M","T","R","M","M","E","?","R","BOSS","M","?","$","M","?","R","E","M","T","R","E","?","M","M","R","BOSS","M","?","?","M","$","E","R","M","T","?","M","M","$","M","R","BOSS","R","$","E","BOSS"],"items_purchased_type":["Card","Card","Card","Relic","Relic"],"build_version":"2020-12-13","purchased_purges":2,"victory":false,"max_hp_per_floor":[80,80,80,80,80,80,80,80,80,80,80,80,80,80,80,80,80,80,80,80,80,80,80,80,80,80,80,80,80,80,80,80,80,80,80,80,80,80,80,80,80,80,80,80,80,80,80,80,80,80,80,80,80,87,87,87],"relic_stats":{"counters":[28,114],"Sundial":[16],"Snecko Eye":[129,139,117,123],"Pen Nib":[11],"Juzu Bracelet":2,"Bag of Preparation":[16],"Cursed Key":1,"obtain_stats":[{"Pen Nib":24,"Juzu Bracelet":7,"Bag of Preparation":39,"Bottled Tornado":9,"Cursed Key":34,"Burning Blood":0,"Anchor":0,"Bottled Flame":26,"Sundial":13,"Brimstone":29,"Strawberry":54,"Snecko Eye":17,"Red Mask":19,"Bag of Marbles":28,"Red Skull":40},{"Pen Nib":13,"Juzu Bracelet":4,"Bag of Preparation":20,"Bottled Tornado":5,"Cursed Key":18,"Burning Blood":0,"Anchor":0,"Bottled Flame":14,"Sundial":8,"Brimstone":15,"Strawberry":27,"Snecko Eye":9,"Red Mask":11,"Bag of Marbles":15,"Red Skull":21},{"Pen Nib":61,"Juzu Bracelet":15,"Bag of Preparation":85,"Bottled Tornado":19,"Cursed Key":78,"Burning Blood":0,"Anchor":0,"Bottled Flame":63,"Sundial":29,"Brimstone":66,"Strawberry":112,"Snecko Eye":42,"Red Mask":51,"Bag of Marbles":66,"Red Skull":89}],"Burning Blood":161},"card_choices":[{"not_picked":["Seeing Red","Armaments"],"picked":"Carnage","floor":1},{"not_picked":["Blood for Blood","Perfected Strike"],"picked":"True Grit","floor":3},{"not_picked":["Searing Blow","Reckless Charge","Twin Strike"],"picked":"SKIP","floor":5},{"not_picked":["Body Slam","Thunderclap","Brutality"],"picked":"SKIP","floor":7},{"not_picked":["Anger","Iron Wave"],"picked":"Inflame","floor":8},{"not_picked":["Clothesline","Carnage","Headbutt"],"picked":"SKIP","floor":11},{"not_picked":["Clothesline","Carnage","Headbutt"],"picked":"SKIP","floor":11},{"not_picked":["Warcry","Thunderclap","Clothesline"],"picked":"SKIP","floor":12},{"not_picked":["Sword Boomerang","Second Wind"],"picked":"Ghostly Armor","floor":13},{"not_picked":["Pummel","Wild Strike+1","Rupture"],"picked":"SKIP","floor":18},{"not_picked":["Bloodletting","Entrench"],"picked":"Cleave","floor":21},{"not_picked":["Rage","Wild Strike"],"picked":"Heavy Blade","floor":24},{"not_picked":["Burning Pact","Ghostly Armor"],"picked":"Feel No Pain","floor":25},{"not_picked":["Cleave","Body Slam+1","Thunderclap+1"],"picked":"SKIP","floor":28},{"not_picked":["True Grit","Flex+1","Clash"],"picked":"SKIP","floor":30},{"not_picked":["Headbutt","Warcry+1"],"picked":"True Grit+1","floor":31},{"not_picked":["Bludgeon","Brutality"],"picked":"Limit Break","floor":33},{"not_picked":["Anger","Sword Boomerang"],"picked":"Twin Strike+1","floor":35},{"not_picked":["Finesse","Madness"],"picked":"PanicButton","floor":37},{"not_picked":["Rupture","Cleave+1","Wild Strike"],"picked":"SKIP","floor":38},{"not_picked":["Berserk","Carnage+1","Headbutt"],"picked":"SKIP","floor":40},{"not_picked":["Evolve","Pommel Strike"],"picked":"Twin Strike+1","floor":42},{"not_picked":["Iron Wave+1","Clothesline+1","Uppercut"],"picked":"SKIP","floor":45},{"not_picked":["Whirlwind","Twin Strike","Havoc+1"],"picked":"SKIP","floor":46},{"not_picked":["Wild Strike+1","Rupture","Berserk"],"picked":"SKIP","floor":48},{"not_picked":["Iron Wave","Inflame+1"],"picked":"Dark Embrace+1","floor":54}],"player_experience":41142,"relics_obtained":[{"floor":7,"key":"Juzu Bracelet"},{"floor":9,"key":"Bottled Tornado"},{"floor":13,"key":"Sundial"},{"floor":19,"key":"Red Mask"},{"floor":24,"key":"Pen Nib"},{"floor":26,"key":"Bottled Flame"},{"floor":28,"key":"Bag of Marbles"},{"floor":40,"key":"Red Skull"},{"floor":54,"key":"Strawberry"}],"event_choices":[{"damage_healed":0,"gold_gain":0,"player_choice":"Cursed","damage_taken":0,"max_hp_gain":0,"max_hp_loss":0,"event_name":"Wheel of Change","floor":2,"gold_loss":0,"cards_obtained":["Decay"]},{"cards_removed":["Strike_R"],"damage_healed":0,"gold_gain":0,"player_choice":"Offered Basic","damage_taken":0,"max_hp_gain":0,"max_hp_loss":0,"event_name":"Bonfire Elementals","floor":14,"gold_loss":0},{"damage_healed":0,"gold_gain":0,"player_choice":"Fought Bandits","damage_taken":0,"max_hp_gain":0,"max_hp_loss":0,"event_name":"Masked Bandits","floor":19,"gold_loss":0},{"damage_healed":0,"gold_gain":100,"player_choice":"Bet on Murderer","damage_taken":0,"max_hp_gain":0,"max_hp_loss":0,"event_name":"The Joust","floor":22,"gold_loss":50},{"damage_healed":0,"gold_gain":0,"player_choice":"Ignored","damage_taken":0,"max_hp_gain":0,"max_hp_loss":0,"event_name":"Mysterious Sphere","floor":36,"gold_loss":0},{"damage_healed":0,"gold_gain":0,"player_choice":"Memory 3","damage_taken":10,"max_hp_gain":0,"max_hp_loss":0,"event_name":"SensoryStone","floor":37,"gold_loss":0},{"damage_healed":0,"gold_gain":0,"player_choice":"Copied","damage_taken":0,"max_hp_gain":0,"max_hp_loss":0,"event_name":"Duplicator","floor":44,"gold_loss":0,"cards_obtained":["Limit Break"]}],"is_beta":false,"boss_relics":[{"not_picked":["Black Star","SacredBark"],"picked":"Snecko Eye"},{"not_picked":["Busted Crown","SlaversCollar"],"picked":"Cursed Key"}],"items_purged_floors":[4,47],"is_endless":false,"potions_floor_spawned":[1,8,11,18,21,24,28,33,42,45],"killed_by":"The Heart","ascension_level":8}}