{"host":"uxq2rly8rxtwffuf","time":1608190114,"event":{"mods":["BaseMod","Koishi","Minty Spire (QoL Compilation)","StSLib","The Judge","The Servant 0.9.4"],"gold_per_floor":[115,125,138,152,172,172,172,172,172,172,172,15,49,72,72,165,165,186,186,186,201,224,558,577,577,603,642,642,663,133,147,147,240,240,265,289,79,79,79,79],"floor_reached":39,"playtime":2252,"items_purged":["Strike_S","StarChef"],"score":971,"play_id":"567bdf62-0824-4b23-9a15-a3bb28849e5e","local_time":"20201217102834","is_ascension_mode":true,"campfire_choices":[{"data":"Solidify","floor":6.0,"key":"SMITH"},{"floor":8.0,"key":"REST"},{"floor":11.0,"key":"REST"},{"floor":15.0,"key":"RECALL"},{"floor":25.0,"key":"REST"},{"data":"SilverBlades","floor":28.0,"key":"SMITH"},{"data":"KillingDoll","floor":32.0,"key":"SMITH"}],"circlet_count":0,"master_deck":["AscendersBane","KidneyShot+1","Exchange","FanOfKnives","Misdirection","Luminosity","Solidify+1","Desolation","Luminosity","Rearm","BottledTime","DualDimension","KillingDoll+1","Desolation","DancingSilver","KillingDoll","WasteNot","Sabotage","TimeWarp","SilverBlades+1","Starlight","BottledTime","BottledTime","SurpressingFire","SurpressingFire","Sunlight","CurseOfTheBell","Barrier+1","Master of Strategy+1"],"relics":["Uniform","Golden Idol","Mummified Hand","Dream Catcher","RomanBracelet","Pandora\u0027s Box","Old Coin","Incense Burner","ClockworkSouvenir","Strawberry","Calling Bell","Nunchaku","Toxic Egg 2","Pocketwatch"],"acts_visited":["Exordium","TheCity","TheBeyond"],"potions_floor_usage":[],"damage_taken":[{"damage":3.0,"enemies":"Small Slimes","floor":1.0,"turns":4.0},{"damage":4.0,"enemies":"Jaw Worm","floor":2.0,"turns":5.0},{"damage":2.0,"enemies":"2 Louse","floor":3.0,"turns":2.0},{"damage":13.0,"enemies":"Exordium Wildlife","floor":4.0,"turns":4.0},{"damage":3.0,"enemies":"Blue Slaver","floor":5.0,"turns":5.0},{"damage":14.0,"enemies":"3 Sentries","floor":13.0,"turns":5.0},{"damage":0.0,"enemies":"Gremlin Gang","floor":14.0,"turns":1.0},{"damage":1.0,"enemies":"The Guardian","floor":16.0,"turns":9.0},{"damage":2.0,"enemies":"Spheric Guardian","floor":18.0,"turns":3.0},{"damage":0.0,"enemies":"Shell Parasite","floor":21.0,"turns":1.0},{"damage":0.0,"enemies":"Snake Plant","floor":22.0,"turns":2.0},{"damage":8.0,"enemies":"Book of Stabbing","floor":23.0,"turns":4.0},{"damage":10.0,"enemies":"Centurion and Healer","floor":24.0,"turns":5.0},{"damage":0.0,"enemies":"Gremlin Leader","floor":27.0,"turns":7.0},{"damage":3.0,"enemies":"3 Cultists","floor":29.0,"turns":3.0},{"damage":0.0,"enemies":"Snake Plant","floor":31.0,"turns":1.0},{"damage":0.0,"enemies":"Automaton","floor":33.0,"turns":6.0},{"damage":3,"enemies":"3 Darklings","floor":35,"turns":4},{"damage":52,"enemies":"3 Shapes","floor":36,"turns":5},{"damage":14,"enemies":"Sphere and 2 Shapes","floor":39,"turns":1}],"seed_played":"983849887383051357","potions_obtained":[{"floor":1.0,"key":"Weak Potion"},{"floor":4.0,"key":"GamblersBrew"},{"floor":13.0,"key":"GamblersBrew"},{"floor":14.0,"key":"Energy Potion"},{"floor":18.0,"key":"Swift Potion"},{"floor":21.0,"key":"Explosive Potion"},{"floor":24.0,"key":"Energy Potion"},{"floor":31.0,"key":"AttackPotion"},{"floor":33.0,"key":"CultistPotion"}],"is_trial":false,"path_per_floor":["M","M","M","M","M","R","?","R","T","?","R","$","E","M","R","B",null,"M","?","?","M","M","E","M","R","T","E","R","M","$","M","R","B",null,"M","M","$","?","M"],"character_chosen":"THE_SERVANT","items_purchased":["Rearm","BottledTime","SurpressingFire","ClockworkSouvenir","Strawberry","Master of Strategy+1"],"campfire_rested":3,"item_purchase_floors":[12,12,30,30,30,37],"current_hp_per_floor":[51,47,45,32,29,29,8,26,26,26,44,44,30,30,30,29,52,50,50,50,50,50,42,32,50,50,50,50,47,54,54,54,54,64,61,9,9,9,0,0],"gold":79,"neow_bonus":"UPGRADE_CARD","is_daily":false,"chose_seed":false,"campfire_upgraded":3,"win_rate":0.0,"timestamp":1608190114,"path_taken":["M","M","M","M","M","R","?","R","T","?","R","$","E","M","R","BOSS","M","?","?","M","M","E","M","R","T","E","R","M","$","M","R","BOSS","M","M","$","?","?"],"items_purchased_type":["Card","Card","Card","Relic","Relic","Card"],"build_version":"2020-12-13","purchased_purges":2,"victory":false,"max_hp_per_floor":[60,60,60,60,60,60,60,60,60,60,60,60,60,60,60,60,60,60,60,60,60,60,60,60,60,60,60,60,60,67,67,67,67,67,67,67,67,67,67,67],"card_choices":[{"not_picked":["DoubleEdge","ShatteredReality"],"picked":"FanOfKnives","floor":1.0},{"not_picked":["Rewind","Spin"],"picked":"Misdirection","floor":2.0},{"not_picked":["Starlight","Ricochet"],"picked":"Luminosity","floor":3.0},{"not_picked":["StarChef","Collapse"],"picked":"Solidify","floor":4.0},{"not_picked":["SpecialFormula","Collapse"],"picked":"Desolation","floor":5.0},{"not_picked":["FastForward","Hightail"],"picked":"Luminosity","floor":11.0},{"not_picked":["TimeWarp","Snipe"],"picked":"DualDimension","floor":13.0},{"not_picked":["Reset","MoonPhase","DoubleEdge"],"picked":"SKIP","floor":14.0},{"not_picked":["TrueSight","Sunlight"],"picked":"KillingDoll","floor":16.0},{"not_picked":["RealityMarble","Unruled"],"picked":"TimeWarp","floor":18.0},{"not_picked":["FastForward","Defy"],"picked":"Starlight","floor":21.0},{"not_picked":["Hightail","Defy"],"picked":"BottledTime","floor":22.0},{"not_picked":["Hightail","Revamp","Potential+1"],"picked":"SKIP","floor":23.0},{"not_picked":["ReturningBlade+1","Defy","Potential+1"],"picked":"SKIP","floor":24.0},{"not_picked":["Spin","DoubleEdge"],"picked":"BottledTime","floor":25.0},{"not_picked":["Spin+1","Desolation","ShatteredReality+1"],"picked":"SKIP","floor":27.0},{"not_picked":["Defy","DualDimension"],"picked":"SurpressingFire","floor":29.0},{"not_picked":["Revamp","Reset","TimeWarp"],"picked":"SKIP","floor":31.0},{"not_picked":["SoulSculpture","TrueSight"],"picked":"Sunlight","floor":33.0},{"not_picked":["TimeWarp+1","InstantArmor+1","Ricochet"],"picked":"SKIP","floor":35},{"not_picked":["Alleviate+1","ShatteredReality"],"picked":"Barrier+1","floor":36}],"player_experience":1339966,"relics_obtained":[{"floor":9.0,"key":"Mummified Hand"},{"floor":13.0,"key":"RomanBracelet"},{"floor":23.0,"key":"Old Coin"},{"floor":27.0,"key":"Incense Burner"},{"floor":34.0,"key":"Nunchaku"},{"floor":34.0,"key":"Toxic Egg 2"},{"floor":34.0,"key":"Pocketwatch"}],"event_choices":[{"damage_healed":0.0,"max_hp_gain":0.0,"max_hp_loss":0.0,"gold_gain":0.0,"event_name":"Golden Idol","player_choice":"Take Damage","floor":7.0,"gold_loss":0.0,"damage_taken":21.0,"relics_obtained":["Golden Idol"]},{"damage_healed":0.0,"max_hp_gain":0.0,"max_hp_loss":0.0,"gold_gain":0.0,"event_name":"Dead Adventurer","player_choice":"Searched \u00272\u0027 times","floor":10.0,"gold_loss":0.0,"damage_taken":0.0,"relics_obtained":["Dream Catcher"]},{"damage_healed":0.0,"max_hp_gain":0.0,"max_hp_loss":0.0,"gold_gain":0.0,"event_name":"The Library","player_choice":"Read","floor":19.0,"gold_loss":0.0,"damage_taken":0.0,"cards_obtained":["SilverBlades"]},{"cards_removed":["DualDimension"],"damage_healed":0.0,"max_hp_gain":0.0,"max_hp_loss":0.0,"gold_gain":0.0,"event_name":"Back to Basics","player_choice":"Elegance","floor":20.0,"gold_loss":0.0,"damage_taken":0.0},{"damage_healed":0,"gold_gain":0,"player_choice":"Ignored","damage_taken":0,"max_hp_gain":0,"max_hp_loss":0,"event_name":"SecretPortal","floor":38,"gold_loss":0}],"is_beta":false,"boss_relics":[{"not_picked":["Tiny House","Busted Crown"],"picked":"Pandora\u0027s Box"},{"not_picked":["Snecko Eye","Astrolabe"],"picked":"Calling Bell"}],"items_purged_floors":[12,30],"is_endless":false,"potions_floor_spawned":[1,4,13,14,18,21,24,31,33],"killed_by":"Sphere and 2 Shapes","ascension_level":19}}