{"host":"c3kh4y5z2xx8jyu6","time":1608196298,"event":{"mods":["AchievementEnabler","BaseMod","Colored Powertips","Downfall","Hermit","Hubris","Lobotomy","Marisa????????","Minty Spire (QoL Compilation)","READ ME - Guardian Mod","Replay The Spire","Shop Mod","StSLib","Td1madao Mod","The Bug Knight","The Cursed","The Disciple","The Hierophant","The Jungle","The Necromancer","The Runesmith","The Servant 0.9.4"],"gold_per_floor":[113,124,139,24,36,62,62,75,75,75,107,119,131,157,157,255,355,329,329,329,342,302,302,302],"floor_reached":23,"playtime":864,"items_purged":[],"score":234,"play_id":"3f31b7dd-5af5-4bc1-98f2-a66e82c48a42","local_time":"20201217111138","is_ascension_mode":true,"campfire_choices":[{"floor":7,"key":"REST"},{"data":"Blood_Is_Power","floor":10,"key":"SMITH"},{"floor":15,"key":"REST"}],"circlet_count":0,"master_deck":["Strike_W","Strike_W","Strike_W","Strike_W","Defend_W","Defend_W","Defend_W","Defend_W","Negative_Energy_Arrows","Bone_Wall","Bone_Armor","Life_Tap","Summon_Undead","Skeleton_Dragon+1","Negative_Energy_Sphere","Uncharnel","Blood_Is_Power+1","Summon_Undead_Army","Blood_Shield","Negative_Energy_Mist","Toxic_Smoke_Screen","Summon_Death_Knight","Bone_Armory","Decay","Negative_Energy_Mist"],"relics":["Vampire_Amulet","NeowsBlessing","Strawberry","hubris:CrystalStatue","Regal Pillow","Smiling Mask","Replay:Wanted Poster","Ring of Hypnosis"],"acts_visited":["Exordium","TheCity"],"potions_floor_usage":[11,11,16,16],"damage_taken":[{"damage":0,"enemies":"Small Slimes","floor":1,"turns":1},{"damage":0,"enemies":"2 Louse","floor":2,"turns":1},{"damage":0,"enemies":"Jaw Worm","floor":3,"turns":1},{"damage":24,"enemies":"Exordium Thugs","floor":5,"turns":6},{"damage":16,"enemies":"3 Sentries","floor":6,"turns":5},{"damage":0,"enemies":"Large Slime","floor":8,"turns":4},{"damage":11,"enemies":"Lagavulin","floor":11,"turns":5},{"damage":4,"enemies":"2 Fungi Beasts","floor":12,"turns":5},{"damage":16,"enemies":"Gremlin Gang","floor":13,"turns":6},{"damage":58,"enemies":"Gremlin Nob","floor":14,"turns":7},{"damage":42,"enemies":"The Guardian","floor":16,"turns":11},{"damage":48,"enemies":"2 Thieves","floor":18,"turns":5},{"damage":23,"enemies":"3 Byrds","floor":21,"turns":6},{"damage":24,"enemies":"Gremlin Leader","floor":23,"turns":2}],"seed_played":"3312394229805641161","potions_obtained":[{"floor":5,"key":"Explosive Potion"},{"floor":6,"key":"SteroidPotion"},{"floor":8,"key":"Explosive Potion"},{"floor":11,"key":"Milkshake"},{"floor":12,"key":"Reflective Coating"},{"floor":18,"key":"Elixir"},{"floor":21,"key":"EssenceOfSteel"},{"floor":22,"key":"SteroidPotion"}],"is_trial":false,"path_per_floor":["M","M","M","$","M","E","R","M","T","R","E","M","M","E","R","B",null,"M","?","?","M","?","E"],"character_chosen":"NECROMANCER","items_purchased":["Skeleton_Dragon+1"],"campfire_rested":2,"item_purchase_floors":[4],"current_hp_per_floor":[75,75,75,75,55,52,76,80,80,80,71,71,63,7,46,6,82,36,36,36,19,19,0,0],"gold":302,"neow_bonus":"THREE_ENEMY_KILL","is_daily":false,"chose_seed":false,"campfire_upgraded":1,"win_rate":0.0,"timestamp":1608196298,"path_taken":["M","M","M","$","M","E","R","M","T","R","E","M","M","E","R","BOSS","M","?","?","M","?","E"],"items_purchased_type":["Card"],"build_version":"2020-12-13","purchased_purges":0,"victory":false,"max_hp_per_floor":[75,75,75,75,75,82,82,82,82,82,82,82,82,82,82,82,82,82,82,82,82,82,82,82],"card_choices":[{"not_picked":["Negative_Energy_Javelin","Scare"],"picked":"Bone_Armor","floor":1},{"not_picked":["Negative_Energy_Javelin","Acid_Javelin"],"picked":"Life_Tap","floor":2},{"not_picked":["Negative_Energy_Javelin","Plague_Bolt"],"picked":"Summon_Undead","floor":3},{"not_picked":["Death_Coil","Bone_Bullets"],"picked":"Negative_Energy_Sphere","floor":5},{"not_picked":["Blood_Curse","Bones_to_Steel"],"picked":"Uncharnel","floor":6},{"not_picked":["Bone_Armor","Consume_Illness"],"picked":"Blood_Is_Power","floor":8},{"not_picked":["Finger_Of_Death","Chill_Blood"],"picked":"Summon_Undead_Army","floor":11},{"not_picked":["Thousand_Bone_Knives","Blood_Wake"],"picked":"Blood_Shield","floor":12},{"not_picked":["Blood_Whip","Whirlwind_of_Bones"],"picked":"Negative_Energy_Mist","floor":13},{"not_picked":["Strike_from_Beyond","Scare"],"picked":"Toxic_Smoke_Screen","floor":14},{"not_picked":["Summon_Vampire_Lady","Negative_Energy_Bomb"],"picked":"Summon_Death_Knight","floor":16},{"not_picked":["Blood_Is_Power","Bone_Shift"],"picked":"Bone_Armory","floor":18},{"not_picked":["Scare+1","Vampiric_Strike"],"picked":"Negative_Energy_Mist","floor":21}],"player_experience":198447,"relics_obtained":[{"floor":6,"key":"Strawberry"},{"floor":9,"key":"hubris:CrystalStatue"},{"floor":11,"key":"Regal Pillow"},{"floor":14,"key":"Smiling Mask"},{"floor":20,"key":"Ring of Hypnosis"}],"event_choices":[{"damage_healed":0,"gold_gain":0,"player_choice":"Smashed Altar","damage_taken":0,"max_hp_gain":0,"max_hp_loss":0,"event_name":"Forgotten Altar","floor":19,"gold_loss":0,"cards_obtained":["Decay"]},{"damage_healed":0,"gold_gain":0,"player_choice":"Bought 3 Potions","damage_taken":0,"max_hp_gain":0,"max_hp_loss":0,"event_name":"The Woman in Blue","floor":22,"gold_loss":0}],"is_beta":false,"boss_relics":[{"not_picked":["SacredBark","ReplayTheSpireMod:DimensionalGlitch"],"picked":"Replay:Wanted Poster"}],"items_purged_floors":[],"is_endless":false,"potions_floor_spawned":[5,6,8,11,12,18,21],"killed_by":"Gremlin Leader","ascension_level":2}}