{"host":"nieu49hsh1dm9v6n","time":1608233107,"event":{"mods":["Aspiration","BaseMod","Better Third Choice","Hubris","Minty Spire (QoL Compilation)","StSLib","vexMod"],"gold_per_floor":[109,189,206,226,237,270,270,302,348,348,383,407,449,633,633,719,719,719,719,719,719,719,719,719,719,719],"floor_reached":25,"playtime":1714,"items_purged":[],"score":478,"play_id":"1a8195b4-1d58-4ef6-aafb-5d3261707536","local_time":"20201217202507","is_ascension_mode":true,"campfire_choices":[{"floor":7,"key":"REST"},{"floor":10,"key":"REST"},{"floor":15,"key":"REST"},{"data":"Defragment","floor":23,"key":"SMITH"}],"circlet_count":0,"master_deck":["AscendersBane","Strike_B","Strike_B","Strike_B","Strike_B","Defend_B","Defend_B","Defend_B","Defend_B","Zap","Dualcast","Leap","Sweeping Beam","Darkness","White Noise","Biased Cognition","White Noise","Glacier","Cold Snap","Defragment+1","Doubt","Thunder Strike","Chaos+1","Cold Snap","Self Repair+1"],"relics":["Cracked Core","aspiration:Nostalgia","Ring of the Snake","hubris:PeanutButter","Vajra","StrikeDummy","hubris:ToyBattleship","CeramicFish","Girya","Ectoplasm","Gremlin Horn"],"acts_visited":["Exordium","TheCity"],"potions_floor_usage":[11],"damage_taken":[{"damage":1,"enemies":"Cultist","floor":1,"turns":3},{"damage":0,"enemies":"2 Louse","floor":3,"turns":3},{"damage":0,"enemies":"Small Slimes","floor":4,"turns":2},{"damage":7,"enemies":"Exordium Wildlife","floor":5,"turns":5},{"damage":37,"enemies":"3 Sentries","floor":6,"turns":9},{"damage":10,"enemies":"Lagavulin","floor":8,"turns":7},{"damage":25,"enemies":"Gremlin Nob","floor":11,"turns":5},{"damage":1,"enemies":"Large Slime","floor":12,"turns":6},{"damage":12,"enemies":"3 Sentries","floor":13,"turns":7},{"damage":0,"enemies":"Hexaghost","floor":16,"turns":11},{"damage":0,"enemies":"Shell Parasite","floor":18,"turns":6},{"damage":2,"enemies":"Spheric Guardian","floor":19,"turns":4},{"damage":0,"enemies":"Snecko","floor":24,"turns":7},{"damage":15,"enemies":"Gremlin Leader","floor":25,"turns":5}],"seed_played":"-4316334924926316303","potions_obtained":[{"floor":4,"key":"BlessingOfTheForge"},{"floor":5,"key":"EssenceOfSteel"},{"floor":11,"key":"LiquidBronze"},{"floor":19,"key":"DistilledChaos"}],"is_trial":false,"path_per_floor":["M","T","M","M","M","E","R","E","T","R","E","M","E","?","R","B",null,"M","M","?","T","?","R","M","E"],"character_chosen":"DEFECT","items_purchased":[],"campfire_rested":3,"item_purchase_floors":[],"current_hp_per_floor":[63,63,63,63,56,19,40,30,30,51,26,25,13,13,34,34,62,62,60,47,47,41,41,41,26,26],"gold":719,"neow_bonus":"NOSTALGIA","is_daily":false,"chose_seed":false,"campfire_upgraded":1,"win_rate":0.0,"timestamp":1608233107,"path_taken":["M","?","?","M","M","E","R","E","T","R","E","M","E","?","R","BOSS","M","M","?","?","?","R","?","E"],"items_purchased_type":[],"build_version":"2020-12-13","purchased_purges":0,"victory":false,"max_hp_per_floor":[71,71,71,71,71,71,71,71,71,71,71,71,71,71,71,71,71,71,71,76,76,76,76,76,76,76],"card_choices":[{"not_picked":["Reprogram","aspiration:Polymerization"],"picked":"Leap","floor":1},{"not_picked":["Hologram","Conserve Battery"],"picked":"Sweeping Beam","floor":3},{"not_picked":["Streamline","Conserve Battery"],"picked":"Darkness","floor":4},{"not_picked":["Gash","Rebound"],"picked":"White Noise","floor":5},{"not_picked":["Hologram","Steam"],"picked":"Biased Cognition","floor":6},{"not_picked":["Biased Cognition","Steam"],"picked":"White Noise","floor":8},{"not_picked":["Lockon","Sunder"],"picked":"Glacier","floor":11},{"not_picked":["Stack","Hologram"],"picked":"Cold Snap","floor":12},{"not_picked":["Cold Snap","Blizzard"],"picked":"Defragment","floor":13},{"not_picked":["Buffer","Rainbow"],"picked":"Thunder Strike","floor":16},{"not_picked":["aspiration:Polymerization","Leap"],"picked":"Chaos+1","floor":18},{"not_picked":["Compile Driver","Rebound"],"picked":"Cold Snap","floor":19},{"not_picked":["Turbo","White Noise"],"picked":"Self Repair+1","floor":24}],"player_experience":210127,"relics_obtained":[{"floor":2,"key":"hubris:PeanutButter"},{"floor":6,"key":"Vajra"},{"floor":8,"key":"StrikeDummy"},{"floor":9,"key":"hubris:ToyBattleship"},{"floor":11,"key":"CeramicFish"},{"floor":13,"key":"Girya"},{"floor":21,"key":"Gremlin Horn"}],"event_choices":[{"damage_healed":0,"gold_gain":175,"player_choice":"AGREE","damage_taken":449,"max_hp_gain":0,"max_hp_loss":0,"event_name":"betterThird:BetterSerpent","floor":14,"gold_loss":0},{"damage_healed":0,"gold_gain":0,"player_choice":"Shed Blood","damage_taken":18,"max_hp_gain":5,"max_hp_loss":0,"event_name":"Forgotten Altar","floor":20,"gold_loss":0},{"damage_healed":0,"gold_gain":0,"player_choice":"","damage_taken":6,"max_hp_gain":0,"max_hp_loss":0,"event_name":"Knowing Skull","floor":22,"potions_obtained":[],"gold_loss":0,"cards_obtained":[]}],"is_beta":false,"boss_relics":[{"not_picked":["hubris:GrandSneckoEye","Empty Cage"],"picked":"Ectoplasm"}],"items_purged_floors":[],"is_endless":false,"potions_floor_spawned":[4,5,11,13,19,24],"killed_by":"Gremlin Leader","ascension_level":14}}