{"host":"y9jgkjnf95sujozk","time":1608163458,"event":{"mods":["2.2 Compatiblity","AchievementEnabler","BaseMod","Block Reminder","Colored Map","Colored Powertips","Downfall","Friendly Minions","GifTheSpireLib","Hermit","Highlight Path","MarisaÅiñ∂âJÅ@ñÇóùçπÅj","Minty Spire (QoL Compilation)","Random Character Button","Rare Cards Sparkle","Replay The Spire","StSLib","SuperFastMode","The Animator","The Bug Knight","The Cursed","The Servant 0.9.4"],"gold_per_floor":[119,138,138,54,54,82,82,97,124,150,225,238,238,1,1,96,96,107,107,107,121,138,138,154,154,205,235,267,267,307,102,102,225,275,311,58,85,85,143,143,159,159],"floor_reached":41,"playtime":1577,"items_purged":[],"score":548,"play_id":"3ad056ed-c236-4877-8f66-fa5872f50f94","local_time":"20201217010418","is_ascension_mode":true,"campfire_choices":[{"floor":7,"key":"REST"},{"data":"expansioncontent:ChargeUp","floor":15,"key":"SMITH"},{"floor":23,"key":"REST"},{"floor":25,"key":"REST"},{"floor":29,"key":"REST"},{"data":"Potential","floor":32,"key":"SMITH"},{"floor":40,"key":"REST"}],"circlet_count":0,"master_deck":["Strike_S+1","Strike_S","Strike_S","Strike_S","Defend_S","Defend_S","Defend_S","Defend_S","KidneyShot","Exchange","ShatteredReality","Potential","expansioncontent:Sear","Potential","Replace","DualDimension","expansioncontent:ChargeUp+1","Initiator+1","Starlight","ShatteredReality","BottledTime","Alleviate","ShatteredReality+1","DualDimension+1","Replace+1","TimeWarp","Starlight","Sabotage+1","Starlight","Revamp","Potential+1","FlawlessForm+1","FanOfKnives","ShatteredReality+1","TimeWarp","Replace","Potential+1","expansioncontent:DecasProtection","expansioncontent:LastStand","Impatience","Replace+1"],"relics":["Uniform","Bag of Marbles","Lantern","Matryoshka","Toolbox","expansioncontent:StudyCardRelic","Replay:Bandana","Whetstone","Orrery","Tiny House","Lee\u0027s Waffle"],"acts_visited":["Exordium","TheCity","TheBeyond"],"potions_floor_usage":[6,6,10,10,16,33,33,41,41],"damage_taken":[{"damage":3,"enemies":"Small Slimes","floor":1,"turns":4},{"damage":1,"enemies":"Cultist","floor":2,"turns":4},{"damage":7,"enemies":"Lagavulin","floor":6,"turns":7},{"damage":11,"enemies":"Jaw Worm","floor":8,"turns":2},{"damage":16,"enemies":"3 Sentries","floor":10,"turns":8},{"damage":5,"enemies":"Large Slime","floor":12,"turns":5},{"damage":43,"enemies":"Fading Forest","floor":16,"turns":11},{"damage":0,"enemies":"Shell Parasite","floor":18,"turns":4},{"damage":20,"enemies":"2 Thieves","floor":21,"turns":3},{"damage":12,"enemies":"Cultist and Chosen","floor":22,"turns":5},{"damage":10,"enemies":"3 Cultists","floor":24,"turns":5},{"damage":9,"enemies":"Centurion and Healer","floor":27,"turns":5},{"damage":11,"enemies":"Snake Plant","floor":28,"turns":3},{"damage":0,"enemies":"Snecko","floor":30,"turns":3},{"damage":28,"enemies":"Automaton","floor":33,"turns":6},{"damage":5,"enemies":"Orb Walker","floor":35,"turns":2},{"damage":0,"enemies":"3 Darklings","floor":37,"turns":5},{"damage":25,"enemies":"Maw","floor":39,"turns":8},{"damage":135,"enemies":"Giant Head","floor":41,"turns":8}],"seed_played":"-6619992409720556902","potions_obtained":[{"floor":0,"key":"ColorlessPotion"},{"floor":0,"key":"Dexterity Potion"},{"floor":0,"key":"Flashbang"},{"floor":3,"key":"FairyPotion"},{"floor":6,"key":"BlessingOfTheForge"},{"floor":8,"key":"SpeedPotion"},{"floor":10,"key":"BlessingOfTheForge"},{"floor":22,"key":"Adrenaline Potion"},{"floor":24,"key":"Strength Potion"},{"floor":33,"key":"FearPotion"},{"floor":34,"key":"AttackPotion"}],"is_trial":false,"path_per_floor":["M","M","?","$","$","E","R","M","T","E","?","M","?","$","R","B",null,"M","?","?","M","M","R","M","R","T","M","M","R","M","$","R","B",null,"M","$","M","?","M","R","E"],"character_chosen":"THE_SERVANT","items_purchased":["expansioncontent:Sear","Toolbox","expansioncontent:ChargeUp","TimeWarp","Orrery","TimeWarp","Replace","Lee\u0027s Waffle"],"campfire_rested":5,"item_purchase_floors":[4,14,14,31,31,36,36,36],"current_hp_per_floor":[62,61,61,61,61,54,65,54,54,38,27,22,75,75,75,54,75,75,75,75,55,43,65,55,75,75,66,55,75,75,75,75,47,80,75,87,87,77,52,78,0,0],"gold":159,"neow_bonus":"THREE_SMALL_POTIONS","is_daily":false,"chose_seed":false,"campfire_upgraded":2,"win_rate":0.0,"timestamp":1608163458,"path_taken":["M","M","?","?","$","E","R","M","T","E","?","?","?","$","R","BOSS","M","?","?","M","M","R","M","R","T","M","M","R","?","?","R","BOSS","M","$","M","?","M","R","E"],"items_purchased_type":["Card","Relic","Card","Card","Relic","Card","Card","Relic"],"build_version":"2020-12-13","purchased_purges":0,"victory":false,"max_hp_per_floor":[65,65,65,65,65,65,65,65,65,65,65,65,75,75,75,75,75,75,75,75,75,75,75,75,75,75,75,75,75,75,75,75,75,80,80,87,87,87,87,87,87,87],"card_choices":[{"not_picked":["Reset","Read"],"picked":"ShatteredReality","floor":1},{"not_picked":["Spin","Moonlight"],"picked":"Potential","floor":2},{"not_picked":["Defy","PendulumOfEternity"],"picked":"Deny","floor":6},{"not_picked":["Read","Rearm"],"picked":"Potential","floor":8},{"not_picked":["Manipulate","Unruled"],"picked":"Replace","floor":10},{"not_picked":["FastForward","DoubleEdge"],"picked":"DualDimension","floor":12},{"not_picked":["FloweringNight","KillingDoll"],"picked":"Initiator","floor":16},{"not_picked":["DoubleEdge","SurpressingFire+1"],"picked":"Starlight","floor":18},{"not_picked":["Rearm","Misdirection"],"picked":"ShatteredReality","floor":21},{"not_picked":["Collapse+1","DoubleEdge"],"picked":"BottledTime","floor":22},{"not_picked":["Spin+1","Starlight+1"],"picked":"Alleviate","floor":24},{"not_picked":["Misdirection","DoubleEdge+1"],"picked":"ShatteredReality+1","floor":27},{"not_picked":["KillingDoll","FastForward"],"picked":"DualDimension+1","floor":28},{"not_picked":["Moondial","ShatteredReality+1"],"picked":"Replace+1","floor":30},{"not_picked":["BottledTime","Misdirection"],"picked":"Starlight","floor":31},{"not_picked":["BottledTime+1","Revamp"],"picked":"Sabotage+1","floor":31},{"not_picked":["Shuttle+1","MoonPhase"],"picked":"Starlight","floor":31},{"not_picked":["BestPractice+1","Starlight"],"picked":"Revamp","floor":31},{"not_picked":["Ricochet","Rewind"],"picked":"Potential","floor":31},{"not_picked":["ForgedInTime","Dilation"],"picked":"FlawlessForm","floor":33},{"not_picked":["InstantArmor+1","Defy+1"],"picked":"FanOfKnives","floor":34},{"not_picked":["WasteNot+1","Starlight+1"],"picked":"ShatteredReality+1","floor":35},{"not_picked":["ReturningBlade","TimeWarp+1"],"picked":"Potential+1","floor":37},{"not_picked":["Chrysalis","expansioncontent:DarkVoid"],"picked":"expansioncontent:DecasProtection","floor":38},{"not_picked":["Finesse","ReplayTheSpireMod:Necrogeddon"],"picked":"expansioncontent:LastStand","floor":38},{"not_picked":["Forethought","Madness"],"picked":"Impatience","floor":38},{"not_picked":["ReturningBlade+1","Read+1"],"picked":"Replace+1","floor":39}],"player_experience":99285,"relics_obtained":[{"floor":6,"key":"Bag of Marbles"},{"floor":9,"key":"Lantern"},{"floor":10,"key":"Matryoshka"},{"floor":26,"key":"Replay:Bandana"},{"floor":26,"key":"Whetstone"}],"event_choices":[{"damage_healed":0,"gold_gain":0,"player_choice":"Got Potions","damage_taken":0,"max_hp_gain":0,"max_hp_loss":0,"event_name":"Lab","floor":3,"gold_loss":0},{"damage_healed":0,"gold_gain":75,"player_choice":"Gather Gold","damage_taken":11,"max_hp_gain":0,"max_hp_loss":0,"event_name":"World of Goop","floor":11,"gold_loss":0},{"cards_removed":["Deny"],"damage_healed":43,"gold_gain":0,"player_choice":"Offered Rare","damage_taken":0,"max_hp_gain":10,"max_hp_loss":0,"event_name":"Bonfire Elementals","floor":13,"gold_loss":0},{"damage_healed":0,"gold_gain":0,"player_choice":"Ignored","damage_taken":0,"max_hp_gain":0,"max_hp_loss":0,"event_name":"Beggar","floor":19,"gold_loss":0},{"damage_healed":0,"gold_gain":0,"player_choice":"Ignored","damage_taken":0,"max_hp_gain":0,"max_hp_loss":0,"event_name":"Purifier","floor":20,"gold_loss":0},{"damage_healed":0,"gold_gain":0,"player_choice":"Memory 3","damage_taken":10,"max_hp_gain":0,"max_hp_loss":0,"event_name":"SensoryStone","floor":38,"gold_loss":0}],"is_beta":false,"boss_relics":[{"not_picked":["Honey Jar","Replay:Drink Me"],"picked":"expansioncontent:StudyCardRelic"},{"not_picked":["Runic Pyramid","Empty Cage"],"picked":"Tiny House"}],"items_purged_floors":[],"is_endless":false,"potions_floor_spawned":[1,6,8,10,22,24,28,33,37,39],"killed_by":"Giant Head","ascension_level":1}}