{"host":"bxn2em57qlx5u4i0","time":1608187688,"event":{"mods":["BaseMod","Colored Map","Colored Powertips","Highlight Path","Minty Spire (QoL Compilation)","Random Character Button","Relic Sorter","Relic Stats","StSLib","SuperFastMode"],"gold_per_floor":[117,42,42,42,60,60,85,85,385,402,435,435,29,60,60,135,135,152,36,36,86,116,146,146,181,181,181,216,233,253,279,279,355,355,375,390,265,282,295,295,320,86,111,127,127,127,152,170,170,170,170,170],"floor_reached":51,"playtime":1887,"items_purged":["Strike_G","Defend_G","Poisoned Stab+1"],"score":1873,"play_id":"e444b38b-bb70-46e0-a477-abf9777a6e36","local_time":"20201217014808","is_ascension_mode":true,"campfire_choices":[{"data":"Terror","floor":6.0,"key":"SMITH"},{"data":"Corpse Explosion","floor":8.0,"key":"SMITH"},{"data":"Survivor","floor":12.0,"key":"SMITH"},{"data":"Footwork","floor":15.0,"key":"SMITH"},{"data":"Tactician","floor":24.0,"key":"SMITH"},{"data":"Tools of the Trade","floor":27.0,"key":"SMITH"},{"data":"Reflex","floor":32.0,"key":"SMITH"},{"data":"Well Laid Plans","floor":40.0,"key":"SMITH"},{"floor":46.0,"key":"RECALL"},{"data":"Night Terror","floor":49.0,"key":"SMITH"}],"circlet_count":0,"master_deck":["AscendersBane","Defend_G","Defend_G","Defend_G","Defend_G+1","Survivor+1","Neutralize","Dagger Spray+1","Terror+1","Corpse Explosion+1","Well Laid Plans+1","Footwork+1","Backstab","Tools of the Trade+1","Dagger Spray","Tactician+1","Infinite Blades","Dodge and Roll","Cloak And Dagger+1","Dagger Spray+1","Reflex+1","Night Terror+1","Setup+1","Adrenaline+1","Blur","Riddle With Holes+1","After Image","Adrenaline"],"relics":["Ring of the Snake","NeowsBlessing","Gambling Chip","Old Coin","Kunai","Shuriken","Letter Opener","Coffee Dripper","Red Mask","Du-Vu Doll","Molten Egg 2","Bottled Flame","Orichalcum","InkBottle","Astrolabe","Blue Candle","Sundial","Question Card"],"acts_visited":["Exordium","TheCity","TheBeyond"],"potions_floor_usage":[50],"damage_taken":[{"damage":0.0,"enemies":"Small Slimes","floor":1.0,"turns":1.0},{"damage":0.0,"enemies":"2 Louse","floor":5.0,"turns":1.0},{"damage":0.0,"enemies":"Gremlin Nob","floor":7.0,"turns":1.0},{"damage":0.0,"enemies":"Cultist","floor":10.0,"turns":2.0},{"damage":11.0,"enemies":"Lagavulin","floor":11.0,"turns":6.0},{"damage":0.0,"enemies":"Gremlin Nob","floor":14.0,"turns":3.0},{"damage":13.0,"enemies":"Slime Boss","floor":16.0,"turns":9.0},{"damage":0.0,"enemies":"3 Byrds","floor":18.0,"turns":2.0},{"damage":0.0,"enemies":"Masked Bandits","floor":22.0,"turns":2.0},{"damage":4.0,"enemies":"Slavers","floor":23.0,"turns":2.0},{"damage":23.0,"enemies":"Book of Stabbing","floor":25.0,"turns":5.0},{"damage":6.0,"enemies":"Slavers","floor":28.0,"turns":4.0},{"damage":1.0,"enemies":"Spheric Guardian","floor":29.0,"turns":3.0},{"damage":3.0,"enemies":"Centurion and Healer","floor":30.0,"turns":5.0},{"damage":2.0,"enemies":"Book of Stabbing","floor":31.0,"turns":5.0},{"damage":0.0,"enemies":"Collector","floor":33.0,"turns":7.0},{"damage":0.0,"enemies":"3 Darklings","floor":35.0,"turns":1.0},{"damage":0.0,"enemies":"3 Shapes","floor":36.0,"turns":2.0},{"damage":0.0,"enemies":"Spire Growth","floor":38.0,"turns":4.0},{"damage":11.0,"enemies":"Jaw Worm Horde","floor":39.0,"turns":3.0},{"damage":40.0,"enemies":"Nemesis","floor":41.0,"turns":7.0},{"damage":0.0,"enemies":"Transient","floor":44.0,"turns":6.0},{"damage":0.0,"enemies":"Giant Head","floor":47.0,"turns":7.0},{"damage":0.0,"enemies":"4 Shapes","floor":48.0,"turns":4.0},{"damage":0,"enemies":"Time Eater","floor":50,"turns":12},{"damage":6,"enemies":"Donu and Deca","floor":51,"turns":1}],"seed_played":"8068239112796264822","potions_obtained":[{"floor":1.0,"key":"CunningPotion"},{"floor":16.0,"key":"ColorlessPotion"},{"floor":22.0,"key":"DistilledChaos"},{"floor":23.0,"key":"EssenceOfSteel"},{"floor":28.0,"key":"SkillPotion"},{"floor":29.0,"key":"GamblersBrew"},{"floor":33.0,"key":"ColorlessPotion"},{"floor":38.0,"key":"SteroidPotion"},{"floor":39.0,"key":"Ancient Potion"},{"floor":41.0,"key":"Dexterity Potion"},{"floor":48.0,"key":"Strength Potion"}],"is_trial":false,"path_per_floor":["M","$","?","?","M","R","E","R","T","M","E","R","$","E","R","B",null,"M","$","?","?","?","E","R","E","T","R","E","M","M","E","R","B",null,"M","M","$","M","M","R","E","$","T","M","T","R","E","M","R","B","B"],"character_chosen":"THE_SILENT","items_purchased":["Shuriken","Footwork","Tactician","Infinite Blades","After Image","CunningPotion"],"campfire_rested":0,"item_purchase_floors":[13,13,19,19,42,42],"current_hp_per_floor":[59,59,39,39,39,39,39,39,39,39,28,28,28,28,28,15,53,53,53,66,66,66,62,62,39,39,39,33,32,29,27,27,27,56,56,56,56,56,45,45,5,5,5,5,5,5,5,5,5,5,0,0],"gold":170,"neow_bonus":"THREE_ENEMY_KILL","is_daily":false,"chose_seed":false,"campfire_upgraded":9,"win_rate":0.0,"timestamp":1608187688,"path_taken":["M","$","?","?","?","R","E","R","T","M","E","R","?","E","R","BOSS","M","$","?","?","?","E","R","E","T","R","E","?","M","E","R","BOSS","M","M","$","?","M","R","E","$","T","M","?","R","E","M","R","BOSS","BOSS"],"items_purchased_type":["Relic","Card","Card","Card","Card","Potion"],"build_version":"2020-12-13","purchased_purges":3,"victory":false,"max_hp_per_floor":[66,66,66,66,66,66,66,66,66,66,66,66,66,66,66,66,66,66,66,66,66,66,66,66,66,66,66,66,66,66,66,66,66,66,66,66,66,66,66,66,66,66,66,66,66,66,66,66,66,66,66,66],"relic_stats":{"counters":[26,105],"Astrolabe":["Setup","Adrenaline","Poisoned Stab"],"Blue Candle":[0],"Letter Opener":[274],"Orichalcum":[18],"Question Card":1,"Shuriken":[65],"Sundial":[4],"Gambling Chip":[53],"Kunai":[65],"obtain_stats":[{"NeowsBlessing":0,"Astrolabe":34,"Blue Candle":41,"Letter Opener":14,"Orichalcum":28,"Question Card":47,"Old Coin":9,"Du-Vu Doll":23,"Bottled Flame":26,"Shuriken":13,"Sundial":45,"Gambling Chip":7,"Molten Egg 2":25,"Coffee Dripper":17,"Red Mask":22,"Kunai":11,"InkBottle":31,"Ring of the Snake":0},{"NeowsBlessing":0,"Astrolabe":16,"Blue Candle":21,"Letter Opener":6,"Orichalcum":12,"Question Card":23,"Old Coin":3,"Du-Vu Doll":10,"Bottled Flame":11,"Shuriken":5,"Sundial":22,"Gambling Chip":3,"Molten Egg 2":11,"Coffee Dripper":7,"Red Mask":9,"Kunai":5,"InkBottle":15,"Ring of the Snake":0},{"NeowsBlessing":0,"Astrolabe":58,"Blue Candle":75,"Letter Opener":14,"Orichalcum":38,"Question Card":88,"Old Coin":3,"Du-Vu Doll":29,"Bottled Flame":34,"Shuriken":11,"Sundial":81,"Gambling Chip":3,"Molten Egg 2":34,"Coffee Dripper":23,"Red Mask":27,"Kunai":11,"InkBottle":51,"Ring of the Snake":0}],"InkBottle":[36],"Ring of the Snake":[52]},"card_choices":[{"not_picked":["Dagger Throw","Slice"],"picked":"Dagger Spray","floor":1.0},{"not_picked":["PiercingWail","Deadly Poison"],"picked":"Terror","floor":5.0},{"not_picked":["Footwork","Wraith Form v2"],"picked":"Corpse Explosion","floor":7.0},{"not_picked":["Underhanded Strike","Outmaneuver","Sucker Punch"],"picked":"SKIP","floor":10.0},{"not_picked":["Prepared","Phantasmal Killer"],"picked":"Well Laid Plans","floor":11.0},{"not_picked":["Caltrops","Crippling Poison"],"picked":"Backstab","floor":14.0},{"not_picked":["Unload","Doppelganger"],"picked":"Tools of the Trade","floor":16.0},{"not_picked":["Prepared","Setup"],"picked":"Dagger Spray","floor":18.0},{"not_picked":["Dagger Spray","Well Laid Plans"],"picked":"Dodge and Roll","floor":22.0},{"not_picked":["Infinite Blades","Backflip"],"picked":"Cloak And Dagger+1","floor":23.0},{"not_picked":["Terror","Poisoned Stab+1"],"picked":"Dagger Spray+1","floor":25.0},{"not_picked":["Backflip","Deflect","Poisoned Stab+1"],"picked":"SKIP","floor":28.0},{"not_picked":["Envenom","Outmaneuver"],"picked":"Reflex","floor":29.0},{"not_picked":["Slice+1","Finisher+1","Heel Hook+1"],"picked":"SKIP","floor":30.0},{"not_picked":["Envenom","Dagger Spray+1","PiercingWail"],"picked":"SKIP","floor":31.0},{"not_picked":["Envenom","Venomology"],"picked":"Night Terror","floor":33.0},{"not_picked":["Dagger Throw+1","Caltrops","Outmaneuver+1"],"picked":"SKIP","floor":35.0},{"not_picked":["Choke+1","Sucker Punch+1","Bouncing Flask"],"picked":"SKIP","floor":36.0},{"not_picked":["Flying Knee+1","Expertise+1"],"picked":"Blur","floor":38.0},{"not_picked":["Poisoned Stab+1","Caltrops"],"picked":"Riddle With Holes+1","floor":39.0},{"not_picked":["Poisoned Stab+1","Dagger Spray+1","Outmaneuver"],"picked":"SKIP","floor":41.0},{"not_picked":["Eviscerate+1","PiercingWail","Bane+1"],"picked":"SKIP","floor":44.0},{"not_picked":["Footwork","Flechettes+1"],"picked":"Adrenaline","floor":47.0},{"not_picked":["Concentrate","Quick Slash+1","Choke+1","Prepared"],"picked":"SKIP","floor":48.0}],"player_experience":2806386,"relics_obtained":[{"floor":7.0,"key":"Gambling Chip"},{"floor":9.0,"key":"Old Coin"},{"floor":11.0,"key":"Kunai"},{"floor":14.0,"key":"Letter Opener"},{"floor":22.0,"key":"Red Mask"},{"floor":23.0,"key":"Du-Vu Doll"},{"floor":25.0,"key":"Molten Egg 2"},{"floor":26.0,"key":"Bottled Flame"},{"floor":28.0,"key":"Orichalcum"},{"floor":31.0,"key":"InkBottle"},{"floor":41.0,"key":"Blue Candle"},{"floor":45.0,"key":"Sundial"},{"floor":47.0,"key":"Question Card"}],"event_choices":[{"damage_healed":0.0,"max_hp_gain":0.0,"max_hp_loss":0.0,"gold_gain":0.0,"event_name":"Shining Light","player_choice":"Entered Light","floor":3.0,"gold_loss":0.0,"damage_taken":20.0,"cards_upgraded":["Defend_G","Dagger Spray"]},{"cards_removed":["Strike_G"],"damage_healed":0.0,"max_hp_gain":0.0,"max_hp_loss":0.0,"gold_gain":0.0,"event_name":"Bonfire Elementals","player_choice":"Offered Basic","floor":4.0,"gold_loss":0.0,"damage_taken":0.0},{"damage_healed":13.0,"max_hp_gain":0.0,"max_hp_loss":0.0,"gold_gain":0.0,"event_name":"The Library","player_choice":"Heal","floor":20.0,"gold_loss":0.0,"damage_taken":0.0},{"damage_healed":0.0,"max_hp_gain":0.0,"max_hp_loss":0.0,"gold_gain":50.0,"event_name":"Nest","player_choice":"Stole From Cult","floor":21.0,"gold_loss":0.0,"damage_taken":0.0},{"damage_healed":0.0,"max_hp_gain":0.0,"max_hp_loss":0.0,"gold_gain":0.0,"event_name":"Masked Bandits","player_choice":"Fought Bandits","floor":22.0,"gold_loss":0.0,"damage_taken":0.0}],"is_beta":false,"boss_relics":[{"not_picked":["Ectoplasm","Runic Pyramid"],"picked":"Coffee Dripper"},{"not_picked":["Philosopher\u0027s Stone","Black Star"],"picked":"Astrolabe"}],"items_purged_floors":[2,13,37],"is_endless":false,"potions_floor_spawned":[1,16,22,23,28,29,33,38,39,41,48],"killed_by":"Donu and Deca","ascension_level":20}}