{"host":"07ljfmttuzqopd7f","time":1608182723,"event":{"mods":["2.2 Compatiblity","BaseMod","Bestiary","Block Reminder","Colored Map","Colored Powertips","Curses Come First","Hermit","Minty Spire (QoL Compilation)","Quick Restart","Random Character Button","Rare Cards Sparkle","Relic Stats","StSLib","The Cursed","UnlockEverythingMod","everything is the same but u backflip on backflip"],"gold_per_floor":[362,362,10,10,10,10,37,37,37,37,54,129,143,12,12,112,112,130,140,140,155,166,192,192,107,107,107,127,16,51,70,70,170,170,186,233,19,32,52,52,71,71,71,82,82,100,134,6,6,6,6],"floor_reached":50,"playtime":2645,"items_purged":["TheCursedMod:Strike_TheCursed","TheCursedMod:Strike_TheCursed"],"score":662,"play_id":"6436a553-d66e-4d53-833c-01cd23cbf079","local_time":"20201217002523","is_ascension_mode":true,"campfire_choices":[{"data":"TheCursedMod:CleanUpWorkshop","floor":6,"key":"SMITH"},{"data":"TheCursedMod:SmokeScreen","floor":8,"key":"SMITH"},{"floor":10,"key":"REST"},{"data":"TheCursedMod:LuckyCharm","floor":15,"key":"SMITH"},{"floor":24,"key":"REST"},{"floor":27,"key":"REST"},{"floor":32,"key":"REST"},{"floor":40,"key":"REST"},{"floor":42,"key":"RECALL"},{"floor":49,"key":"REST"}],"circlet_count":0,"master_deck":["TheCursedMod:Strike_TheCursed+1","TheCursedMod:Strike_TheCursed","TheCursedMod:Defend_TheCursed","TheCursedMod:Defend_TheCursed","TheCursedMod:Defend_TheCursed","TheCursedMod:Defend_TheCursed","TheCursedMod:CursedWand+1","TheCursedMod:CleanUpWorkshop+1","TheCursedMod:Dregs","TheCursedMod:HellfireBreathing","TheCursedMod:CursedShiv+1","TheCursedMod:RapidMovement","TheCursedMod:SmokeScreen+1","TheCursedMod:CursedMace","TheCursedMod:LuckyCharm+1","TheCursedMod:AntiAging","TheCursedMod:CursedShiv+1","TheCursedMod:AbyssShockwave","TheCursedMod:BlessingInDisguise","TheCursedMod:LuckyCharm","TheCursedMod:DemonicPact","TheCursedMod:ManaBullet","Enlightenment","TheCursedMod:CursedStaff"],"relics":["TheCursedMod:BlackMagic101","Oddly Smooth Stone","Membership Card","Nunchaku","Art of War","Whetstone","Tiny Chest","Toy Ornithopter","Fusion Hammer","Centennial Puzzle","PreservedInsect","Bag of Marbles","Lee\u0027s Waffle","Akabeko","Busted Crown","Strawberry","Shuriken","Blood Vial"],"acts_visited":["Exordium","TheCity","TheBeyond"],"potions_floor_usage":[23,23,31,39,47,49,50],"damage_taken":[{"damage":5,"enemies":"2 Louse","floor":1,"turns":3},{"damage":32,"enemies":"Gremlin Nob","floor":7,"turns":5},{"damage":0,"enemies":"Jaw Worm","floor":11,"turns":4},{"damage":1,"enemies":"Small Slimes","floor":13,"turns":3},{"damage":4,"enemies":"Slime Boss","floor":16,"turns":11},{"damage":8,"enemies":"2 Thieves","floor":18,"turns":5},{"damage":17,"enemies":"Spheric Guardian","floor":19,"turns":7},{"damage":4,"enemies":"Snecko","floor":21,"turns":5},{"damage":7,"enemies":"Sentry and Sphere","floor":22,"turns":6},{"damage":29,"enemies":"Slavers","floor":23,"turns":7},{"damage":23,"enemies":"Centurion and Healer","floor":28,"turns":7},{"damage":6,"enemies":"Gremlin Leader","floor":30,"turns":9},{"damage":10,"enemies":"Cultist and Chosen","floor":31,"turns":8},{"damage":27,"enemies":"Collector","floor":33,"turns":10},{"damage":41,"enemies":"3 Darklings","floor":35,"turns":12},{"damage":2,"enemies":"Orb Walker","floor":38,"turns":3},{"damage":5,"enemies":"4 Shapes","floor":39,"turns":7},{"damage":6,"enemies":"Spire Growth","floor":41,"turns":5},{"damage":18,"enemies":"Sphere and 2 Shapes","floor":44,"turns":8},{"damage":7,"enemies":"4 Shapes","floor":46,"turns":9},{"damage":96,"enemies":"Reptomancer","floor":47,"turns":11},{"damage":91,"enemies":"Donu and Deca","floor":50,"turns":11}],"seed_played":"7671192694078080052","potions_obtained":[{"floor":1,"key":"BlessingOfTheForge"},{"floor":13,"key":"Explosive Potion"},{"floor":16,"key":"TheCursedMod:DregsPotion"},{"floor":22,"key":"FairyPotion"},{"floor":30,"key":"Fruit Juice"},{"floor":31,"key":"SpeedPotion"},{"floor":35,"key":"Swift Potion"},{"floor":39,"key":"Ancient Potion"}],"is_trial":false,"path_per_floor":["M","?","$","?","?","R","E","R","T","R","M","?","M","$","R","B",null,"M","M","?","M","M","E","R","?","T","R","M","$","E","M","R","B",null,"M","T","$","M","M","R","M","R","T","M","?","M","E","$","R","B"],"character_chosen":"THE_CURSED","items_purchased":["Membership Card","TheCursedMod:CursedShiv","TheCursedMod:RapidMovement","Nunchaku","Art of War","TheCursedMod:LuckyCharm","Toy Ornithopter","Lee\u0027s Waffle","TheCursedMod:LuckyCharm","Shuriken","TheCursedMod:ManaBullet","TheCursedMod:CursedStaff","Fruit Juice","DistilledChaos"],"campfire_rested":6,"item_purchase_floors":[3,3,3,3,3,14,14,29,29,37,37,48,48,48],"current_hp_per_floor":[63,38,38,60,60,60,28,28,28,48,48,42,41,41,41,37,68,62,47,34,32,27,10,34,34,34,58,37,92,88,90,101,76,103,64,71,71,71,71,105,101,101,101,85,85,80,36,36,82,0,0],"gold":6,"neow_bonus":"TWO_FIFTY_GOLD","is_daily":false,"chose_seed":false,"campfire_upgraded":3,"win_rate":0.0,"timestamp":1608182723,"path_taken":["M","?","$","?","?","R","E","R","T","R","M","?","M","$","R","BOSS","M","M","?","M","M","E","R","?","T","R","M","$","E","M","R","BOSS","M","?","$","M","M","R","M","R","T","M","?","?","E","$","R","BOSS"],"items_purchased_type":["Relic","Card","Card","Relic","Relic","Card","Relic","Relic","Card","Relic","Card","Card","Potion","Potion"],"build_version":"2020-12-13","purchased_purges":2,"victory":false,"max_hp_per_floor":[68,68,68,68,68,68,68,68,68,68,68,68,68,68,68,68,68,70,72,77,79,81,83,83,83,83,83,85,92,94,101,101,103,103,105,112,112,114,114,114,116,116,116,118,118,120,122,122,127,129,129],"relic_stats":{"Lee\u0027s Waffle":55,"counters":[22,155],"PreservedInsect":123,"Whetstone":["TheCursedMod:Strike_TheCursed","TheCursedMod:CursedWand"],"Blood Vial":2,"Nunchaku":[30],"Centennial Puzzle":[36],"Busted Crown":16,"Shuriken":[16],"Tiny Chest":1,"Art of War":[16],"obtain_stats":[{"TheCursedMod:BlackMagic101":0,"Lee\u0027s Waffle":29,"Oddly Smooth Stone":2,"PreservedInsect":25,"Whetstone":7,"Akabeko":30,"Blood Vial":47,"Nunchaku":3,"Centennial Puzzle":23,"Busted Crown":34,"Shuriken":37,"Strawberry":36,"Tiny Chest":9,"Fusion Hammer":17,"Art of War":3,"Bag of Marbles":26,"Membership Card":3,"Toy Ornithopter":14},{"TheCursedMod:BlackMagic101":0,"Lee\u0027s Waffle":11,"Oddly Smooth Stone":1,"PreservedInsect":10,"Whetstone":2,"Akabeko":12,"Blood Vial":21,"Nunchaku":1,"Centennial Puzzle":10,"Busted Crown":14,"Shuriken":15,"Strawberry":15,"Tiny Chest":2,"Fusion Hammer":5,"Art of War":1,"Bag of Marbles":10,"Membership Card":1,"Toy Ornithopter":4},{"TheCursedMod:BlackMagic101":0,"Lee\u0027s Waffle":62,"Oddly Smooth Stone":3,"PreservedInsect":55,"Whetstone":7,"Akabeko":71,"Blood Vial":144,"Nunchaku":3,"Centennial Puzzle":55,"Busted Crown":89,"Shuriken":101,"Strawberry":101,"Tiny Chest":7,"Fusion Hammer":25,"Art of War":3,"Bag of Marbles":55,"Membership Card":3,"Toy Ornithopter":14}],"Toy Ornithopter":35},"card_choices":[{"not_picked":["TheCursedMod:CircleOfBlood","TheCursedMod:CircleOfCorruption"],"picked":"TheCursedMod:HellfireBreathing","floor":1},{"not_picked":["TheCursedMod:SurpriseAttack","TheCursedMod:Stigma"],"picked":"TheCursedMod:SmokeScreen","floor":7},{"not_picked":["TheCursedMod:SmokeScreen","TheCursedMod:CircleOfCorruption","TheCursedMod:RapidMovement"],"picked":"SKIP","floor":11},{"not_picked":["TheCursedMod:TacticalStrike","TheCursedMod:PrepareRite"],"picked":"TheCursedMod:CursedMace","floor":13},{"not_picked":["TheCursedMod:CursedRelics","TheCursedMod:ManaCirculation"],"picked":"TheCursedMod:AntiAging","floor":16},{"not_picked":["TheCursedMod:Obscuration","TheCursedMod:VitalStrike","TheCursedMod:FleshFromBone"],"picked":"SKIP","floor":18},{"not_picked":["TheCursedMod:Torture","TheCursedMod:CircleOfCorruption","TheCursedMod:FleshFromBone"],"picked":"SKIP","floor":19},{"not_picked":["TheCursedMod:AshesToAshes","TheCursedMod:CircleOfFlame"],"picked":"TheCursedMod:CursedShiv+1","floor":21},{"not_picked":["TheCursedMod:CursedBlade+1","TheCursedMod:SpitefulPray+1"],"picked":"TheCursedMod:AbyssShockwave","floor":22},{"not_picked":["TheCursedMod:Torture","TheCursedMod:SpitefulStrike"],"picked":"TheCursedMod:BlessingInDisguise","floor":23},{"not_picked":["TheCursedMod:ForbiddenAlchemy","TheCursedMod:TroublousMinions","TheCursedMod:TacticalStrike"],"picked":"SKIP","floor":28},{"not_picked":["TheCursedMod:CursedArmor","TheCursedMod:SaltUponWound","TheCursedMod:CursedAmulet"],"picked":"SKIP","floor":30},{"not_picked":["TheCursedMod:CircleOfCorruption+1","TheCursedMod:Hemoplague","TheCursedMod:Evocation"],"picked":"SKIP","floor":31},{"not_picked":["TheCursedMod:CollectTribute","TheCursedMod:ShockAndAwe"],"picked":"TheCursedMod:DemonicPact","floor":33},{"not_picked":["TheCursedMod:SmokeScreen+1"],"picked":"SKIP","floor":35},{"not_picked":["TheCursedMod:CursedBlade"],"picked":"SKIP","floor":38},{"not_picked":["TheCursedMod:CursedShiv"],"picked":"SKIP","floor":39},{"not_picked":["TheCursedMod:Wield+1"],"picked":"SKIP","floor":41},{"not_picked":["TheCursedMod:Stigma"],"picked":"SKIP","floor":44},{"not_picked":[],"picked":"Enlightenment","floor":45},{"not_picked":["TheCursedMod:CircleOfBlood+1"],"picked":"SKIP","floor":46},{"not_picked":["TheCursedMod:ReleasedKnowledge"],"picked":"SKIP","floor":47}],"player_experience":425616,"relics_obtained":[{"floor":7,"key":"Whetstone"},{"floor":9,"key":"Tiny Chest"},{"floor":23,"key":"Centennial Puzzle"},{"floor":26,"key":"Bag of Marbles"},{"floor":30,"key":"Akabeko"},{"floor":36,"key":"Strawberry"},{"floor":47,"key":"Blood Vial"}],"event_choices":[{"damage_healed":0,"gold_gain":0,"player_choice":"Success","damage_taken":25,"relics_obtained":["Oddly Smooth Stone"],"max_hp_gain":0,"max_hp_loss":0,"event_name":"Scrap Ooze","floor":2,"gold_loss":0},{"damage_healed":22,"gold_gain":0,"player_choice":"Banana","damage_taken":0,"max_hp_gain":0,"max_hp_loss":0,"event_name":"Big Fish","floor":4,"gold_loss":0},{"damage_healed":0,"gold_gain":0,"player_choice":"Grow","damage_taken":0,"max_hp_gain":0,"max_hp_loss":0,"event_name":"Living Wall","floor":5,"gold_loss":0,"cards_upgraded":["TheCursedMod:CursedShiv"]},{"damage_healed":0,"gold_gain":75,"player_choice":"Touch","damage_taken":6,"max_hp_gain":0,"max_hp_loss":0,"event_name":"FaceTrader","floor":12,"gold_loss":0},{"damage_healed":0,"gold_gain":0,"player_choice":"Shed Blood","damage_taken":18,"max_hp_gain":5,"max_hp_loss":0,"event_name":"Forgotten Altar","floor":20,"gold_loss":0},{"damage_healed":0,"gold_gain":0,"player_choice":"Obtained Relic","damage_taken":0,"relics_obtained":["PreservedInsect"],"max_hp_gain":0,"max_hp_loss":0,"event_name":"Addict","floor":25,"gold_loss":85},{"damage_healed":0,"gold_gain":0,"player_choice":"Memory 1","damage_taken":0,"max_hp_gain":0,"max_hp_loss":0,"event_name":"SensoryStone","floor":45,"gold_loss":0}],"is_beta":false,"boss_relics":[{"not_picked":["Runic Pyramid","Calling Bell"],"picked":"Fusion Hammer"},{"not_picked":["Astrolabe","SacredBark"],"picked":"Busted Crown"}],"items_purged_floors":[14,37],"is_endless":false,"potions_floor_spawned":[1,13,16,22,30,31,35,39],"killed_by":"Donu and Deca","ascension_level":3}}