{"host":"899crud3100o27sg","time":1608246138,"event":{"mods":["BaseMod","Better Third Choice","Colored Map","Colored Powertips","Downfall","Minty Spire (QoL Compilation)","Quick Restart","Relic Stats","Shop Mod","StSLib","The IronCluck"],"gold_per_floor":[114,128,147,166,181,181,209,209,209,209,243,255,271,259,259,354,354,366,291,306,286,305,305,316,330,330,340,375,285,285,317,317,415,415,431,448,462,476,489,489,489],"floor_reached":40,"playtime":1987,"items_purged":[],"score":448,"play_id":"eb4b0fc6-a319-416c-bbe2-291541c1feee","local_time":"20201218093218","is_ascension_mode":false,"campfire_choices":[{"data":"Chaos","floor":6,"key":"SMITH"},{"data":"Creative AI","floor":8,"key":"SMITH"},{"data":"Defragment","floor":10,"key":"SMITH"},{"data":"Sweeping Beam","floor":15,"key":"SMITH"},{"data":"Electrodynamics","floor":23,"key":"SMITH"},{"data":"White Noise","floor":30,"key":"SMITH"},{"data":"1","floor":32,"key":"LIFT"}],"circlet_count":0,"master_deck":["Defend_B","Zap","Dualcast","Core Surge+1","Compile Driver","Chaos+1","Defragment+1","Lockon","Rebound","Conserve Battery","Creative AI+1","Force Field","FTL","Heatsinks","Sweeping Beam+1","Electrodynamics+1","White Noise+1","Cold Snap+1","Self Repair","Skim","Multi-Cast","Hologram","Fission","Melter+1","Hyperbeam+1","Cold Snap+1","Chill+1","Darkness+1","Hologram+1","Lockon","Fusion"],"relics":["Cracked Core","Mango","Oddly Smooth Stone","Anchor","Nuclear Battery","Dream Catcher","Blue Candle","Girya","Astrolabe"],"acts_visited":["Exordium","TheCity","TheBeyond"],"potions_floor_usage":[7,7,11,12,24,28,33,33,37,40,40],"damage_taken":[{"damage":0,"enemies":"Small Slimes","floor":1,"turns":3},{"damage":8,"enemies":"Jaw Worm","floor":2,"turns":3},{"damage":6,"enemies":"Cultist","floor":3,"turns":3},{"damage":10,"enemies":"Looter","floor":4,"turns":2},{"damage":8,"enemies":"Red Slaver","floor":5,"turns":3},{"damage":6,"enemies":"3 Sentries","floor":7,"turns":4},{"damage":14,"enemies":"Gremlin Nob","floor":11,"turns":3},{"damage":0,"enemies":"3 Louse","floor":12,"turns":1},{"damage":0,"enemies":"Looter","floor":13,"turns":3},{"damage":3,"enemies":"Exordium Thugs","floor":14,"turns":4},{"damage":24,"enemies":"Slime Boss","floor":16,"turns":7},{"damage":0,"enemies":"Spheric Guardian","floor":18,"turns":3},{"damage":10,"enemies":"2 Thieves","floor":20,"turns":2},{"damage":1,"enemies":"Centurion and Healer","floor":22,"turns":4},{"damage":0,"enemies":"Snecko","floor":24,"turns":4},{"damage":0,"enemies":"Chosen and Byrds","floor":25,"turns":3},{"damage":10,"enemies":"Sentry and Sphere","floor":27,"turns":4},{"damage":7,"enemies":"Slavers","floor":28,"turns":3},{"damage":14,"enemies":"Gremlin Leader","floor":31,"turns":6},{"damage":11,"enemies":"Champ","floor":33,"turns":11},{"damage":15,"enemies":"3 Darklings","floor":35,"turns":3},{"damage":0,"enemies":"Orb Walker","floor":36,"turns":3},{"damage":29,"enemies":"Maw","floor":37,"turns":8},{"damage":0,"enemies":"3 Darklings","floor":38,"turns":2},{"damage":0,"enemies":"Jaw Worm Horde","floor":39,"turns":1},{"damage":85,"enemies":"Nemesis","floor":40,"turns":6}],"seed_played":"-6145351230020091001","potions_obtained":[{"floor":1,"key":"SmokeBomb"},{"floor":2,"key":"Fire Potion"},{"floor":3,"key":"Explosive Potion"},{"floor":7,"key":"Fire Potion"},{"floor":11,"key":"Explosive Potion"},{"floor":20,"key":"FearPotion"},{"floor":21,"key":"PowerPotion"},{"floor":22,"key":"SpeedPotion"},{"floor":25,"key":"hexamod:EctoCoolerPotion"},{"floor":28,"key":"sneckomod:MuddlingPotion"},{"floor":36,"key":"FearPotion"},{"floor":37,"key":"CultistPotion"},{"floor":38,"key":"SteroidPotion"}],"is_trial":false,"path_per_floor":["M","M","M","M","M","R","E","R","T","R","E","M","M","M","R","B",null,"M","?","M","?","M","R","M","M","T","M","E","?","R","E","R","B",null,"M","M","M","M","M","E"],"character_chosen":"DEFECT","items_purchased":[],"campfire_rested":0,"item_purchase_floors":[],"current_hp_per_floor":[68,60,54,44,36,36,44,44,44,44,30,30,30,27,27,3,82,82,82,72,72,71,71,78,82,82,72,65,65,65,58,58,54,82,67,67,45,52,52,0,0],"gold":489,"neow_bonus":"TRANSFORM_TWO_CARDS","is_daily":false,"chose_seed":false,"campfire_upgraded":6,"win_rate":0.0,"timestamp":1608246138,"path_taken":["M","M","M","M","M","R","E","R","T","R","E","M","M","M","R","BOSS","M","?","M","?","M","R","M","M","T","?","E","?","R","E","R","BOSS","M","M","M","M","M","E"],"items_purchased_type":[],"build_version":"2020-12-13","purchased_purges":0,"victory":false,"max_hp_per_floor":[68,68,68,68,68,68,82,82,82,82,82,82,82,82,82,82,82,82,82,82,82,82,82,82,82,82,82,82,82,82,82,82,82,82,82,82,82,82,82,82,82],"relic_stats":{"Dream Catcher":0,"counters":[26,99],"Blue Candle":[0],"Astrolabe":["Melter","Hyperbeam","Cold Snap"],"obtain_stats":[{"Girya":31,"Anchor":11,"Dream Catcher":26,"Blue Candle":28,"Astrolabe":34,"Oddly Smooth Stone":9,"Mango":7,"Cracked Core":0,"Nuclear Battery":17},{"Girya":19,"Anchor":7,"Dream Catcher":16,"Blue Candle":18,"Astrolabe":20,"Oddly Smooth Stone":6,"Mango":6,"Cracked Core":0,"Nuclear Battery":11},{"Girya":65,"Anchor":21,"Dream Catcher":52,"Blue Candle":59,"Astrolabe":76,"Oddly Smooth Stone":18,"Mango":18,"Cracked Core":0,"Nuclear Battery":36}]},"card_choices":[{"not_picked":["Storm","Conserve Battery"],"picked":"Chaos","floor":1},{"not_picked":["Genetic Algorithm","Skim"],"picked":"Defragment","floor":2},{"not_picked":["Stack","Ball Lightning"],"picked":"Lockon","floor":3},{"not_picked":["Scrape","Gash"],"picked":"Rebound","floor":4},{"not_picked":["Rebound","Compile Driver"],"picked":"Conserve Battery","floor":5},{"not_picked":["Hologram","Compile Driver"],"picked":"Creative AI","floor":7},{"not_picked":["Conserve Battery","Heatsinks"],"picked":"Force Field","floor":11},{"not_picked":["Doom and Gloom","Undo"],"picked":"FTL","floor":12},{"not_picked":["Cold Snap","Steam Power"],"picked":"Heatsinks","floor":13},{"not_picked":["Go for the Eyes","Streamline"],"picked":"Sweeping Beam","floor":14},{"not_picked":["Fission","Hyperbeam"],"picked":"Electrodynamics","floor":16},{"not_picked":["Sweeping Beam+1","Steam"],"picked":"White Noise","floor":18},{"not_picked":["Barrage","Gash"],"picked":"Cold Snap+1","floor":20},{"not_picked":["Reprogram","Turbo+1"],"picked":"Self Repair","floor":22},{"not_picked":["Tempest","Barrage+1","Rebound"],"picked":"SKIP","floor":24},{"not_picked":["Fusion","Turbo+1"],"picked":"Skim","floor":25},{"not_picked":["Compile Driver+1","Steam"],"picked":"Multi-Cast","floor":27},{"not_picked":["Undo","Turbo","Ball Lightning"],"picked":"SKIP","floor":28},{"not_picked":["Compile Driver","Ball Lightning"],"picked":"Hologram","floor":31},{"not_picked":["Rainbow","Core Surge"],"picked":"Fission","floor":33},{"not_picked":["FTL+1","Sweeping Beam+1"],"picked":"Chill+1","floor":35},{"not_picked":["Ball Lightning+1","Auto Shields+1"],"picked":"Darkness+1","floor":36},{"not_picked":["Streamline","Stack"],"picked":"Hologram+1","floor":37},{"not_picked":["Streamline+1","Steam Power"],"picked":"Lockon","floor":38},{"not_picked":["Hologram","Cold Snap"],"picked":"Fusion","floor":39}],"player_experience":1005419,"relics_obtained":[{"floor":7,"key":"Mango"},{"floor":9,"key":"Oddly Smooth Stone"},{"floor":11,"key":"Anchor"},{"floor":26,"key":"Dream Catcher"},{"floor":28,"key":"Blue Candle"},{"floor":31,"key":"Girya"}],"event_choices":[{"cards_removed":["Strike_B"],"damage_healed":0,"gold_gain":0,"player_choice":"Gave Gold","damage_taken":0,"max_hp_gain":0,"max_hp_loss":0,"event_name":"Beggar","floor":19,"gold_loss":75},{"damage_healed":0,"gold_gain":0,"player_choice":"Bought 1 Potion","damage_taken":0,"max_hp_gain":0,"max_hp_loss":0,"event_name":"The Woman in Blue","floor":21,"gold_loss":0},{"cards_removed":["Strike_B"],"damage_healed":0,"gold_gain":0,"player_choice":"Upgrade and Remove","damage_taken":0,"max_hp_gain":0,"max_hp_loss":0,"event_name":"Designer","floor":29,"gold_loss":90,"cards_upgraded":["Core Surge"]}],"is_beta":false,"boss_relics":[{"not_picked":["Fusion Hammer","Busted Crown"],"picked":"Nuclear Battery"},{"not_picked":["SacredBark","expansioncontent:StudyCardRelic"],"picked":"Astrolabe"}],"items_purged_floors":[],"is_endless":false,"potions_floor_spawned":[1,2,3,7,11,20,22,25,28,36,37,38],"killed_by":"Nemesis","ascension_level":0}}