{"host":"6z6y4ky8uzsz1dpj","time":1608236744,"event":{"mods":["2.2 Compatiblity","AchievementEnabler","BaseMod","BetterRewards","Challenge The Spire","Colored Map","Hubris","Minty Spire (QoL Compilation)","Quick Restart","Replay The Spire","StSLib"],"gold_per_floor":[119,119,135,149,74,106,106,139,139,139,169,169,210,228,228,323,323,334,334,189,203,220,235,269,269,350,385,405,436,436,453,453,550,550,568,578,592,606,225,258,258,274,274,274,309,329,329,349,349,349,349,349,116,141,141],"floor_reached":56,"playtime":3806,"items_purged":["Strike_G","Strike_G","Strike_G"],"score":1773,"play_id":"29936a7d-17a6-454c-aec9-be9c97cd9f01","local_time":"20201217152544","is_ascension_mode":true,"campfire_choices":[{"data":"A Thousand Cuts","floor":7.0,"key":"SMITH"},{"data":"Specialist","floor":10.0,"key":"SMITH"},{"floor":15.0,"key":"REST"},{"floor":25.0,"key":"REST"},{"floor":30.0,"key":"REST"},{"data":"Prepared","floor":32.0,"key":"SMITH"},{"floor":41,"key":"RECALL"},{"data":"Hidden Blade","floor":44,"key":"SMITH"},{"data":"ReplayTheSpireMod:Scrap Shanks","floor":49,"key":"SMITH"},{"data":"Strike_G","floor":52,"key":"PURGE"}],"circlet_count":0,"master_deck":["Strike_G","Defend_G","Defend_G","Defend_G","Defend_G","Defend_G","Survivor","Neutralize","ReplayTheSpireMod:Scrap Shanks+1","Dagger Throw","Specialist+1","Calculated Gamble","Backflip","hubris:Sniper","A Thousand Cuts+1","hubris:SlightOfHand","ReplayTheSpireMod:Splinters","Blade Dance","Deflect","Unload","Sucker Punch","Hidden Blade","Backflip","Cloak And Dagger","Cloak And Dagger","ReplayTheSpireMod:From All Sides","Hidden Blade+1","Eviscerate+1","Prepared+1","Phantasmal Killer","Hidden Blade+1","Hidden Blade","Prepared+1","Concentrate+1","Prepared+1","Cloak And Dagger+1","Finisher","ReplayTheSpireMod:Scrap Shanks","Specialist+1","Prepared"],"relics":["Ring of the Snake","Ice Cream","hubris:Icosahedron","Art of War","Counterbalance","hubris:BottledRain","Tough Bandages","hubris:Towel","Peace Pipe","hubris:VirtuousBlindfold","Question Card","Vampiric Spirits","ReplayTheSpireMod:Ninjato","Snecko Scales","hubris:TinFlute","Replay:Wax Seal","Iron Hammer","Replay:Baseball","DollysMirror","hubris:Reverence"],"acts_visited":["Exordium","TheCity","TheBeyond","TheEnding"],"potions_floor_usage":[33,55,55],"damage_taken":[{"damage":0.0,"enemies":"2 Louse","floor":1.0,"turns":3.0},{"damage":4.0,"enemies":"Small Slimes","floor":3.0,"turns":3.0},{"damage":0.0,"enemies":"Cultist","floor":4.0,"turns":3.0},{"damage":17.0,"enemies":"Lagavulin","floor":6.0,"turns":8.0},{"damage":7.0,"enemies":"Gremlin Nob","floor":8.0,"turns":3.0},{"damage":18.0,"enemies":"Lagavulin","floor":11.0,"turns":4.0},{"damage":0.0,"enemies":"Blue Slaver","floor":14.0,"turns":3.0},{"damage":9.0,"enemies":"The Guardian","floor":16.0,"turns":8.0},{"damage":1.0,"enemies":"Spheric Guardian","floor":18.0,"turns":3.0},{"damage":5.0,"enemies":"2 Thieves","floor":21.0,"turns":4.0},{"damage":10.0,"enemies":"Snecko","floor":22.0,"turns":4.0},{"damage":18.0,"enemies":"Snake Plant","floor":23.0,"turns":5.0},{"damage":11.0,"enemies":"Replay:Snechameleon","floor":24.0,"turns":4.0},{"damage":6.0,"enemies":"Gremlin Leader","floor":27.0,"turns":6.0},{"damage":4.0,"enemies":"Centurion and Healer","floor":28.0,"turns":3.0},{"damage":12.0,"enemies":"Replay:Snechameleon","floor":29.0,"turns":5.0},{"damage":0.0,"enemies":"Snecko","floor":31.0,"turns":4.0},{"damage":31,"enemies":"Automaton","floor":33,"turns":7},{"damage":0,"enemies":"Orb Walker","floor":35,"turns":2},{"damage":0,"enemies":"3 Darklings","floor":36,"turns":2},{"damage":0,"enemies":"Spire Growth","floor":37,"turns":2},{"damage":0,"enemies":"Transient","floor":38,"turns":5},{"damage":0,"enemies":"R_Hoarder","floor":40,"turns":3},{"damage":0,"enemies":"3 Darklings","floor":42,"turns":1},{"damage":0,"enemies":"Giant Head","floor":45,"turns":2},{"damage":0,"enemies":"Sphere and 2 Shapes","floor":46,"turns":3},{"damage":0,"enemies":"Jaw Worm Horde","floor":48,"turns":1},{"damage":0,"enemies":"Awakened One","floor":50,"turns":3},{"damage":0,"enemies":"Shield and Spear","floor":54,"turns":1},{"damage":33,"enemies":"The Heart","floor":55,"turns":3}],"seed_played":"-8617372942623989102","potions_obtained":[{"floor":3.0,"key":"SkillPotion"},{"floor":6.0,"key":"Milkshake"},{"floor":11.0,"key":"Block Potion"},{"floor":14.0,"key":"AttackPotion"},{"floor":16.0,"key":"Weak Potion"},{"floor":19.0,"key":"PowerPotion"},{"floor":24.0,"key":"Adrenaline Potion"},{"floor":28.0,"key":"PowerPotion"},{"floor":29.0,"key":"SteroidPotion"},{"floor":33,"key":"DistilledChaos"},{"floor":35,"key":"Dexterity Potion"},{"floor":38,"key":"Explosive Potion"},{"floor":46,"key":"DistilledChaos"}],"is_trial":false,"path_per_floor":["M","?","M","M","$","E","R","E","T","R","E","?","?","M","R","B",null,"M","?","$","M","M","M","E","R","T","E","M","E","R","M","R","B",null,"M","M","M","M","$","E","R","M","T","R","E","M","?","M","R","B",null,"R","$","E","B",null],"character_chosen":"THE_SILENT","items_purchased":["ReplayTheSpireMod:Scrap Shanks","Dagger Throw","Specialist","Hidden Blade","hubris:TinFlute","ReplayTheSpireMod:Scrap Shanks","DollysMirror"],"campfire_rested":3,"item_purchase_floors":[0,0,0,20,39,53,53],"current_hp_per_floor":[63,63,59,59,59,42,42,35,35,35,17,17,17,17,38,29,60,59,59,59,54,44,26,15,36,36,30,27,24,45,48,48,17,57,60,70,70,70,70,70,70,70,70,70,70,70,70,70,70,70,70,70,70,70,39],"gold":141,"neow_bonus":"","is_daily":false,"chose_seed":false,"campfire_upgraded":5,"win_rate":0.0,"timestamp":1608236744,"path_taken":["M","?","M","M","$","E","R","E","T","R","E","?","?","M","R","BOSS","M","?","$","M","M","M","E","R","T","E","?","E","R","M","R","BOSS","M","M","M","M","$","E","R","M","T","R","E","M","?","M","R","BOSS","R","$","E","BOSS"],"items_purchased_type":["Card","Card","Card","Card","Relic","Card","Relic"],"build_version":"2020-12-13","purchased_purges":3,"victory":true,"max_hp_per_floor":[70,70,70,70,70,70,70,70,70,70,70,70,70,70,70,70,70,70,70,70,70,70,70,70,70,70,70,70,70,70,70,70,70,70,70,70,70,70,70,70,70,70,70,70,70,70,70,70,70,70,70,70,70,70,70],"card_choices":[{"not_picked":["Blade Dance","Setup"],"picked":"Calculated Gamble","floor":1.0},{"not_picked":["Sneak Up","Slice"],"picked":"Backflip","floor":3.0},{"not_picked":["Underhanded Strike","Quick Slash"],"picked":"hubris:Sniper","floor":4.0},{"not_picked":["Deadly Poison","Cloak And Dagger"],"picked":"A Thousand Cuts","floor":6.0},{"not_picked":["Dagger Spray","Bouncing Flask","Heel Hook"],"picked":"SKIP","floor":8.0},{"not_picked":["Caltrops","Dodge and Roll"],"picked":"hubris:SlightOfHand","floor":11.0},{"not_picked":["Outmaneuver","Dagger Spray"],"picked":"Blade Dance","floor":13.0},{"not_picked":["Backflip","Dagger Spray"],"picked":"Deflect","floor":14.0},{"not_picked":["Bullet Time","Storm of Steel"],"picked":"Unload","floor":16.0},{"not_picked":["Flying Knee","Terror"],"picked":"Sucker Punch","floor":18.0},{"not_picked":["Dodge and Roll","Distraction"],"picked":"Backflip","floor":21.0},{"not_picked":["Dagger Spray","ReplayTheSpireMod:Speed Training"],"picked":"Cloak And Dagger","floor":22.0},{"not_picked":["Distraction","Prepared+1"],"picked":"Cloak And Dagger","floor":23.0},{"not_picked":["Malaise","Predator"],"picked":"ReplayTheSpireMod:From All Sides","floor":24.0},{"not_picked":["Blade Dance","Outmaneuver+1","Heel Hook"],"picked":"Hidden Blade","floor":27.0},{"not_picked":["Flying Knee","Poison Darts","Sucker Punch","Endless Agony"],"picked":"SKIP","floor":28.0},{"not_picked":["Crippling Poison","Acrobatics","Deadly Poison"],"picked":"Eviscerate+1","floor":29.0},{"not_picked":["Dagger Throw","All Out Attack+1","Flying Knee+1"],"picked":"Prepared","floor":31.0},{"not_picked":["Replay:Bag of Tricks","ReplayTheSpireMod:Necrosis","Night Terror"],"picked":"Phantasmal Killer","floor":33},{"not_picked":["Backstab+1","Quick Slash+1","Deadly Poison+1"],"picked":"Hidden Blade+1","floor":35},{"not_picked":["Quick Slash+1","Finisher","Underhanded Strike+1"],"picked":"Hidden Blade","floor":36},{"not_picked":["Dodge and Roll","Predator+1","hubris:SlightOfHand+1"],"picked":"Prepared+1","floor":37},{"not_picked":["Deflect","Sucker Punch","Expertise"],"picked":"Concentrate+1","floor":38},{"not_picked":["Caltrops+1","Glass Knife","Quick Slash+1","Bane+1"],"picked":"SKIP","floor":40},{"not_picked":["Underhanded Strike","Endless Agony+1","Distraction"],"picked":"Prepared+1","floor":42},{"not_picked":["Underhanded Strike","Setup+1","hubris:SlightOfHand"],"picked":"Cloak And Dagger+1","floor":45},{"not_picked":["Deflect","Quick Slash","Underhanded Strike"],"picked":"Finisher","floor":46},{"not_picked":["Backstab+1","Endless Agony","Catalyst","Dash+1"],"picked":"SKIP","floor":48},{"not_picked":["Deflect","Predator","Malaise"],"picked":"Prepared","floor":54}],"player_experience":155419,"relics_obtained":[{"floor":6.0,"key":"Art of War"},{"floor":8.0,"key":"Counterbalance"},{"floor":9.0,"key":"hubris:BottledRain"},{"floor":11.0,"key":"Tough Bandages"},{"floor":13.0,"key":"Peace Pipe"},{"floor":24.0,"key":"Question Card"},{"floor":27.0,"key":"Vampiric Spirits"},{"floor":29.0,"key":"ReplayTheSpireMod:Ninjato"},{"floor":40,"key":"Replay:Wax Seal"},{"floor":43,"key":"Iron Hammer"},{"floor":45,"key":"Replay:Baseball"},{"floor":54,"key":"hubris:Reverence"}],"event_choices":[{"damage_healed":0.0,"max_hp_gain":0.0,"max_hp_loss":0.0,"gold_gain":0.0,"event_name":"Lab","player_choice":"Got Potions","floor":19.0,"gold_loss":0.0,"damage_taken":0.0}],"is_beta":false,"boss_relics":[{"not_picked":["Fusion Hammer","Snecko Eye"],"picked":"hubris:VirtuousBlindfold"},{"not_picked":["Philosopher\u0027s Stone","Replay:Grab Bag"],"picked":"Snecko Scales"}],"items_purged_floors":[5,20,39],"is_endless":false,"potions_floor_spawned":[3,6,11,14,16,24,28,29,33,35,38,45,46,54],"ascension_level":6}}