{"host":"msfr2axb1w9025n0","time":1608176021,"event":{"mods":["BaseMod","Colored Map","DeckTracker","Minty Spire (QoL Compilation)"],"gold_per_floor":[111,111,122,136,236,268,280,280,326,344,242,269,288,313,313,313,313],"floor_reached":16,"playtime":566,"items_purged":[],"score":159,"play_id":"6021f33a-22c6-4b67-bfec-6863560cdb5e","local_time":"20201217103341","is_ascension_mode":true,"campfire_choices":[{"floor":8,"key":"REST"},{"data":"After Image","floor":15,"key":"SMITH"}],"circlet_count":0,"master_deck":["AscendersBane","Strike_G","Strike_G","Strike_G","Strike_G+1","Strike_G","Defend_G+1","Defend_G","Defend_G+1","Defend_G","Defend_G","Survivor+1","Neutralize","Deflect","Predator","Blade Dance","Backstab","Dagger Spray","Footwork","Accuracy","Cloak And Dagger","After Image+1"],"relics":["Black Star","Ninja Scroll","Dream Catcher","Lantern","Prayer Wheel","HornCleat","Snake Skull","Ancient Tea Set","War Paint"],"acts_visited":["Exordium"],"potions_floor_usage":[6,14,14,14],"damage_taken":[{"damage":0,"enemies":"2 Louse","floor":1,"turns":3},{"damage":1,"enemies":"Jaw Worm","floor":3,"turns":5},{"damage":0,"enemies":"Cultist","floor":4,"turns":3},{"damage":26,"enemies":"Lagavulin","floor":6,"turns":8},{"damage":2,"enemies":"3 Louse","floor":7,"turns":4},{"damage":0,"enemies":"Lots of Slimes","floor":10,"turns":1},{"damage":23,"enemies":"Gremlin Nob","floor":12,"turns":5},{"damage":1,"enemies":"2 Fungi Beasts","floor":13,"turns":2},{"damage":3,"enemies":"Lagavulin","floor":14,"turns":7},{"damage":20,"enemies":"Hexaghost","floor":16,"turns":14}],"seed_played":"2529368271778673469","potions_obtained":[{"floor":1,"key":"LiquidMemories"},{"floor":3,"key":"Ancient Potion"},{"floor":7,"key":"EntropicBrew"}],"is_trial":false,"path_per_floor":["M","?","M","M","?","E","M","R","T","M","?","E","M","E","R","B"],"character_chosen":"THE_SILENT","items_purchased":[],"campfire_rested":1,"item_purchase_floors":[],"current_hp_per_floor":[63,49,48,48,48,22,20,41,41,41,41,18,17,14,14,0,0],"gold":313,"neow_bonus":"BOSS_RELIC","is_daily":false,"chose_seed":false,"campfire_upgraded":1,"win_rate":0.0,"timestamp":1608176021,"path_taken":["M","?","M","M","?","E","M","R","T","?","?","E","M","E","R","BOSS"],"items_purchased_type":[],"build_version":"2020-12-13","purchased_purges":0,"victory":false,"max_hp_per_floor":[70,70,70,70,70,70,70,70,70,70,70,70,70,70,70,70,70],"card_choices":[{"not_picked":["Calculated Gamble","Acrobatics"],"picked":"Deflect","floor":1},{"not_picked":["Reflex","Finisher"],"picked":"Predator","floor":3},{"not_picked":["Finisher","Bane"],"picked":"Blade Dance","floor":4},{"not_picked":["Acrobatics","Catalyst","Bane"],"picked":"SKIP","floor":6},{"not_picked":["Flying Knee","Flechettes"],"picked":"Backstab","floor":7},{"not_picked":["Tactician","Flying Knee"],"picked":"Dagger Spray","floor":8},{"not_picked":["Flying Knee","Die Die Die"],"picked":"Footwork","floor":10},{"not_picked":["Phantasmal Killer","Setup","Blur"],"picked":"SKIP","floor":12},{"not_picked":["Acrobatics","Flying Knee"],"picked":"Accuracy","floor":13},{"not_picked":["Escape Plan","Dagger Spray"],"picked":"Cloak And Dagger","floor":13},{"not_picked":["Glass Knife","Slice"],"picked":"After Image","floor":14}],"player_experience":248711,"relics_obtained":[{"floor":6,"key":"Ninja Scroll"},{"floor":6,"key":"Dream Catcher"},{"floor":9,"key":"Lantern"},{"floor":12,"key":"HornCleat"},{"floor":12,"key":"Snake Skull"},{"floor":14,"key":"Ancient Tea Set"},{"floor":14,"key":"War Paint"}],"event_choices":[{"damage_healed":0,"gold_gain":0,"player_choice":"Entered Light","damage_taken":14,"max_hp_gain":0,"max_hp_loss":0,"event_name":"Shining Light","floor":2,"gold_loss":0,"cards_upgraded":["Strike_G","Defend_G"]},{"damage_healed":0,"gold_gain":100,"player_choice":"Pray","damage_taken":0,"max_hp_gain":0,"max_hp_loss":0,"event_name":"Golden Shrine","floor":5,"gold_loss":0},{"damage_healed":0,"gold_gain":0,"player_choice":"Paid Gold","damage_taken":0,"relics_obtained":["Prayer Wheel"],"max_hp_gain":0,"max_hp_loss":0,"event_name":"WeMeetAgain","floor":11,"gold_loss":102}],"is_beta":false,"boss_relics":[],"items_purged_floors":[],"is_endless":false,"potions_floor_spawned":[1,3,7],"killed_by":"Hexaghost","ascension_level":13}}