{"host":"6qohxdms6n72zb21","time":1608198936,"event":{"mods":["2.2 Compatiblity","Act Like it!","Ascension Reborn","BaseMod","Better Synergies","Downfall","Energized Spire","Hubris","Minty Spire (QoL Compilation)","Quick Restart","Replay The Spire","Spicy Shops","StSLib"],"gold_per_floor":[118,118,22,97,47,47,82,96,145,155,167,167,183,196,196,291,291,306,306,415,235,247,247,247,263,263,263,263],"floor_reached":27,"playtime":991,"items_purged":[],"score":213,"play_id":"d941940c-1d1f-4e71-b2fe-e9f36d40948c","local_time":"20201217045536","is_ascension_mode":true,"campfire_choices":[{"data":"Outmaneuver","floor":6,"key":"SMITH"},{"floor":12,"key":"REST"},{"floor":15,"key":"REST"},{"floor":23,"key":"REST"}],"circlet_count":0,"master_deck":["Strike_G","Strike_G","Strike_G","Strike_G","Strike_G","Defend_G","Defend_G","Defend_G","Defend_G","Survivor","Neutralize","Outmaneuver+1","Unload+1","Deadly Poison","Poisoned Stab","Deflect","Blade Dance","Flying Knee","Deadly Poison","Sneak Up","Poison Darts","Catalyst","Outmaneuver+1","PiercingWail+1","hubris:SlightOfHand","Pride","Sneak Up+1","Dagger Spray","Deadly Poison","Accuracy"],"relics":["Ring of the Snake","Peace Pipe","Centennial Puzzle","hubris:HollowSoul","hubris:TenFootPole","ClockworkSouvenir","Torii"],"acts_visited":["Exordium","TheCity"],"potions_floor_usage":[11,16,22,25,25],"damage_taken":[{"damage":7,"enemies":"Jaw Worm","floor":1,"turns":7},{"damage":29,"enemies":"Gremlin Nob","floor":7,"turns":4},{"damage":7,"enemies":"Small Slimes","floor":8,"turns":2},{"damage":0,"enemies":"2 Louse","floor":10,"turns":1},{"damage":8,"enemies":"Exordium Wildlife","floor":11,"turns":4},{"damage":2,"enemies":"3 Louse","floor":13,"turns":2},{"damage":2,"enemies":"Blue Slaver","floor":14,"turns":3},{"damage":63,"enemies":"Slime Boss","floor":16,"turns":13},{"damage":8,"enemies":"Shell Parasite","floor":18,"turns":3},{"damage":26,"enemies":"3 Byrds","floor":22,"turns":6},{"damage":31,"enemies":"Snake Plant","floor":25,"turns":4},{"damage":0,"enemies":"Centurion and Healer","floor":27,"turns":3}],"seed_played":"-4411847534440956774","potions_obtained":[{"floor":8,"key":"Elixir"},{"floor":10,"key":"Dexterity Potion"},{"floor":16,"key":"Poison Potion"},{"floor":18,"key":"BlessingOfTheForge"},{"floor":22,"key":"CunningPotion"}],"is_trial":false,"path_per_floor":["M","?","$","?","?","R","E","M","T","M","M","R","M","M","R","B",null,"M","?","?","$","M","R","?","M","T","M"],"character_chosen":"THE_SILENT","items_purchased":["Deadly Poison","hubris:TenFootPole","ClockworkSouvenir","Sneak Up+1"],"campfire_rested":3,"item_purchase_floors":[3,21,21,21],"current_hp_per_floor":[77,77,77,66,66,66,37,30,30,30,22,47,45,43,68,5,84,76,76,43,43,17,42,42,11,11,11,11],"gold":263,"neow_bonus":"TWENTY_PERCENT_HP_BONUS","is_daily":false,"chose_seed":false,"campfire_upgraded":1,"win_rate":0.0,"timestamp":1608198936,"path_taken":["M","?","$","?","?","R","E","M","T","M","M","R","M","M","R","BOSS","M","?","?","$","M","R","?","?","T","M"],"items_purchased_type":["Card","Relic","Relic","Card"],"build_version":"2020-12-13","purchased_purges":0,"victory":false,"max_hp_per_floor":[84,84,84,84,84,84,84,84,84,84,84,84,84,84,84,84,84,84,84,84,84,84,84,84,84,84,84,84],"card_choices":[{"not_picked":["Deflect","Slice"],"picked":"Outmaneuver","floor":1},{"not_picked":["Hidden Blade","A Thousand Cuts"],"picked":"Poisoned Stab","floor":7},{"not_picked":["ReplayTheSpireMod:Shiv Toss","Hidden Blade"],"picked":"Deflect","floor":8},{"not_picked":["Expertise","hubris:Counter"],"picked":"Blade Dance","floor":10},{"not_picked":["Acrobatics","Flechettes"],"picked":"Flying Knee","floor":11},{"not_picked":["Underhanded Strike","Slice"],"picked":"Deadly Poison","floor":13},{"not_picked":["hubris:TrickCloak","Underhanded Strike"],"picked":"Sneak Up","floor":14},{"not_picked":["Bullet Time","Doppelganger"],"picked":"Poison Darts","floor":16},{"not_picked":["ReplayTheSpireMod:Exploit Weakness","ReplayTheSpireMod:Scrap Shanks"],"picked":"Catalyst","floor":18},{"not_picked":["Poisoned Stab+1","Tactician+1"],"picked":"Outmaneuver+1","floor":20},{"not_picked":["Poisoned Stab","Crippling Poison"],"picked":"PiercingWail+1","floor":20},{"not_picked":["All Out Attack","hubris:Counter"],"picked":"hubris:SlightOfHand","floor":20},{"not_picked":["Finisher","Underhanded Strike+1"],"picked":"Dagger Spray","floor":22},{"not_picked":["Endless Agony","Outmaneuver"],"picked":"Accuracy","floor":25}],"player_experience":170118,"relics_obtained":[{"floor":7,"key":"Peace Pipe"},{"floor":9,"key":"Centennial Puzzle"},{"floor":26,"key":"Torii"}],"event_choices":[{"damage_healed":0,"gold_gain":75,"player_choice":"Gather Gold","damage_taken":11,"max_hp_gain":0,"max_hp_loss":0,"event_name":"World of Goop","floor":4,"gold_loss":0},{"cards_removed":["Shame"],"damage_healed":0,"gold_gain":0,"player_choice":"Card Removal","damage_taken":0,"max_hp_gain":0,"max_hp_loss":0,"event_name":"The Cleric","floor":5,"gold_loss":50},{"damage_healed":0,"gold_gain":0,"player_choice":"Ignored","damage_taken":0,"max_hp_gain":0,"max_hp_loss":0,"event_name":"Ghosts","floor":19,"gold_loss":0},{"damage_healed":0,"gold_gain":0,"player_choice":"Copied","damage_taken":0,"max_hp_gain":0,"max_hp_loss":0,"event_name":"Duplicator","floor":24,"gold_loss":0,"cards_obtained":["Deadly Poison"]}],"is_beta":false,"boss_relics":[{"not_picked":["Empty Cage","Snecko Eye"],"picked":"hubris:HollowSoul"}],"items_purged_floors":[],"is_endless":false,"potions_floor_spawned":[8,10,16,18,22],"killed_by":"Centurion and Healer","ascension_level":0}}