{"host":"oc5h2hqz0xgb0igf","time":1608182959,"event":{"mods":["AchievementEnabler","BaseMod","Card Forge","Colored Map","Colored Powertips","Minty Spire (QoL Compilation)","Rare Cards Sparkle","StSLib"],"gold_per_floor":[115,130,150,163,181,214,214,249,249,3,3,36,54,74,74,170,220,238,254,254,254,274,300,300,310,335,365,378,404,404,504,504,606,606,624,323,323,20,20,54,73,107,157,167,198,198,212,231,231,231,231,231,77,107,107],"floor_reached":56,"playtime":3436,"items_purged":[],"score":1761,"play_id":"f1b050a9-36d6-4b3f-850b-a70c76dae549","local_time":"20201216212919","is_ascension_mode":true,"campfire_choices":[{"data":"CutThroughFate","floor":7,"key":"SMITH"},{"data":"CutThroughFate","floor":15,"key":"SMITH"},{"data":"Wallop","floor":24,"key":"SMITH"},{"data":"Protect","floor":30,"key":"SMITH"},{"data":"Wallop","floor":32,"key":"SMITH"},{"data":"Brilliance","floor":46,"key":"SMITH"},{"floor":49,"key":"RECALL"},{"data":"Brilliance","floor":52,"key":"SMITH"}],"circlet_count":0,"master_deck":["Omniscience+1","Worship+1","Prostrate+1","Brilliance+1","FearNoEvil","Omniscience+1","Prostrate+1","FearNoEvil+1","Brilliance+1","Worship+1","CutThroughFate+1","Protect+1","Scrawl+1","ClearTheMind+1","CutThroughFate+1","Protect+1","Devotion+1","FlurryOfBlows","Wallop+1","Wallop+1","CutThroughFate+1","FlurryOfBlows","Protect+1"],"relics":["PureWater","Hammer of Thor","Seething Fire","Anvil of the Gods","Turnip","Mercury Hourglass","Question Card","Bottled Tornado","TungstenRod","Tiny House","Pantograph","InkBottle","Calipers","Ice Cream","Shuriken","Coffee Dripper","Lantern","PreservedInsect","Bag of Preparation","OrangePellets","Du-Vu Doll","StoneCalendar","Anchor","Ornamental Fan","ClockworkSouvenir","Bronze Scales"],"acts_visited":["Exordium","TheCity","TheBeyond","TheEnding"],"potions_floor_usage":[23,27,55,55,55,55],"damage_taken":[{"damage":0,"enemies":"Cultist","floor":1,"turns":1},{"damage":0,"enemies":"2 Louse","floor":2,"turns":3},{"damage":0,"enemies":"Small Slimes","floor":3,"turns":2},{"damage":7,"enemies":"Exordium Wildlife","floor":4,"turns":2},{"damage":0,"enemies":"3 Louse","floor":5,"turns":1},{"damage":9,"enemies":"3 Sentries","floor":6,"turns":2},{"damage":0,"enemies":"Lagavulin","floor":8,"turns":1},{"damage":0,"enemies":"3 Sentries","floor":12,"turns":1},{"damage":1,"enemies":"Looter","floor":13,"turns":2},{"damage":6,"enemies":"Exordium Wildlife","floor":14,"turns":2},{"damage":0,"enemies":"Slime Boss","floor":16,"turns":1},{"damage":0,"enemies":"Chosen","floor":18,"turns":2},{"damage":0,"enemies":"2 Thieves","floor":19,"turns":1},{"damage":3,"enemies":"Centurion and Healer","floor":22,"turns":3},{"damage":0,"enemies":"Book of Stabbing","floor":23,"turns":3},{"damage":0,"enemies":"Chosen and Byrds","floor":25,"turns":1},{"damage":0,"enemies":"Gremlin Leader","floor":27,"turns":3},{"damage":0,"enemies":"Snecko","floor":28,"turns":1},{"damage":0,"enemies":"Slavers","floor":29,"turns":1},{"damage":0,"enemies":"Colosseum Slavers","floor":31,"turns":1},{"damage":2,"enemies":"Colosseum Nobs","floor":31,"turns":2},{"damage":0,"enemies":"Automaton","floor":33,"turns":1},{"damage":0,"enemies":"3 Darklings","floor":35,"turns":1},{"damage":0,"enemies":"Reptomancer","floor":40,"turns":1},{"damage":0,"enemies":"Orb Walker","floor":41,"turns":1},{"damage":0,"enemies":"Nemesis","floor":42,"turns":1},{"damage":0,"enemies":"Sphere and 2 Shapes","floor":44,"turns":1},{"damage":0,"enemies":"Giant Head","floor":45,"turns":1},{"damage":0,"enemies":"Writhing Mass","floor":47,"turns":2},{"damage":0,"enemies":"Transient","floor":48,"turns":2},{"damage":13,"enemies":"Time Eater","floor":50,"turns":4},{"damage":0,"enemies":"Shield and Spear","floor":54,"turns":1},{"damage":6,"enemies":"The Heart","floor":55,"turns":4}],"seed_played":"7681401031627696017","potions_obtained":[{"floor":2,"key":"PowerPotion"},{"floor":5,"key":"EntropicBrew"},{"floor":6,"key":"CultistPotion"},{"floor":12,"key":"ColorlessPotion"},{"floor":13,"key":"SneckoOil"},{"floor":17,"key":"Ambrosia"},{"floor":25,"key":"BlessingOfTheForge"},{"floor":28,"key":"ColorlessPotion"}],"is_trial":false,"path_per_floor":["M","M","M","M","M","E","R","E","T","$","?","E","M","M","R","B",null,"M","M","$","?","M","E","R","M","T","E","M","E","R","?","R","B",null,"M","$","?","$","?","E","M","E","T","M","E","R","M","M","R","B",null,"R","$","E","B",null],"character_chosen":"WATCHER","items_purchased":["Bottled Tornado","Lantern","PreservedInsect","Bag of Preparation","OrangePellets","ClockworkSouvenir"],"campfire_rested":0,"item_purchase_floors":[10,36,36,38,38,53],"current_hp_per_floor":[72,72,72,65,65,56,56,56,56,56,56,56,55,49,49,49,77,77,77,77,77,74,74,74,74,74,74,74,74,74,72,72,77,77,77,77,73,73,73,73,73,73,73,73,73,73,73,73,73,60,73,73,73,73,67],"gold":107,"neow_bonus":"THREE_RARE_CARDS","is_daily":false,"chose_seed":false,"campfire_upgraded":7,"win_rate":0.0,"timestamp":1608182959,"path_taken":["M","?","M","M","M","E","R","E","T","$","?","E","M","M","R","BOSS","M","M","$","?","M","E","R","M","T","E","M","E","R","?","R","BOSS","M","$","?","$","?","E","M","E","T","M","E","R","M","M","R","BOSS","R","$","E","BOSS"],"items_purchased_type":["Relic","Relic","Relic","Relic","Relic","Relic"],"build_version":"2020-12-13","purchased_purges":0,"victory":true,"max_hp_per_floor":[72,72,72,72,72,72,72,72,72,72,72,72,72,72,72,72,77,77,77,77,77,77,77,77,77,77,77,77,77,77,77,77,77,77,77,77,73,73,73,73,73,73,73,73,73,73,73,73,73,73,73,73,73,73,73],"card_choices":[{"not_picked":["Judgement","DeusExMachina"],"picked":"LessonLearned","floor":0},{"not_picked":["EmptyFist","Consecrate","SashWhip"],"picked":"SKIP","floor":1},{"not_picked":["Halt","Meditate"],"picked":"FlurryOfBlows","floor":2},{"not_picked":["JustLucky","Halt","ClearTheMind"],"picked":"SKIP","floor":3},{"not_picked":["Meditate","PathToVictory","Study"],"picked":"SKIP","floor":4},{"not_picked":["TalkToTheHand","Protect"],"picked":"Wallop","floor":5},{"not_picked":["Crescendo","CarveReality","WindmillStrike"],"picked":"SKIP","floor":6},{"not_picked":["ClearTheMind","DevaForm","FearNoEvil"],"picked":"SKIP","floor":8},{"not_picked":["JustLucky","Consecrate","Halt","BattleHymn"],"picked":"SKIP","floor":12},{"not_picked":["LikeWater","Conclude","FollowUp","EmptyFist"],"picked":"SKIP","floor":13},{"not_picked":["Crescendo","Collect","Evaluate","Worship"],"picked":"SKIP","floor":14},{"not_picked":["CutThroughFate","DeceiveReality","SandsOfTime"],"picked":"Wallop","floor":17},{"not_picked":["FlurryOfBlows","Protect","Halt"],"picked":"CutThroughFate+1","floor":18},{"not_picked":["FlurryOfBlows","Indignation","EmptyBody","Prostrate"],"picked":"SKIP","floor":19},{"not_picked":["ThirdEye","ClearTheMind","Meditate","EmptyBody"],"picked":"SKIP","floor":22},{"not_picked":["Tantrum","Scrawl","FlurryOfBlows","Swivel+1"],"picked":"SKIP","floor":23},{"not_picked":["Prostrate","EmptyFist","FlyingSleeves","ClearTheMind+1"],"picked":"SKIP","floor":25},{"not_picked":["TalkToTheHand+1","SignatureMove","ThirdEye"],"picked":"Protect","floor":27},{"not_picked":["Collect+1","Fasting2","FollowUp+1","JustLucky"],"picked":"SKIP","floor":28},{"not_picked":["SandsOfTime","Prostrate","Protect","ReachHeaven+1"],"picked":"SKIP","floor":29},{"not_picked":["PathToVictory+1","FollowUp+1","ClearTheMind+1","Meditate"],"picked":"SKIP","floor":35},{"not_picked":["ThirdEye+1","FearNoEvil","FollowUp+1","Weave"],"picked":"SKIP","floor":40},{"not_picked":["BowlingBash+1","Wallop+1","BattleHymn+1","ReachHeaven+1"],"picked":"SKIP","floor":41},{"not_picked":["EmptyBody+1","Fasting2","BattleHymn","FlyingSleeves"],"picked":"SKIP","floor":42},{"not_picked":["Halt+1","Evaluate+1","EmptyMind","BattleHymn"],"picked":"SKIP","floor":44},{"not_picked":["Crescendo+1","ConjureBlade","FlurryOfBlows+1","Consecrate+1"],"picked":"SKIP","floor":45},{"not_picked":["CutThroughFate+1","Protect","Halt+1","Consecrate+1"],"picked":"SKIP","floor":47},{"not_picked":["EmptyBody","TalkToTheHand","Wallop","InnerPeace"],"picked":"SKIP","floor":48},{"not_picked":["WindmillStrike","MasterReality","Crescendo+1","Swivel+1"],"picked":"SKIP","floor":54}],"player_experience":107074,"relics_obtained":[{"floor":6,"key":"Turnip"},{"floor":8,"key":"Mercury Hourglass"},{"floor":9,"key":"Question Card"},{"floor":12,"key":"TungstenRod"},{"floor":23,"key":"Pantograph"},{"floor":27,"key":"InkBottle"},{"floor":29,"key":"Calipers"},{"floor":31,"key":"Ice Cream"},{"floor":31,"key":"Shuriken"},{"floor":40,"key":"Du-Vu Doll"},{"floor":42,"key":"StoneCalendar"},{"floor":43,"key":"Anchor"},{"floor":45,"key":"Ornamental Fan"},{"floor":54,"key":"Bronze Scales"}],"event_choices":[{"damage_healed":0,"gold_gain":0,"player_choice":"Ignored","damage_taken":0,"max_hp_gain":0,"max_hp_loss":0,"event_name":"Purifier","floor":11,"gold_loss":0},{"damage_healed":0,"gold_gain":0,"player_choice":"Read","damage_taken":0,"max_hp_gain":0,"max_hp_loss":0,"event_name":"The Library","floor":21,"gold_loss":0,"cards_obtained":["FlurryOfBlows"]},{"damage_healed":0,"gold_gain":0,"player_choice":"Fight","damage_taken":0,"max_hp_gain":0,"max_hp_loss":0,"event_name":"Colosseum","floor":31,"gold_loss":0},{"damage_healed":0,"gold_gain":0,"player_choice":"Fought Nobs","damage_taken":0,"max_hp_gain":0,"max_hp_loss":0,"event_name":"Colosseum","floor":31,"gold_loss":0},{"damage_healed":0,"gold_gain":0,"player_choice":"Max HP","damage_taken":0,"max_hp_gain":0,"max_hp_loss":4,"event_name":"Winding Halls","floor":37,"gold_loss":0},{"damage_healed":0,"gold_gain":0,"player_choice":"Memory 1","damage_taken":0,"max_hp_gain":0,"max_hp_loss":0,"event_name":"SensoryStone","floor":39,"gold_loss":0}],"is_beta":false,"boss_relics":[{"not_picked":["Velvet Choker","Busted Crown"],"picked":"Tiny House"},{"not_picked":["HolyWater","Empty Cage"],"picked":"Coffee Dripper"}],"items_purged_floors":[],"is_endless":false,"potions_floor_spawned":[2,5,6,12,13,18,25,28,31,31,40,45,47,48,54],"ascension_level":1}}