{"host":"fuszjwm6fqgjjp4d","time":1608221174,"event":{"mods":["BaseMod","Bestiary","Colored Map","DeckTracker","Minty Spire (QoL Compilation)","Permanent Neow","Relic Sorter","Relic Stats","StSLib"],"gold_per_floor":[109,125,5,5,23,23,49,49,49,59,109,124,124,139,139,217,217,230,247,247,247],"floor_reached":20,"playtime":1036,"items_purged":[],"score":352,"play_id":"d59c33c0-de8b-4093-9f32-8368a29b33e7","local_time":"20201217100614","is_ascension_mode":true,"campfire_choices":[{"data":"Blur","floor":6.0,"key":"SMITH"},{"data":"Distraction","floor":8.0,"key":"SMITH"},{"data":"Footwork","floor":13.0,"key":"SMITH"},{"data":"Infinite Blades","floor":15.0,"key":"SMITH"}],"circlet_count":0,"master_deck":["AscendersBane","Strike_G","Strike_G","Defend_G","Defend_G","Defend_G","Defend_G","Defend_G","Survivor","Neutralize","Flying Knee","Footwork+1","Blur+1","Escape Plan","Malaise","Noxious Fumes","Distraction+1","Escape Plan","Infinite Blades","Infinite Blades+1","Die Die Die","Flechettes+1","Grand Finale+1","Acrobatics+1","Terror","Blade Dance"],"relics":["Ring of the Snake","Akabeko","Bag of Preparation","Pantograph","Astrolabe"],"acts_visited":["Exordium","TheCity"],"potions_floor_usage":[19,19],"damage_taken":[{"damage":1.0,"enemies":"Cultist","floor":1.0,"turns":4.0},{"damage":0.0,"enemies":"2 Louse","floor":2.0,"turns":3.0},{"damage":12.0,"enemies":"Jaw Worm","floor":5.0,"turns":7.0},{"damage":12.0,"enemies":"3 Sentries","floor":7.0,"turns":8.0},{"damage":6.0,"enemies":"2 Fungi Beasts","floor":10.0,"turns":4.0},{"damage":0.0,"enemies":"3 Louse","floor":12.0,"turns":5.0},{"damage":1.0,"enemies":"Red Slaver","floor":14.0,"turns":6.0},{"damage":9.0,"enemies":"The Guardian","floor":16.0,"turns":13.0},{"damage":16,"enemies":"Shell Parasite","floor":18,"turns":6},{"damage":14,"enemies":"3 Byrds","floor":19,"turns":7},{"damage":47,"enemies":"Snecko","floor":20,"turns":7}],"seed_played":"6982177607644219487","potions_obtained":[{"floor":10.0,"key":"GhostInAJar"},{"floor":12.0,"key":"Explosive Potion"},{"floor":16.0,"key":"SpeedPotion"}],"is_trial":false,"path_per_floor":["M","M","$","?","M","R","E","R","T","M","?","M","R","M","R","B",null,"M","M","M"],"character_chosen":"THE_SILENT","items_purchased":["Blur","Escape Plan"],"campfire_rested":0,"item_purchase_floors":[3,3],"current_hp_per_floor":[58,58,58,58,46,46,34,34,34,28,28,28,28,27,27,43,60,44,30,0,0],"gold":247,"neow_bonus":"RANDOM_COMMON_RELIC","is_daily":false,"chose_seed":false,"campfire_upgraded":4,"win_rate":0.0,"timestamp":1608221174,"path_taken":["M","?","?","?","M","R","E","R","T","?","?","M","R","M","R","BOSS","M","M","M"],"items_purchased_type":["Card","Card"],"build_version":"2020-12-13","purchased_purges":0,"victory":false,"max_hp_per_floor":[66,66,66,66,66,66,66,66,66,66,66,66,66,66,66,66,66,66,66,66,66],"relic_stats":{"counters":[11,70],"Pantograph":25,"Astrolabe":["Flechettes","Grand Finale","Acrobatics"],"Bag of Preparation":[14],"obtain_stats":[{"Pantograph":9,"Astrolabe":17,"Bag of Preparation":7,"Akabeko":0,"Ring of the Snake":0},{"Pantograph":4,"Astrolabe":8,"Bag of Preparation":4,"Akabeko":0,"Ring of the Snake":0},{"Pantograph":22,"Astrolabe":50,"Bag of Preparation":22,"Akabeko":0,"Ring of the Snake":0}],"Ring of the Snake":[22]},"card_choices":[{"not_picked":["Deflect","PiercingWail"],"picked":"Flying Knee","floor":1.0},{"not_picked":["Cloak And Dagger","Expertise"],"picked":"Footwork","floor":2.0},{"not_picked":["Outmaneuver","Slice","Corpse Explosion"],"picked":"SKIP","floor":5.0},{"not_picked":["Quick Slash","Masterful Stab"],"picked":"Distraction","floor":7.0},{"not_picked":["Concentrate","PiercingWail"],"picked":"Escape Plan","floor":10.0},{"not_picked":["Concentrate","Dagger Throw"],"picked":"Infinite Blades","floor":12.0},{"not_picked":["Predator","Dash"],"picked":"Infinite Blades","floor":14.0},{"not_picked":["Malaise","Venomology"],"picked":"Die Die Die","floor":16.0},{"not_picked":["Outmaneuver","Eviscerate"],"picked":"Terror","floor":18},{"not_picked":["Leg Sweep","Concentrate"],"picked":"Blade Dance","floor":19}],"player_experience":1169614,"relics_obtained":[{"floor":7.0,"key":"Bag of Preparation"},{"floor":9.0,"key":"Pantograph"}],"event_choices":[{"damage_healed":0.0,"max_hp_gain":0.0,"max_hp_loss":0.0,"gold_gain":0.0,"event_name":"Match and Keep!","player_choice":"2 cards matched","floor":4.0,"gold_loss":0.0,"damage_taken":0.0,"cards_obtained":["Malaise","Noxious Fumes"]},{"damage_healed":0.0,"max_hp_gain":0.0,"max_hp_loss":0.0,"gold_gain":50.0,"event_name":"Golden Shrine","player_choice":"Pray","floor":11.0,"gold_loss":0.0,"damage_taken":0.0}],"is_beta":false,"boss_relics":[{"not_picked":["SacredBark","Cursed Key"],"picked":"Astrolabe"}],"items_purged_floors":[],"is_endless":false,"potions_floor_spawned":[10,12,16,18],"killed_by":"Snecko","ascension_level":20}}