{"host":"Justin","time":1608211431,"event":{"mods":["BaseMod","BetterRewards","Colored Map","Colored Powertips","DeckTracker","Duelist Mod","Hermit","Highlight Path","Hubris","Infinite Spire","Minty Spire (QoL Compilation)","Replay The Spire","Shop Mod","StSLib","The Animator","The Jungle","The Necromancer"],"gold_per_floor":[112,112,12,28,28,28,28],"floor_reached":6,"playtime":1350,"items_purged":["Strike_B","ReplayTheSpireMod:Doomed"],"score":34,"play_id":"2757af4f-d616-47da-af55-98dbac60fcc7","local_time":"20201217142351","is_ascension_mode":false,"campfire_choices":[],"circlet_count":0,"master_deck":["Strike_B","Strike_B","Strike_B","Defend_B","Defend_B","Defend_B","Defend_B","Zap","Dualcast","Cold Snap","BasicCrystalCard","hubris:Ukulele","Hello World","Redo","BasicCrystalCard","infinitespire:Collect","Coolheaded","Pain"],"relics":["Cracked Core","MerchantsRug","Ice Cream","WarpedTongs"],"acts_visited":["Exordium"],"potions_floor_usage":[],"damage_taken":[{"damage":0.0,"enemies":"2 Louse","floor":1.0,"turns":2.0},{"damage":4.0,"enemies":"Cultist","floor":4.0,"turns":3.0},{"damage":27,"enemies":"Gremlin Nob","floor":6,"turns":3}],"seed_played":"6208301870775775202","potions_obtained":[{"floor":4,"key":"SteroidPotion"}],"is_trial":false,"path_per_floor":["M","?","$","M","?","E"],"character_chosen":"DEFECT","items_purchased":["MerchantsRug","Cold Snap","BasicCrystalCard","hubris:Ukulele","Hello World","Redo"],"campfire_rested":0,"item_purchase_floors":[0,0,0,0,0,0],"current_hp_per_floor":[40,22,22,18,18,0,0],"gold":28,"neow_bonus":"","is_daily":false,"chose_seed":false,"campfire_upgraded":0,"win_rate":0.0,"timestamp":1608211431,"path_taken":["M","?","$","M","?","E"],"items_purchased_type":["Relic","Card","Card","Card","Card","Card"],"build_version":"2020-11-17","purchased_purges":2,"victory":false,"max_hp_per_floor":[75,75,75,75,75,75,75],"card_choices":[{"not_picked":["Crystallizer","Compile Driver"],"picked":"BasicCrystalCard","floor":1.0},{"not_picked":["infinitespire:SevenWalls","ReplayTheSpireMod:??????????????????????"],"picked":"infinitespire:Collect","floor":2.0},{"not_picked":["Gash","Doom and Gloom"],"picked":"Coolheaded","floor":4}],"player_experience":112057,"relics_obtained":[],"event_choices":[{"damage_healed":0,"gold_gain":0,"player_choice":"Rummage","damage_taken":0,"relics_obtained":["WarpedTongs"],"max_hp_gain":0,"max_hp_loss":0,"event_name":"Accursed Blacksmith","floor":5,"gold_loss":0,"cards_obtained":["Pain"]}],"is_beta":true,"boss_relics":[],"items_purged_floors":[0,3],"is_endless":false,"potions_floor_spawned":[4],"killed_by":"Gremlin Nob","ascension_level":0}}