{"host":"dwyzfvnzfcqffr30","time":1608239815,"event":{"mods":["2.2 Compatiblity","Act Like it!","BaseMod","Beaked The Cultist","Better Altar","Better Sensory Stone","Better Third Choice","Clockwork Mod","Colored Map","Colored Powertips","Conspire","Downfall","Elementarium","GifTheSpireLib","Halation","Hermit","Hubris","Jedi Mod","Menagerie","Mimic Mod","Minty Spire (QoL Compilation)","Permanent Neow","Random Character Button","Replay The Spire","Spicy Shops","StSLib","Stuff the Spire","The Construct","The Druid","TheFirefly","Trackpad","vexMod"],"gold_per_floor":[134,174,212,250,279,345,345,414,437,387,53,53,89,175,175,383,383,432,432,432,432,460,539,597,671,760,772,784,827,928,508,508,722,722,748,273,309,309,309,405,405,513,595,33,108,166,226,270,270,316,316,316,13,100,127],"floor_reached":56,"playtime":27366,"items_purged":["hermit:Shortfuse+1"],"score":1740,"play_id":"2867f93d-e82a-4f3c-b5e9-866a3d6ff724","local_time":"20201217131655","is_ascension_mode":true,"campfire_choices":[{"floor":15,"key":"REST"},{"floor":32,"key":"RECALL"},{"floor":49,"key":"DIG"}],"circlet_count":0,"master_deck":["hermit:Strike_Hermit+1","hermit:Strike_Hermit+1","hermit:Strike_Hermit+1","hermit:Strike_Hermit+1","hermit:Defend_Hermit+1","hermit:Defend_Hermit+1","hermit:Defend_Hermit+1","hermit:Defend_Hermit+1","hermit:Snapshot+1","hermit:Covet+1","hermit:DeadOrAlive+1","MasterReality+1","hermit:Glare+1","hermit:Quickdraw+1","hermit:Determination+1","conspire:SpireCoStock+1","hermit:FlashPowder+1","hermit:Gestalt+1","hermit:HeroicBravado+1","hermit:GhostlyPresence+1","hermit:PistolWhip+1","hermit:Deadeye+1","expansioncontent:QuickStudy+1","hermit:Brawl+1","hubris:NaturalOne","hermit:Adapt+1","hermit:Maintenance+1"],"relics":["hermit:ClaspedLocket","Bottled Tornado","Quantum Egg","Frozen Egg 2","Toxic Egg 2","Molten Egg 2","Black Star","Juzu Bracelet","Golden Idol","hubris:BundleOfHerbs","hubris:Towel","Blue Candle","Lizard Tail","Blood Vial","vexMod:Dragonfruit","Bag of Preparation","Singing Bowl","Strawberry","vexMod:ImprovementManual","trackpad:RapidFire","Ring of Fangs","ReplayTheSpireMod:Ring of Addiction","Toy Ornithopter","hubris:EmptyBottle","ReplayFunnel","TungstenRod","Gremlin Horn","Replay:WaspNest","StuffTheSpire:ForceGauntlet","hubris:TinFlute","Chameleon Ring","Replay:Baseball","ReplayTheSpireMod:Shallot","hubris:SphereOfDissonance","MawBank","Replay:Rubber Ducky","hubris:Icosahedron","hermit:RyeStalk","StrikeDummy","Calipers","Elementarium:ElementariumTrophy","jedi:heavyjacket","SacredBark","Anchor","ReplayTheSpireMod:Lightbulb","hubris:GlazedTorus","Mirror","Prayer Wheel","Ginger","trackpad:SappingStone","Oddly Smooth Stone","Replay:Bandana","hermit:Horseshoe","Replay:Multitool","halation:WeightlessCrab","Mummified Hand","trackpad:WondrousWand","Torii"],"acts_visited":["Exordium","Elementarium:Elementarium","TheBeyond","TheEnding"],"potions_floor_usage":[6,6,18,23,23,23,23,26,26,30,33,33,33,40,40,42,46,47,48,50,50,50,50,50,50,54,55,55,55],"damage_taken":[{"damage":0,"enemies":"Jaw Worm","floor":1,"turns":2},{"damage":0,"enemies":"2 Louse","floor":2,"turns":3},{"damage":0,"enemies":"Small Slimes","floor":3,"turns":2},{"damage":0,"enemies":"Looter","floor":4,"turns":2},{"damage":1,"enemies":"Red Slaver","floor":5,"turns":2},{"damage":11,"enemies":"3 Sentries","floor":6,"turns":6},{"damage":20,"enemies":"Lagavulin","floor":8,"turns":6},{"damage":3,"enemies":"3 Louse","floor":13,"turns":3},{"damage":0,"enemies":"Gremlin Nob","floor":14,"turns":3},{"damage":10,"enemies":"The Guardian","floor":16,"turns":12},{"damage":1,"enemies":"Elementarium:Cyclone","floor":18,"turns":6},{"damage":0,"enemies":"Elementarium:2_ELEMENTALS","floor":22,"turns":3},{"damage":26,"enemies":"Elementarium:FIRE_NOBILITY","floor":23,"turns":8},{"damage":0,"enemies":"Elementarium:RubyGolem","floor":24,"turns":6},{"damage":0,"enemies":"Elementarium:ElementalPortal","floor":25,"turns":7},{"damage":0,"enemies":"Elementarium:RubyGolem","floor":26,"turns":6},{"damage":0,"enemies":"Elementarium:RubyGolem","floor":29,"turns":3},{"damage":0,"enemies":"Elementarium:WarGolem","floor":30,"turns":4},{"damage":0,"enemies":"Elementarium:PHOENIXES","floor":33,"turns":7},{"damage":0,"enemies":"Orb Walker","floor":35,"turns":4},{"damage":0,"enemies":"3 Darklings","floor":37,"turns":2},{"damage":0,"enemies":"Reptomancer","floor":40,"turns":6},{"damage":0,"enemies":"Nemesis","floor":42,"turns":7},{"damage":0,"enemies":"Transient","floor":43,"turns":9},{"damage":0,"enemies":"Transient","floor":46,"turns":5},{"damage":0,"enemies":"Sphere and 2 Shapes","floor":47,"turns":3},{"damage":0,"enemies":"Writhing Mass","floor":48,"turns":3},{"damage":23,"enemies":"conspire:OrnateMirror","floor":50,"turns":9},{"damage":0,"enemies":"Shield and Spear","floor":54,"turns":7},{"damage":0,"enemies":"The Heart","floor":55,"turns":10}],"seed_played":"2289177270129828667","potions_obtained":[{"floor":3,"key":"Swift Potion"},{"floor":4,"key":"Guardian:BlockOnCardUsePotion"},{"floor":5,"key":"Strength Potion"},{"floor":20,"key":"Dexterity Potion"},{"floor":20,"key":"hermit:Tonic"},{"floor":29,"key":"jedi:StrikingPotion"},{"floor":33,"key":"Swift Potion"},{"floor":41,"key":"EssenceOfSteel"},{"floor":41,"key":"EntropicBrew"},{"floor":46,"key":"ColorlessPotion"},{"floor":48,"key":"Regen Potion"},{"floor":52,"key":"Languid Potion"},{"floor":52,"key":"hermit:Tonic"}],"is_trial":false,"path_per_floor":["M","M","M","M","M","E","?","E","T","?","$","?","M","E","R","B",null,"M","?","?","?","M","E","MIM","E","MIM","?","?","M","E","$","R","B",null,"M","$","M","?","?","E","R","E","MIM","$","R","M","M","M","R","B",null,"R","$","E","B",null],"character_chosen":"HERMIT","items_purchased":["hermit:FlashPowder+1","vexMod:Dragonfruit","hermit:Deadeye+1","Calipers","PowerPotion","jedi:heavyjacket","expansioncontent:QuickStudy+1","PowerPotion","Replay:Bandana","hermit:Horseshoe","Replay:Multitool","Mummified Hand","hermit:Maintenance+1"],"campfire_rested":1,"item_purchase_floors":[11,11,31,31,31,36,36,36,44,44,44,53,53],"current_hp_per_floor":[68,68,68,68,67,56,56,36,36,36,41,34,33,44,68,66,82,83,83,83,80,84,67,71,75,87,98,100,102,100,100,100,102,102,104,104,104,104,78,76,76,78,80,80,80,82,86,90,90,90,90,90,90,90,90],"gold":127,"neow_bonus":"THREE_RARE_CARDS","is_daily":false,"chose_seed":false,"campfire_upgraded":0,"win_rate":0.0,"timestamp":1608239815,"path_taken":["M","M","M","M","M","E","?","E","T","?","$","?","M","E","R","BOSS","M","?","?","?","M","E","?","E","MIM","?","?","M","E","$","R","BOSS","M","$","M","?","?","E","R","E","MIM","?","R","M","M","M","R","BOSS","R","$","E","BOSS"],"items_purchased_type":["Card","Relic","Card","Relic","Potion","Relic","Card","Potion","Relic","Relic","Relic","Relic","Card"],"build_version":"2020-12-13","purchased_purges":1,"victory":true,"max_hp_per_floor":[68,68,68,68,68,68,68,68,68,68,73,73,73,82,82,82,82,84,84,84,84,86,88,90,92,92,100,100,102,100,100,100,102,102,104,104,104,104,78,76,76,78,80,80,80,82,86,90,90,90,90,90,90,90,90],"card_choices":[{"not_picked":["hermit:Reprieve","hermit:FatalDesire"],"picked":"hermit:DeadOrAlive","floor":0},{"not_picked":["hermit:Ricochet+1","hermit:TakeCover+1"],"picked":"hermit:Glare+1","floor":1},{"not_picked":["hermit:CalledShot+1","hermit:Ricochet+1"],"picked":"hermit:Shortfuse+1","floor":2},{"not_picked":["hermit:Ricochet+1","hermit:WideOpen+1"],"picked":"hermit:Quickdraw+1","floor":3},{"not_picked":["hermit:Grudge+1","hermit:TakeCover+1"],"picked":"hermit:Determination+1","floor":4},{"not_picked":["hermit:FatalDesire+1","hermit:Feint+1","hermit:Determination+1"],"picked":"SKIP","floor":5},{"not_picked":["hermit:SprayPray+1","hermit:OverwhelmingPower+1","hermit:LowProfile+1"],"picked":"SKIP","floor":6},{"not_picked":["hermit:Ricochet+1","hermit:Manifest+1","hermit:DeadMansHand+1"],"picked":"SKIP","floor":8},{"not_picked":["hermit:LowProfile+1","hermit:Virtue+1"],"picked":"hermit:Gestalt+1","floor":13},{"not_picked":["hermit:TakeCover+1","hermit:Spite+1","hermit:FullyLoaded+1"],"picked":"Singing Bowl","floor":14},{"not_picked":["hermit:Purgatory+1","hermit:Roughhouse+1"],"picked":"hermit:HeroicBravado+1","floor":16},{"not_picked":["hermit:Quickdraw+1","hermit:CalledShot+1","hermit:Roughhouse+1"],"picked":"Singing Bowl","floor":18},{"not_picked":["hermit:Showdown+1","hermit:FinalCanter+1","hermit:Glare+1"],"picked":"Singing Bowl","floor":22},{"not_picked":["hermit:CalledShot+1","hermit:BigShot+1","hermit:Misfire+1"],"picked":"Singing Bowl","floor":23},{"not_picked":["hermit:Malice+1","hermit:Dive+1","hermit:Coalescence+1"],"picked":"Singing Bowl","floor":24},{"not_picked":["hermit:Quickdraw+1","hermit:Enervate+1","hermit:OverwhelmingPower+1"],"picked":"Singing Bowl","floor":25},{"not_picked":["hermit:LowProfile+1","hermit:Malice+1"],"picked":"hermit:GhostlyPresence+1","floor":26},{"not_picked":["hermit:Enervate+1","hermit:WideOpen+1","hermit:Grudge+1"],"picked":"Singing Bowl","floor":29},{"not_picked":["hermit:Scavenge+1","hermit:Coalescence+1"],"picked":"hermit:PistolWhip+1","floor":30},{"not_picked":["hermit:HeroicBravado+1","hermit:HighNoon+1","hermit:OverwhelmingPower+1"],"picked":"Singing Bowl","floor":33},{"not_picked":["hermit:Determination+1","hermit:PistolWhip+1","hermit:CursedWeapon+1"],"picked":"Singing Bowl","floor":35},{"not_picked":["hermit:Vantage+1","hermit:ShadowCloak+1","hermit:Shortfuse+1"],"picked":"Singing Bowl","floor":37},{"not_picked":["hermit:Snipe+1","hermit:Headshot+1"],"picked":"hermit:Adapt+1","floor":40},{"not_picked":["hermit:Shortfuse+1","hermit:WideOpen+1","hermit:LuckOfTheDraw+1"],"picked":"Singing Bowl","floor":42},{"not_picked":["hermit:Brawl+1","hermit:TakeAim+1","hermit:HoleUp+1"],"picked":"Singing Bowl","floor":43},{"not_picked":["hermit:Ricochet+1","hermit:NoHoldsBarred+1","hermit:Quickdraw+1"],"picked":"Singing Bowl","floor":46},{"not_picked":["hermit:Quickdraw+1","hermit:Dive+1","hermit:Coalescence+1"],"picked":"Singing Bowl","floor":46},{"not_picked":["hermit:HighCaliber+1","hermit:CursedWeapon+1","hermit:Desperado+1"],"picked":"Singing Bowl","floor":47},{"not_picked":["hermit:HoleUp+1","hermit:Reprieve+1","hermit:Snipe+1"],"picked":"Singing Bowl","floor":47},{"not_picked":["hermit:SprayPray+1","hermit:Manifest+1","hermit:HighCaliber+1"],"picked":"Singing Bowl","floor":48},{"not_picked":["hermit:Feint+1","hermit:GhostlyPresence+1","hermit:LuckOfTheDraw+1"],"picked":"Singing Bowl","floor":48},{"not_picked":["hermit:Deadeye+1","hermit:CalledShot+1","hermit:Virtue+1"],"picked":"Singing Bowl","floor":54}],"player_experience":2003426,"relics_obtained":[{"floor":6,"key":"hubris:BundleOfHerbs"},{"floor":8,"key":"Blue Candle"},{"floor":8,"key":"Lizard Tail"},{"floor":9,"key":"Blood Vial"},{"floor":14,"key":"Singing Bowl"},{"floor":14,"key":"Strawberry"},{"floor":20,"key":"Ring of Fangs"},{"floor":20,"key":"ReplayTheSpireMod:Ring of Addiction"},{"floor":20,"key":"Toy Ornithopter"},{"floor":20,"key":"hubris:EmptyBottle"},{"floor":23,"key":"ReplayFunnel"},{"floor":23,"key":"TungstenRod"},{"floor":24,"key":"Gremlin Horn"},{"floor":24,"key":"Replay:WaspNest"},{"floor":24,"key":"StuffTheSpire:ForceGauntlet"},{"floor":24,"key":"hubris:TinFlute"},{"floor":25,"key":"Chameleon Ring"},{"floor":25,"key":"Replay:Baseball"},{"floor":26,"key":"ReplayTheSpireMod:Shallot"},{"floor":26,"key":"hubris:SphereOfDissonance"},{"floor":26,"key":"MawBank"},{"floor":26,"key":"Replay:Rubber Ducky"},{"floor":30,"key":"hermit:RyeStalk"},{"floor":30,"key":"StrikeDummy"},{"floor":40,"key":"Anchor"},{"floor":40,"key":"ReplayTheSpireMod:Lightbulb"},{"floor":42,"key":"hubris:GlazedTorus"},{"floor":42,"key":"Mirror"},{"floor":43,"key":"Prayer Wheel"},{"floor":43,"key":"Ginger"},{"floor":43,"key":"trackpad:SappingStone"},{"floor":43,"key":"Oddly Smooth Stone"},{"floor":49,"key":"halation:WeightlessCrab"},{"floor":54,"key":"trackpad:WondrousWand"},{"floor":54,"key":"Torii"}],"event_choices":[{"damage_healed":0,"gold_gain":0,"player_choice":"Simplicity","damage_taken":0,"max_hp_gain":0,"max_hp_loss":8,"event_name":"betterThird:BetterWriting","floor":0,"gold_loss":0},{"damage_healed":0,"gold_gain":0,"player_choice":"Upgraded","damage_taken":0,"max_hp_gain":0,"max_hp_loss":0,"event_name":"Upgrade Shrine","floor":0,"gold_loss":0,"cards_upgraded":["hermit:Snapshot"]},{"damage_healed":0,"gold_gain":0,"player_choice":"Upgraded","damage_taken":0,"max_hp_gain":0,"max_hp_loss":0,"event_name":"Upgrade Shrine","floor":0,"gold_loss":0,"cards_upgraded":["hermit:Covet"]},{"damage_healed":0,"gold_gain":0,"player_choice":"Upgraded","damage_taken":0,"max_hp_gain":0,"max_hp_loss":0,"event_name":"Upgrade Shrine","floor":0,"gold_loss":0,"cards_upgraded":["hermit:DeadOrAlive"]},{"damage_healed":0,"gold_gain":0,"player_choice":"Invest 1","damage_taken":0,"max_hp_gain":0,"max_hp_loss":0,"event_name":"conspire:Investor","floor":10,"gold_loss":0},{"damage_healed":0,"gold_gain":0,"player_choice":"Relic ","damage_taken":7,"max_hp_gain":0,"max_hp_loss":0,"event_name":"betterThird:BetterScrap","floor":12,"gold_loss":0,"cards_obtained":["Burning Pact"]},{"damage_healed":0,"gold_gain":0,"player_choice":"Poke through","damage_taken":3,"max_hp_gain":0,"max_hp_loss":0,"event_name":"Elementarium:GreatTreasure","floor":21,"gold_loss":0},{"damage_healed":0,"gold_gain":0,"player_choice":"Graft","damage_taken":0,"max_hp_gain":8,"max_hp_loss":0,"event_name":"Elementarium:SculptureGarden","floor":27,"gold_loss":0}],"is_beta":false,"boss_relics":[{"not_picked":["Ectoplasm","Busted Crown"],"picked":"vexMod:ImprovementManual"},{"not_picked":["vexMod:EndlessSickness","conspire:RunicOctahedron"],"picked":"hermit:ClaspedLocket"}],"items_purged_floors":[53],"is_endless":false,"potions_floor_spawned":[3,4,5,16,22,29,33,46,47,48],"ascension_level":1}}