{"host":"56qj8mvhgmcu65ix","time":1608195941,"event":{"mods":["AchievementEnabler","BaseMod","Better Vampires","Colored Map","Colored Powertips","DeckTracker","Highlight Path","Minty Spire (QoL Compilation)","Permanent Neow","Quick Restart","Rare Cards Sparkle","Relic Stats","StSLib","everything is the same but u backflip on backflip","slay the spire mod where everything is the same but ironclad has a cowboy hat"],"gold_per_floor":[116,191,191,206,226,226,240,240,240,240,273,290,290,305,305,410,410,420,137,187,206,216,216,248,248,248,248,267,293,13,13,13,108,108,125,125,125,38,53,53,88,16,41,41,51,51,0,0,0,0,0],"floor_reached":50,"playtime":2154,"items_purged":["Strike_G","Strike_G"],"score":633,"play_id":"44bcb851-b156-4b01-9003-35575e7b9fbf","local_time":"20201217030541","is_ascension_mode":true,"campfire_choices":[{"data":"After Image","floor":6.0,"key":"SMITH"},{"data":"Noxious Fumes","floor":8.0,"key":"SMITH"},{"data":"Sucker Punch","floor":10.0,"key":"SMITH"},{"data":"Neutralize","floor":13.0,"key":"SMITH"},{"data":"Caltrops","floor":15.0,"key":"SMITH"},{"floor":23.0,"key":"REST"},{"floor":25.0,"key":"REST"},{"floor":27.0,"key":"REST"},{"data":"Phantasmal Killer","floor":32.0,"key":"SMITH"},{"data":"Night Terror","floor":40.0,"key":"SMITH"},{"floor":44.0,"key":"REST"},{"floor":46.0,"key":"REST"},{"floor":49.0,"key":"REST"}],"circlet_count":0,"master_deck":["Strike_G","Strike_G","Defend_G","Defend_G","Neutralize+1","Escape Plan","Heel Hook","Sucker Punch+1","After Image+1","Noxious Fumes+1","Unload","Caltrops+1","Dodge and Roll","Adrenaline+1","Dodge and Roll+1","Predator","Dagger Spray+1","Acrobatics+1","Blur","Night Terror+1","Dash","Caltrops","Bandage Up","Phantasmal Killer+1","Envenom","Venomology","PiercingWail+1","Adrenaline","Adrenaline","Deadly Poison","Quick Slash+1"],"relics":["Ring of the Snake","Anchor","Sundial","Philosopher\u0027s Stone","Membership Card","Letter Opener","CaptainsWheel","White Beast Statue","Ancient Tea Set","Velvet Choker","Vajra","War Paint","Bag of Preparation","Red Mask"],"acts_visited":["Exordium","TheCity","TheBeyond"],"potions_floor_usage":[50,50,50,50],"damage_taken":[{"damage":1.0,"enemies":"Small Slimes","floor":1.0,"turns":3.0},{"damage":4.0,"enemies":"Jaw Worm","floor":4.0,"turns":4.0},{"damage":0.0,"enemies":"Cultist","floor":5.0,"turns":3.0},{"damage":2.0,"enemies":"Exordium Wildlife","floor":7.0,"turns":3.0},{"damage":14.0,"enemies":"Lagavulin","floor":11.0,"turns":6.0},{"damage":6.0,"enemies":"Lots of Slimes","floor":12.0,"turns":3.0},{"damage":0.0,"enemies":"Large Slime","floor":14.0,"turns":5.0},{"damage":16.0,"enemies":"The Guardian","floor":16.0,"turns":10.0},{"damage":15.0,"enemies":"3 Byrds","floor":18.0,"turns":3.0},{"damage":6.0,"enemies":"Spheric Guardian","floor":21.0,"turns":4.0},{"damage":10.0,"enemies":"Shelled Parasite and Fungi","floor":22.0,"turns":4.0},{"damage":45.0,"enemies":"Book of Stabbing","floor":24.0,"turns":5.0},{"damage":0.0,"enemies":"Snake Plant","floor":28.0,"turns":4.0},{"damage":15.0,"enemies":"Slavers","floor":29.0,"turns":6.0},{"damage":24.0,"enemies":"Champ","floor":33.0,"turns":10.0},{"damage":6.0,"enemies":"Orb Walker","floor":35.0,"turns":4.0},{"damage":13.0,"enemies":"3 Darklings","floor":39.0,"turns":5.0},{"damage":51.0,"enemies":"Giant Head","floor":41.0,"turns":9.0},{"damage":2.0,"enemies":"4 Shapes","floor":45.0,"turns":5.0},{"damage":73,"enemies":"Time Eater","floor":50,"turns":11}],"seed_played":"-268049061456623579","potions_obtained":[{"floor":4.0,"key":"SpeedPotion"},{"floor":11.0,"key":"Ancient Potion"},{"floor":21.0,"key":"Poison Potion"},{"floor":28.0,"key":"BlessingOfTheForge"},{"floor":33.0,"key":"DuplicationPotion"},{"floor":35.0,"key":"PowerPotion"},{"floor":39.0,"key":"Energy Potion"},{"floor":41.0,"key":"FearPotion"},{"floor":45.0,"key":"AttackPotion"}],"is_trial":false,"path_per_floor":["M","?","?","M","M","R","M","R","T","R","E","M","R","M","R","B",null,"M","$","?","M","M","R","E","R","T","R","M","E","$","?","R","B",null,"M","?","?","$","M","R","E","$","T","R","M","R","?","$","R","B"],"character_chosen":"THE_SILENT","items_purchased":["Membership Card","AttackPotion","Predator","Explosive Potion","Ancient Tea Set","Dash","Caltrops","Regen Potion","Bandage Up","Adrenaline","Deadly Poison","War Paint"],"campfire_rested":6,"item_purchase_floors":[19,19,19,19,30,30,30,30,30,38,38,42],"current_hp_per_floor":[69,58,58,54,54,54,52,52,52,52,38,32,32,32,32,16,57,42,42,42,36,26,47,2,23,23,44,44,29,29,29,29,9,55,62,62,62,62,61,61,14,14,14,35,37,58,58,58,70,0,0],"gold":0,"neow_bonus":"TRANSFORM_CARD","is_daily":false,"chose_seed":false,"campfire_upgraded":7,"win_rate":0.0,"timestamp":1608195941,"path_taken":["M","?","?","?","M","R","M","R","T","R","E","M","R","M","R","BOSS","M","$","?","?","M","R","E","R","T","R","M","E","$","?","R","BOSS","M","?","?","$","?","R","E","$","T","R","M","R","?","?","R","BOSS"],"items_purchased_type":["Relic","Potion","Card","Potion","Relic","Card","Card","Potion","Card","Card","Card","Relic"],"build_version":"2020-12-13","purchased_purges":2,"victory":false,"max_hp_per_floor":[70,70,70,70,70,70,70,70,70,70,70,70,70,70,70,70,70,70,70,70,70,70,70,70,70,70,70,70,70,70,70,70,70,70,70,70,70,70,70,70,70,70,70,70,70,70,70,70,70,70,70],"relic_stats":{"counters":[20,107],"Sundial":[12],"Bag of Preparation":[4],"Letter Opener":[163],"War Paint":["Adrenaline","PiercingWail"],"obtain_stats":[{"Velvet Choker":34,"Vajra":41,"Bag of Preparation":43,"Letter Opener":24,"War Paint":42,"Ancient Tea Set":30,"White Beast Statue":29,"Anchor":9,"CaptainsWheel":26,"Sundial":11,"Philosopher\u0027s Stone":17,"Red Mask":47,"Membership Card":19,"Ring of the Snake":0},{"Velvet Choker":15,"Vajra":18,"Bag of Preparation":18,"Letter Opener":12,"War Paint":18,"Ancient Tea Set":14,"White Beast Statue":14,"Anchor":4,"CaptainsWheel":12,"Sundial":5,"Philosopher\u0027s Stone":8,"Red Mask":19,"Membership Card":9,"Ring of the Snake":0},{"Velvet Choker":73,"Vajra":91,"Bag of Preparation":91,"Letter Opener":53,"War Paint":91,"Ancient Tea Set":63,"White Beast Statue":63,"Anchor":13,"CaptainsWheel":53,"Sundial":19,"Philosopher\u0027s Stone":37,"Red Mask":96,"Membership Card":40,"Ring of the Snake":0}],"Ring of the Snake":[40]},"card_choices":[{"not_picked":["Prepared","Flechettes"],"picked":"Heel Hook","floor":1.0},{"not_picked":["Backflip","Bane"],"picked":"Sucker Punch","floor":4.0},{"not_picked":["Catalyst","Prepared"],"picked":"After Image","floor":5.0},{"not_picked":["Tactician","Outmaneuver"],"picked":"Noxious Fumes","floor":7.0},{"not_picked":["Backflip","Catalyst"],"picked":"Unload","floor":11.0},{"not_picked":["Blade Dance","Prepared"],"picked":"Caltrops","floor":12.0},{"not_picked":["Dodge and Roll","Deflect","Outmaneuver"],"picked":"SKIP","floor":14.0},{"not_picked":["Deflect","Outmaneuver"],"picked":"Dodge and Roll","floor":14.0},{"not_picked":["A Thousand Cuts","Die Die Die"],"picked":"Adrenaline","floor":16.0},{"not_picked":["Concentrate","Backflip"],"picked":"Dodge and Roll+1","floor":18.0},{"not_picked":["Deflect","Expertise"],"picked":"Dagger Spray+1","floor":21.0},{"not_picked":["Finisher","Eviscerate","Backflip"],"picked":"SKIP","floor":22.0},{"not_picked":["Blade Dance","Cloak And Dagger"],"picked":"Acrobatics+1","floor":24.0},{"not_picked":["Flying Knee","Masterful Stab"],"picked":"Blur","floor":28.0},{"not_picked":["Dagger Spray","Quick Slash+1"],"picked":"Night Terror","floor":29.0},{"not_picked":["Burst","Envenom"],"picked":"Venomology","floor":33.0},{"not_picked":["Masterful Stab","Endless Agony"],"picked":"PiercingWail","floor":35.0},{"not_picked":["Deflect+1","Slice+1","Masterful Stab+1"],"picked":"SKIP","floor":39.0},{"not_picked":["Cloak And Dagger","Setup","Flying Knee"],"picked":"SKIP","floor":41.0},{"not_picked":["Acrobatics","Caltrops"],"picked":"Quick Slash+1","floor":45.0}],"player_experience":304180,"relics_obtained":[{"floor":9.0,"key":"Anchor"},{"floor":11.0,"key":"Sundial"},{"floor":24.0,"key":"Letter Opener"},{"floor":26.0,"key":"CaptainsWheel"},{"floor":29.0,"key":"White Beast Statue"},{"floor":41.0,"key":"Vajra"},{"floor":43.0,"key":"Bag of Preparation"}],"event_choices":[{"damage_healed":0.0,"max_hp_gain":0.0,"max_hp_loss":0.0,"gold_gain":75.0,"event_name":"World of Goop","player_choice":"Gather Gold","floor":2.0,"gold_loss":0.0,"damage_taken":11.0},{"cards_removed":["Defend_G"],"damage_healed":0.0,"max_hp_gain":0.0,"max_hp_loss":0.0,"gold_gain":0.0,"event_name":"Wheel of Change","player_choice":"Card Removal","floor":3.0,"gold_loss":0.0,"damage_taken":0.0},{"damage_healed":0.0,"max_hp_gain":0.0,"max_hp_loss":0.0,"gold_gain":100.0,"event_name":"The Joust","player_choice":"Bet on Murderer","floor":20.0,"gold_loss":50.0,"damage_taken":0.0},{"damage_healed":0.0,"max_hp_gain":0.0,"max_hp_loss":0.0,"gold_gain":0.0,"cards_transformed":["Defend_G","Strike_G"],"event_name":"Drug Dealer","player_choice":"Became Test Subject","floor":31.0,"gold_loss":0.0,"damage_taken":0.0,"cards_obtained":["Phantasmal Killer","Envenom"]},{"cards_removed":["Survivor"],"damage_healed":0.0,"max_hp_gain":0.0,"max_hp_loss":0.0,"gold_gain":0.0,"event_name":"Falling","player_choice":"Removed Skill","floor":36.0,"gold_loss":0.0,"damage_taken":0.0},{"damage_healed":0.0,"max_hp_gain":0.0,"max_hp_loss":0.0,"gold_gain":0.0,"event_name":"Duplicator","player_choice":"Copied","floor":37.0,"gold_loss":0.0,"damage_taken":0.0,"cards_obtained":["Adrenaline"]},{"damage_healed":0.0,"max_hp_gain":0.0,"max_hp_loss":0.0,"gold_gain":0.0,"event_name":"Tomb of Lord Red Mask","player_choice":"Paid","floor":47.0,"gold_loss":51.0,"damage_taken":0.0,"relics_obtained":["Red Mask"]}],"is_beta":false,"boss_relics":[{"not_picked":["Cursed Key","Ectoplasm"],"picked":"Philosopher\u0027s Stone"},{"not_picked":["HoveringKite","Sozu"],"picked":"Velvet Choker"}],"items_purged_floors":[19,30],"is_endless":false,"potions_floor_spawned":[4,11,21,28,33,35,39,41,45],"killed_by":"Time Eater","ascension_level":5}}