{"host":"7gewg82ormp6yt4e","time":1608203544,"event":{"mods":["BaseMod","Block Reminder","Colored Map","Colored Powertips","DeckTracker","Highlight Path","Minty Spire (QoL Compilation)","Relic Stats","StSLib"],"gold_per_floor":[111,121,121,139,151,178,178,194,242,14,89,89,101,131,131,208,208,223,223,223,44,63,63,63],"floor_reached":23,"playtime":1382,"items_purged":[],"score":402,"play_id":"d2e8fec5-e48f-421b-8bb9-eff2566109b3","local_time":"20201217201224","is_ascension_mode":true,"campfire_choices":[{"floor":7,"key":"REST"},{"floor":12,"key":"REST"},{"floor":15,"key":"REST"}],"circlet_count":0,"master_deck":["AscendersBane","Survivor","Neutralize","Adrenaline","Flying Knee","Endless Agony","Storm of Steel","Blade Dance","Footwork","Underhanded Strike","Deadly Poison","Noxious Fumes","Phantasmal Killer+1","Bullet Time+1","Noxious Fumes","Accuracy","Envenom","Dodge and Roll+1","Bane","Flying Knee","Distraction+1","Dash","Cloak And Dagger+1","Distraction+1","Enlightenment+1","Footwork"],"relics":["Ring of the Snake","The Specimen","PreservedInsect","Happy Flower","Toxic Egg 2","Pandora\u0027s Box"],"acts_visited":["Exordium","TheCity"],"potions_floor_usage":[5,6,14,14,16],"damage_taken":[{"damage":0,"enemies":"2 Louse","floor":1,"turns":4},{"damage":0,"enemies":"Jaw Worm","floor":2,"turns":7},{"damage":0,"enemies":"Small Slimes","floor":4,"turns":3},{"damage":19,"enemies":"Exordium Thugs","floor":5,"turns":7},{"damage":27,"enemies":"3 Sentries","floor":6,"turns":8},{"damage":0,"enemies":"2 Fungi Beasts","floor":8,"turns":3},{"damage":3,"enemies":"Looter","floor":13,"turns":3},{"damage":5,"enemies":"Lagavulin","floor":14,"turns":5},{"damage":25,"enemies":"The Guardian","floor":16,"turns":10},{"damage":27,"enemies":"Chosen","floor":18,"turns":7},{"damage":0,"enemies":"3 Byrds","floor":22,"turns":4},{"damage":31,"enemies":"Book of Stabbing","floor":23,"turns":4}],"seed_played":"-7955663076445216619","potions_obtained":[{"floor":1,"key":"SpeedPotion"},{"floor":4,"key":"CultistPotion"},{"floor":5,"key":"Weak Potion"},{"floor":6,"key":"SneckoOil"},{"floor":13,"key":"SteroidPotion"},{"floor":14,"key":"GhostInAJar"}],"is_trial":false,"path_per_floor":["M","M","?","M","M","E","R","M","T","$","?","R","M","E","R","B",null,"M","?","?","$","M","E"],"character_chosen":"THE_SILENT","items_purchased":["Deadly Poison","Happy Flower","Enlightenment+1","Footwork"],"campfire_rested":3,"item_purchase_floors":[10,10,21,21],"current_hp_per_floor":[59,59,52,52,33,6,25,25,25,25,14,33,30,25,44,19,54,27,27,27,27,27,0,0],"gold":63,"neow_bonus":"ONE_RANDOM_RARE_CARD","is_daily":false,"chose_seed":false,"campfire_upgraded":0,"win_rate":0.0,"timestamp":1608203544,"path_taken":["M","M","?","M","M","E","R","M","T","$","?","R","M","E","R","BOSS","M","?","?","$","M","E"],"items_purchased_type":["Card","Relic","Card","Card"],"build_version":"2020-12-13","purchased_purges":0,"victory":false,"max_hp_per_floor":[66,66,66,66,66,66,66,66,66,66,66,66,66,66,66,66,66,66,66,66,66,66,66,66],"relic_stats":{"Happy Flower":[11],"counters":[12,65],"Pandora\u0027s Box":["Noxious Fumes","Accuracy","Envenom","Envenom","Dodge and Roll","Bane","Flying Knee","Distraction","Dash"],"PreservedInsect":71,"obtain_stats":[{"The Specimen":6,"Happy Flower":10,"Pandora\u0027s Box":17,"PreservedInsect":9,"Toxic Egg 2":14,"Ring of the Snake":0},{"The Specimen":5,"Happy Flower":6,"Pandora\u0027s Box":9,"PreservedInsect":6,"Toxic Egg 2":8,"Ring of the Snake":0},{"The Specimen":29,"Happy Flower":32,"Pandora\u0027s Box":50,"PreservedInsect":32,"Toxic Egg 2":40,"Ring of the Snake":0}],"Ring of the Snake":[24]},"card_choices":[{"not_picked":["Skewer","Outmaneuver"],"picked":"Flying Knee","floor":1},{"not_picked":["Acrobatics","Quick Slash"],"picked":"Endless Agony","floor":2},{"not_picked":["Setup","Dodge and Roll"],"picked":"Storm of Steel","floor":4},{"not_picked":["Prepared","PiercingWail"],"picked":"Blade Dance","floor":5},{"not_picked":["Expertise","PiercingWail"],"picked":"Footwork","floor":6},{"not_picked":["Cloak And Dagger","Blade Dance"],"picked":"Underhanded Strike","floor":8},{"not_picked":["Underhanded Strike","Expertise"],"picked":"Noxious Fumes","floor":13},{"not_picked":["PiercingWail+1","Skewer"],"picked":"Phantasmal Killer+1","floor":14},{"not_picked":["Die Die Die","Wraith Form v2"],"picked":"Bullet Time+1","floor":16},{"not_picked":["Sucker Punch","Concentrate+1"],"picked":"Cloak And Dagger+1","floor":18},{"not_picked":["Backstab","Slice","All Out Attack"],"picked":"SKIP","floor":22}],"player_experience":2380885,"relics_obtained":[{"floor":6,"key":"The Specimen"},{"floor":9,"key":"PreservedInsect"},{"floor":14,"key":"Toxic Egg 2"}],"event_choices":[{"cards_removed":["Strike_G"],"damage_healed":0,"gold_gain":0,"player_choice":"Card Removal","damage_taken":7,"max_hp_gain":0,"max_hp_loss":0,"event_name":"Golden Wing","floor":3,"gold_loss":0},{"damage_healed":0,"gold_gain":75,"player_choice":"Gather Gold","damage_taken":11,"max_hp_gain":0,"max_hp_loss":0,"event_name":"World of Goop","floor":11,"gold_loss":0},{"damage_healed":0,"gold_gain":0,"player_choice":"Ignored","damage_taken":0,"max_hp_gain":0,"max_hp_loss":0,"event_name":"Vampires","floor":19,"gold_loss":0},{"damage_healed":0,"gold_gain":0,"cards_transformed":["Envenom"],"player_choice":"Transformed","damage_taken":0,"max_hp_gain":0,"max_hp_loss":0,"event_name":"Transmorgrifier","floor":20,"gold_loss":0,"cards_obtained":["Distraction"]}],"is_beta":false,"boss_relics":[{"not_picked":["Ring of the Serpent","Tiny House"],"picked":"Pandora\u0027s Box"}],"items_purged_floors":[],"is_endless":false,"potions_floor_spawned":[1,4,5,6,13,14],"killed_by":"Book of Stabbing","ascension_level":20}}