{"host":"3t6uby4o5waaq95r","time":1608177110,"event":{"mods":["AchievementEnabler","BaseMod","Bestiary","Colored Map","Highlight Path","Minty Spire (QoL Compilation)","Permanent Neow","Quick Restart","Random Character Button","SuperFastMode"],"gold_per_floor":[12,28,48,48,48,48,48,68,68,68,82,100,116,129,129,233,233,252,252,264,51,51,51,70,86,134,134,134,34,34,46,46,143,143,154,29,48,61,61,61,61,75,153,164,176,195,241,258,258,258],"floor_reached":51,"playtime":1535,"items_purged":["Defend_B","Strike_B","Strike_B"],"score":695,"play_id":"5a573f8d-fd0a-45bc-840e-ba7983fcc6f1","local_time":"20201216215150","is_ascension_mode":false,"campfire_choices":[{"data":"Hologram","floor":6,"key":"SMITH"},{"data":"Sweeping Beam","floor":10,"key":"SMITH"},{"floor":15,"key":"REST"},{"data":"Fission","floor":23,"key":"SMITH"},{"floor":30,"key":"REST"},{"floor":32,"key":"REST"},{"data":"White Noise","floor":41,"key":"SMITH"},{"floor":49,"key":"REST"}],"circlet_count":0,"master_deck":["Defend_B+1","Zap+1","Dualcast","All For One","Hologram+1","Defragment","Sweeping Beam+1","Genetic Algorithm","Thunder Strike","Gash","Fission+1","Electrodynamics","Redo+1","All For One","Gash","White Noise+1","All For One","Biased Cognition","CurseOfTheBell","Tempest+1","Gash+1","Sweeping Beam+1","Gash+1","Chill+1","Steam+1","Gash","Beam Cell","Redo+1","Gash"],"relics":["Cracked Core","War Paint","Odd Mushroom","Question Card","Inserter","DataDisk","Torii","Calling Bell","Akabeko","Meat on the Bone","Pocketwatch","Gremlin Horn","Prayer Wheel"],"acts_visited":["Exordium","TheCity","TheBeyond"],"potions_floor_usage":[16,25,45,45,47,47,50],"damage_taken":[{"damage":1,"enemies":"2 Louse","floor":1,"turns":2},{"damage":6,"enemies":"Jaw Worm","floor":2,"turns":3},{"damage":0,"enemies":"Small Slimes","floor":3,"turns":3},{"damage":25,"enemies":"The Mushroom Lair","floor":8,"turns":4},{"damage":1,"enemies":"Exordium Wildlife","floor":11,"turns":3},{"damage":1,"enemies":"Looter","floor":12,"turns":3},{"damage":5,"enemies":"Red Slaver","floor":13,"turns":4},{"damage":12,"enemies":"Blue Slaver","floor":14,"turns":4},{"damage":25,"enemies":"The Guardian","floor":16,"turns":7},{"damage":14,"enemies":"Shell Parasite","floor":18,"turns":5},{"damage":14,"enemies":"Spheric Guardian","floor":20,"turns":4},{"damage":21,"enemies":"Snake Plant","floor":24,"turns":2},{"damage":16,"enemies":"Centurion and Healer","floor":25,"turns":2},{"damage":1,"enemies":"Snecko","floor":31,"turns":3},{"damage":2,"enemies":"Automaton","floor":33,"turns":6},{"damage":29,"enemies":"3 Darklings","floor":35,"turns":3},{"damage":10,"enemies":"Orb Walker","floor":37,"turns":2},{"damage":32,"enemies":"Spire Growth","floor":38,"turns":3},{"damage":21,"enemies":"Maw","floor":42,"turns":5},{"damage":29,"enemies":"Sphere and 2 Shapes","floor":44,"turns":4},{"damage":15,"enemies":"Writhing Mass","floor":45,"turns":3},{"damage":21,"enemies":"Spire Growth","floor":46,"turns":3},{"damage":2,"enemies":"2 Orb Walkers","floor":47,"turns":3},{"damage":0,"enemies":"Sphere and 2 Shapes","floor":48,"turns":3},{"damage":41,"enemies":"Time Eater","floor":50,"turns":7}],"seed_played":"-8328777433448314527","potions_obtained":[{"floor":1,"key":"SteroidPotion"},{"floor":11,"key":"PowerPotion"},{"floor":14,"key":"EssenceOfSteel"},{"floor":16,"key":"Fire Potion"},{"floor":35,"key":"AttackPotion"},{"floor":45,"key":"LiquidMemories"},{"floor":46,"key":"Block Potion"},{"floor":47,"key":"Dexterity Potion"}],"is_trial":false,"path_per_floor":["M","M","M","?","?","R","$","?","T","R","M","M","M","M","R","B",null,"M","?","M","$","?","R","M","M","T","?","?","$","R","M","R","B",null,"M","$","M","M","?","?","R","M","T","M","M","M","?","M","R","B",null],"character_chosen":"DEFECT","items_purchased":["All For One"],"campfire_rested":4,"item_purchase_floors":[21],"current_hp_per_floor":[74,68,68,61,54,54,54,29,29,29,28,27,22,10,32,7,75,61,61,47,47,47,47,26,10,10,10,10,10,32,31,53,51,75,46,46,48,28,66,66,66,45,45,28,25,16,26,38,57,28],"gold":258,"neow_bonus":"TRANSFORM_TWO_CARDS","is_daily":false,"chose_seed":false,"campfire_upgraded":4,"win_rate":0.0,"timestamp":1608177110,"path_taken":["M","M","M","?","?","R","$","?","T","R","M","M","?","M","R","BOSS","M","?","?","$","?","R","?","M","T","?","?","$","R","?","R","BOSS","M","$","M","M","?","?","R","?","T","M","M","M","?","M","R","BOSS"],"items_purchased_type":["Card"],"build_version":"2020-12-13","purchased_purges":3,"victory":true,"max_hp_per_floor":[75,75,75,75,75,75,75,75,75,75,75,75,75,75,75,75,75,75,75,75,75,75,75,75,75,75,75,75,75,75,75,75,75,75,75,75,75,75,66,66,66,66,66,66,66,66,66,66,66,66],"card_choices":[{"not_picked":["Chaos","Compile Driver"],"picked":"Defragment","floor":1},{"not_picked":["Steam Power","Steam"],"picked":"Sweeping Beam","floor":3},{"not_picked":["Lockon","Aggregate"],"picked":"Conserve Battery","floor":8},{"not_picked":["Undo","Streamline","Redo"],"picked":"Genetic Algorithm","floor":11},{"not_picked":["Streamline","Steam","Leap"],"picked":"Thunder Strike","floor":12},{"not_picked":["Cold Snap","Beam Cell","Tempest"],"picked":"Gash","floor":13},{"not_picked":["Genetic Algorithm","Hologram","Streamline"],"picked":"Fission","floor":14},{"not_picked":["Meteor Strike","Fission","Thunder Strike"],"picked":"Electrodynamics","floor":16},{"not_picked":["Blizzard+1","Compile Driver+1","Melter"],"picked":"Redo","floor":18},{"not_picked":["Genetic Algorithm","Rebound","Self Repair"],"picked":"Ball Lightning","floor":20},{"not_picked":["Stack","Steam","Redo"],"picked":"Gash","floor":24},{"not_picked":["Melter","Hologram","Redo"],"picked":"White Noise","floor":25},{"not_picked":["Sunder","Double Energy+1","Conserve Battery+1"],"picked":"All For One","floor":31},{"not_picked":["Rainbow","Electrodynamics","Amplify"],"picked":"Biased Cognition","floor":33},{"not_picked":["Turbo","Cold Snap","Blizzard"],"picked":"Tempest+1","floor":35},{"not_picked":["Hologram+1","Barrage+1","Go for the Eyes"],"picked":"Gash+1","floor":37},{"not_picked":["Ball Lightning+1","Conserve Battery+1","Coolheaded"],"picked":"Sweeping Beam+1","floor":38},{"not_picked":["Glacier","Compile Driver","Machine Learning"],"picked":"Gash+1","floor":42},{"not_picked":["Compile Driver","Streamline","Redo"],"picked":"Chill+1","floor":44},{"not_picked":["Sunder","Chaos","Static Discharge+1"],"picked":"Steam+1","floor":45},{"not_picked":["Sweeping Beam+1","Steam","Fusion"],"picked":"Gash","floor":46},{"not_picked":["Capacitor","Conserve Battery","Doom and Gloom+1"],"picked":"Beam Cell","floor":47},{"not_picked":["Streamline","Coolheaded","Chill+1"],"picked":"Redo+1","floor":48},{"not_picked":["Hello World","Consume","Barrage+1"],"picked":"Gash","floor":48}],"player_experience":767364,"relics_obtained":[{"floor":8,"key":"Odd Mushroom"},{"floor":9,"key":"Question Card"},{"floor":26,"key":"DataDisk"},{"floor":34,"key":"Akabeko"},{"floor":34,"key":"Meat on the Bone"},{"floor":34,"key":"Pocketwatch"},{"floor":43,"key":"Gremlin Horn"},{"floor":47,"key":"Prayer Wheel"}],"event_choices":[{"cards_removed":["Defend_B"],"damage_healed":0,"gold_gain":0,"player_choice":"Card Removal","damage_taken":7,"max_hp_gain":0,"max_hp_loss":0,"event_name":"Golden Wing","floor":4,"gold_loss":0},{"damage_healed":0,"gold_gain":0,"player_choice":"Success","damage_taken":7,"relics_obtained":["War Paint"],"max_hp_gain":0,"max_hp_loss":0,"event_name":"Scrap Ooze","floor":5,"gold_loss":0},{"damage_healed":0,"gold_gain":0,"player_choice":"Fought Mushrooms","damage_taken":0,"max_hp_gain":0,"max_hp_loss":0,"event_name":"Mushrooms","floor":8,"gold_loss":0},{"damage_healed":0,"gold_gain":0,"player_choice":"Forge","damage_taken":0,"max_hp_gain":0,"max_hp_loss":0,"event_name":"Accursed Blacksmith","floor":19,"gold_loss":0,"cards_upgraded":["Redo"]},{"cards_removed":["Strike_B"],"damage_healed":0,"gold_gain":0,"player_choice":"Offered Basic","damage_taken":0,"max_hp_gain":0,"max_hp_loss":0,"event_name":"Bonfire Elementals","floor":22,"gold_loss":0},{"damage_healed":0,"gold_gain":0,"player_choice":"Ignored","damage_taken":0,"max_hp_gain":0,"max_hp_loss":0,"event_name":"Vampires","floor":27,"gold_loss":0},{"cards_removed":["Ball Lightning"],"damage_healed":0,"gold_gain":0,"player_choice":"Gave Card","damage_taken":0,"relics_obtained":["Torii"],"max_hp_gain":0,"max_hp_loss":0,"event_name":"WeMeetAgain","floor":28,"gold_loss":0},{"damage_healed":66,"gold_gain":0,"player_choice":"Heal","damage_taken":0,"max_hp_gain":0,"max_hp_loss":9,"event_name":"The Moai Head","floor":39,"gold_loss":0},{"cards_removed":["Conserve Battery"],"damage_healed":0,"gold_gain":0,"player_choice":"Purged","damage_taken":0,"max_hp_gain":0,"max_hp_loss":0,"event_name":"Purifier","floor":40,"gold_loss":0},{"damage_healed":0,"gold_gain":0,"player_choice":"Fight","damage_taken":0,"max_hp_gain":0,"max_hp_loss":0,"event_name":"Mysterious Sphere","floor":47,"gold_loss":0}],"is_beta":false,"boss_relics":[{"not_picked":["Runic Dome","Black Star"],"picked":"Inserter"},{"not_picked":["Busted Crown","Snecko Eye"],"picked":"Calling Bell"}],"items_purged_floors":[21,29,36],"is_endless":false,"potions_floor_spawned":[1,11,14,16,20,24,35,44,45,46,47],"ascension_level":0}}