{"host":"n529wyrjhujcvty3","time":1608218762,"event":{"mods":["2.2 Compatiblity","Act Like it!","BaseMod","Better Third Choice","Lobotomy","Marisa¡]Ãú«B¡@Å]²z¨F¡^","Minty Spire (QoL Compilation)","Shop Mod","StSLib","Td1madao Mod","The Runesmith"],"gold_per_floor":[112,287,287,300,114,114,114,114,168,181,206,206,225,245,245,348,348,368,157,157,432,254,254,254,273,273,289,62,62,62,62,62,62,62],"floor_reached":33,"playtime":1751,"items_purged":["Defend_R","Pain","Regret","Strike_R"],"score":301,"play_id":"75c143bb-1053-4313-b48f-92c235de6da2","local_time":"20201217232602","is_ascension_mode":true,"campfire_choices":[{"data":"Sword Boomerang","floor":6.0,"key":"SMITH"},{"data":"Wild Strike","floor":8.0,"key":"SMITH"},{"data":"Limit Break","floor":12.0,"key":"SMITH"},{"data":"Flex","floor":15.0,"key":"SMITH"},{"data":"Double Tap","floor":24.0,"key":"SMITH"},{"data":"Limit Break","floor":29.0,"key":"SMITH"},{"data":"Inflame","floor":32.0,"key":"SMITH"}],"circlet_count":0,"master_deck":["Strike_R","Strike_R","Defend_R","Defend_R","Defend_R","Bash","Wild Strike+1","Sword Boomerang+1","Headbutt","Limit Break+1","Flex+1","Double Tap+1","Pummel","Inflame+1","Evolve","Limit Break+1","Sword Boomerang","Fiend Fire","Armaments+1","Dropkick+1","Warcry+1","Swift Strike","Feed"],"relics":["Burning Blood","Membership Card","Runesmith:AutoHammer","Juzu Bracelet","Coffee Dripper","Singing Bowl","Orrery","Nloth\u0027s Gift","Kunai","Nunchaku","Medical Kit","The Courier"],"acts_visited":["Exordium","TheCity"],"potions_floor_usage":[],"damage_taken":[{"damage":19.0,"enemies":"Jaw Worm","floor":1.0,"turns":5.0},{"damage":2.0,"enemies":"2 Louse","floor":4.0,"turns":2.0},{"damage":9.0,"enemies":"Cultist","floor":10.0,"turns":3.0},{"damage":20.0,"enemies":"Lagavulin","floor":11.0,"turns":6.0},{"damage":13.0,"enemies":"2 Fungi Beasts","floor":13.0,"turns":3.0},{"damage":23.0,"enemies":"Exordium Thugs","floor":14.0,"turns":3.0},{"damage":17.0,"enemies":"The Guardian","floor":16.0,"turns":6.0},{"damage":12.0,"enemies":"2 Thieves","floor":18.0,"turns":2.0},{"damage":7.0,"enemies":"Shell Parasite","floor":25.0,"turns":2.0},{"damage":27.0,"enemies":"Centurion and Healer","floor":27.0,"turns":6.0},{"damage":49,"enemies":"Champ","floor":33,"turns":3}],"seed_played":"-3273676194555816168","potions_obtained":[{"floor":1.0,"key":"Block Potion"},{"floor":10.0,"key":"EssenceOfSteel"},{"floor":11.0,"key":"GamblersBrew"},{"floor":27.0,"key":"DuplicationPotion"}],"is_trial":false,"path_per_floor":["M","?","?","M","$","R","?","R","T","M","E","R","M","M","R","B",null,"M","$","?","?","$","?","R","M","T","M","$","R","?","?","R","B"],"character_chosen":"IRONCLAD","items_purchased":["Membership Card","Pummel","Singing Bowl","Evolve","Orrery","Nunchaku","Medical Kit"],"campfire_rested":0,"item_purchase_floors":[5,19,19,22,22,28,28],"current_hp_per_floor":[59,59,59,63,63,63,63,63,63,60,46,46,39,22,22,11,57,51,51,51,51,53,53,53,52,52,31,31,31,31,31,31,0,0],"gold":62,"neow_bonus":"REMOVE_TWO","is_daily":false,"chose_seed":false,"campfire_upgraded":7,"win_rate":0.0,"timestamp":1608218762,"path_taken":["M","?","?","M","$","R","?","R","T","M","E","R","M","M","R","BOSS","M","$","?","?","$","?","R","M","T","M","?","R","?","?","R","BOSS"],"items_purchased_type":["Relic","Card","Relic","Card","Relic","Relic","Relic"],"build_version":"2020-12-13","purchased_purges":4,"victory":false,"max_hp_per_floor":[72,72,72,72,72,72,72,72,72,72,72,72,72,72,72,72,72,72,72,72,72,74,74,74,74,74,74,74,74,74,74,74,74,74],"card_choices":[{"not_picked":["Warcry","Cleave"],"picked":"Wild Strike","floor":1.0},{"not_picked":["Havoc","Disarm"],"picked":"Sword Boomerang","floor":4.0},{"not_picked":["Clash","Wild Strike"],"picked":"Headbutt","floor":10.0},{"not_picked":["Metallicize","Burning Pact"],"picked":"Limit Break","floor":11.0},{"not_picked":["Seeing Red","Dark Embrace"],"picked":"Flex","floor":13.0},{"not_picked":["Body Slam","Searing Blow","Blood for Blood"],"picked":"SKIP","floor":14.0},{"not_picked":["Berserk","Immolate"],"picked":"Double Tap","floor":16.0},{"not_picked":["Rage","Shockwave","Flex"],"picked":"SKIP","floor":18.0},{"not_picked":["Carnage+1","Clash"],"picked":"Limit Break","floor":22.0},{"not_picked":["Flex+1","Armaments"],"picked":"Sword Boomerang","floor":22.0},{"not_picked":["Warcry","Cleave"],"picked":"Fiend Fire","floor":22.0},{"not_picked":["Havoc","Flex","Anger"],"picked":"Singing Bowl","floor":22.0},{"not_picked":["Rage","Blood for Blood"],"picked":"Armaments+1","floor":22.0},{"not_picked":["Ghostly Armor","Pommel Strike+1"],"picked":"Dropkick+1","floor":25.0},{"not_picked":["Thunderclap","Sever Soul"],"picked":"Warcry+1","floor":27.0}],"player_experience":367087,"relics_obtained":[{"floor":9.0,"key":"Runesmith:AutoHammer"},{"floor":11.0,"key":"Juzu Bracelet"},{"floor":26.0,"key":"Kunai"}],"event_choices":[{"damage_healed":0.0,"max_hp_gain":0.0,"max_hp_loss":0.0,"gold_gain":175.0,"event_name":"betterThird:BetterSerpent","player_choice":"AGREE","floor":2.0,"gold_loss":0.0,"damage_taken":112.0},{"cards_removed":["Doubt"],"damage_healed":0.0,"max_hp_gain":0.0,"max_hp_loss":0.0,"gold_gain":0.0,"event_name":"Living Wall","player_choice":"Forget","floor":3.0,"gold_loss":0.0,"damage_taken":0.0},{"damage_healed":0.0,"max_hp_gain":0.0,"max_hp_loss":0.0,"gold_gain":0.0,"event_name":"Accursed Blacksmith","player_choice":"Rummage","floor":7.0,"gold_loss":0.0,"damage_taken":0.0,"relics_obtained":["WarpedTongs"],"cards_obtained":["Pain"]},{"damage_healed":0.0,"max_hp_gain":0.0,"max_hp_loss":0.0,"gold_gain":0.0,"event_name":"The Library","player_choice":"Read","floor":20.0,"gold_loss":0.0,"damage_taken":0.0,"cards_obtained":["Inflame"]},{"damage_healed":0.0,"max_hp_gain":0.0,"max_hp_loss":0.0,"gold_gain":275.0,"event_name":"Golden Shrine","player_choice":"Desecrate","floor":21.0,"gold_loss":0.0,"damage_taken":0.0,"cards_obtained":["Regret"]},{"damage_healed":0.0,"max_hp_gain":0.0,"max_hp_loss":0.0,"gold_gain":0.0,"event_name":"N\u0027loth","player_choice":"Traded Relic","floor":23.0,"relics_lost":["WarpedTongs"],"gold_loss":0.0,"damage_taken":0.0,"relics_obtained":["Nloth\u0027s Gift"]},{"damage_healed":0.0,"max_hp_gain":0.0,"max_hp_loss":0.0,"gold_gain":0.0,"event_name":"Match and Keep!","player_choice":"2 cards matched","floor":30.0,"gold_loss":0.0,"damage_taken":0.0,"cards_obtained":["Swift Strike","Feed"]},{"damage_healed":0.0,"max_hp_gain":0.0,"max_hp_loss":0.0,"gold_gain":0.0,"event_name":"The Mausoleum","player_choice":"Opened","floor":31.0,"gold_loss":0.0,"damage_taken":0.0,"relics_obtained":["The Courier"]}],"is_beta":false,"boss_relics":[{"not_picked":["Runic Dome","Runic Cube"],"picked":"Coffee Dripper"}],"items_purged_floors":[5,19,22,28],"is_endless":false,"potions_floor_spawned":[1,10,11,27],"killed_by":"Champ","ascension_level":5}}