{"host":"un97lkyah1pp4w16","time":1608233092,"event":{"mods":["BaseMod","Colored Map","Colored Powertips","Minty Spire (QoL Compilation)","StSLib","SuperFastMode"],"gold_per_floor":[109,109,109,128,144,144,160,160,160,15,15,35,49,80,80,177,177,192,204,224,224,224,258,258,258,281,281,20,40,57,69,69,69,69],"floor_reached":33,"playtime":1121,"items_purged":["Strike_G"],"score":294,"play_id":"135e58dd-8b67-4ba1-9257-d2351c443784","local_time":"20201218032452","is_ascension_mode":false,"campfire_choices":[{"data":"Deadly Poison","floor":6,"key":"SMITH"},{"floor":8,"key":"REST"},{"floor":15,"key":"REST"},{"floor":25,"key":"REST"},{"floor":27,"key":"REST"},{"floor":32,"key":"REST"}],"circlet_count":0,"master_deck":["Strike_G","Strike_G","Strike_G","Defend_G","Defend_G","Defend_G","Defend_G","Defend_G","Survivor","Neutralize","Quick Slash","Dagger Throw","Deadly Poison+1","Backflip","Bouncing Flask","Noxious Fumes","Deadly Poison","Crippling Poison","Adrenaline","CurseOfTheBell","Flying Knee","Flying Knee+1","Dash","Writhe","Catalyst","Dodge and Roll+1","Bouncing Flask+1","Poisoned Stab"],"relics":["Snecko Eye","Paper Crane","FaceOfCleric","Pear","Calling Bell","Blood Vial","Matryoshka","FossilizedHelix","Lizard Tail","Smiling Mask","Vajra","Frozen Egg 2","Omamori","Toxic Egg 2"],"acts_visited":["Exordium","TheCity"],"potions_floor_usage":[29,29,33,33],"damage_taken":[{"damage":0,"enemies":"2 Louse","floor":1,"turns":3},{"damage":6,"enemies":"Small Slimes","floor":4,"turns":4},{"damage":0,"enemies":"Cultist","floor":5,"turns":3},{"damage":7,"enemies":"2 Fungi Beasts","floor":7,"turns":3},{"damage":27,"enemies":"Lots of Slimes","floor":12,"turns":6},{"damage":2,"enemies":"Blue Slaver","floor":13,"turns":2},{"damage":18,"enemies":"Lagavulin","floor":14,"turns":6},{"damage":27,"enemies":"The Guardian","floor":16,"turns":7},{"damage":0,"enemies":"3 Byrds","floor":18,"turns":3},{"damage":12,"enemies":"Spheric Guardian","floor":19,"turns":4},{"damage":15,"enemies":"Snake Plant","floor":20,"turns":3},{"damage":47,"enemies":"Book of Stabbing","floor":23,"turns":7},{"damage":78,"enemies":"Cultist and Chosen","floor":29,"turns":7},{"damage":10,"enemies":"Centurion and Healer","floor":30,"turns":6},{"damage":0,"enemies":"Snecko","floor":31,"turns":4},{"damage":79,"enemies":"Automaton","floor":33,"turns":8}],"seed_played":"-6960653627985858101","potions_obtained":[{"floor":4,"key":"LiquidBronze"},{"floor":13,"key":"Regen Potion"},{"floor":16,"key":"SkillPotion"},{"floor":29,"key":"SteroidPotion"},{"floor":30,"key":"SkillPotion"}],"is_trial":false,"path_per_floor":["M","?","?","M","M","R","M","R","T","$","?","M","M","E","R","B",null,"M","M","M","?","T","E","?","R","T","R","$","M","M","M","R","B"],"character_chosen":"THE_SILENT","items_purchased":["Bouncing Flask","Toxic Egg 2"],"campfire_rested":5,"item_purchase_floors":[10,28],"current_hp_per_floor":[70,63,56,50,50,50,43,64,64,64,64,38,37,30,54,28,84,85,74,62,62,62,18,1,28,28,55,55,47,40,43,71,0,0],"gold":69,"neow_bonus":"BOSS_RELIC","is_daily":false,"chose_seed":false,"campfire_upgraded":1,"win_rate":0.0,"timestamp":1608233092,"path_taken":["M","?","?","?","M","R","M","R","T","$","?","?","M","E","R","BOSS","M","M","M","?","?","E","?","R","T","R","?","M","M","M","R","BOSS"],"items_purchased_type":["Card","Relic"],"build_version":"2020-12-13","purchased_purges":1,"victory":false,"max_hp_per_floor":[70,70,70,70,70,70,70,70,70,70,70,71,72,83,83,84,84,85,86,87,87,87,88,93,93,93,93,93,94,95,96,96,96,96],"card_choices":[{"not_picked":["Slice","Sucker Punch"],"picked":"Quick Slash","floor":1},{"not_picked":["Acrobatics","Dagger Spray"],"picked":"Dagger Throw","floor":4},{"not_picked":["Footwork","Dagger Throw"],"picked":"Deadly Poison","floor":5},{"not_picked":["Infinite Blades","Escape Plan"],"picked":"Backflip","floor":7},{"not_picked":["Quick Slash","Dagger Spray"],"picked":"Noxious Fumes","floor":12},{"not_picked":["Prepared","Flying Knee"],"picked":"Deadly Poison","floor":13},{"not_picked":["Sucker Punch","Caltrops"],"picked":"Crippling Poison","floor":14},{"not_picked":["Doppelganger","Die Die Die"],"picked":"Adrenaline","floor":16},{"not_picked":["Acrobatics+1","Dagger Spray+1"],"picked":"Flying Knee","floor":18},{"not_picked":["Sucker Punch","Flechettes+1"],"picked":"Flying Knee+1","floor":19},{"not_picked":["Riddle With Holes+1","Cloak And Dagger"],"picked":"Dash","floor":20},{"not_picked":["Cloak And Dagger","Die Die Die"],"picked":"Catalyst","floor":23},{"not_picked":["Underhanded Strike+1","Deflect+1"],"picked":"Dodge and Roll+1","floor":29},{"not_picked":["Predator+1","Deflect+1"],"picked":"Bouncing Flask+1","floor":30},{"not_picked":["Escape Plan+1","Sucker Punch+1"],"picked":"Poisoned Stab","floor":31}],"player_experience":96854,"relics_obtained":[{"floor":9,"key":"Paper Crane"},{"floor":14,"key":"Pear"},{"floor":17,"key":"Blood Vial"},{"floor":17,"key":"Matryoshka"},{"floor":17,"key":"FossilizedHelix"},{"floor":22,"key":"Smiling Mask"},{"floor":23,"key":"Vajra"},{"floor":26,"key":"Frozen Egg 2"},{"floor":26,"key":"Omamori"}],"event_choices":[{"cards_removed":["Strike_G"],"damage_healed":0,"gold_gain":0,"player_choice":"Card Removal","damage_taken":7,"max_hp_gain":0,"max_hp_loss":0,"event_name":"Golden Wing","floor":2,"gold_loss":0},{"damage_healed":0,"gold_gain":0,"player_choice":"Damaged","damage_taken":7,"max_hp_gain":0,"max_hp_loss":0,"event_name":"Wheel of Change","floor":3,"gold_loss":0},{"damage_healed":0,"gold_gain":0,"player_choice":"Trade","damage_taken":0,"relics_obtained":["FaceOfCleric"],"max_hp_gain":0,"max_hp_loss":0,"event_name":"FaceTrader","floor":11,"gold_loss":0},{"damage_healed":0,"gold_gain":0,"player_choice":"Opened","damage_taken":0,"relics_obtained":["Lizard Tail"],"max_hp_gain":0,"max_hp_loss":0,"event_name":"The Mausoleum","floor":21,"gold_loss":0,"cards_obtained":["Writhe"]},{"damage_healed":0,"gold_gain":0,"player_choice":"Shed Blood","damage_taken":22,"max_hp_gain":5,"max_hp_loss":0,"event_name":"Forgotten Altar","floor":24,"gold_loss":0}],"is_beta":false,"boss_relics":[{"not_picked":["Runic Pyramid","SacredBark"],"picked":"Calling Bell"}],"items_purged_floors":[10],"is_endless":false,"potions_floor_spawned":[4,13,16,18,23,29,30],"killed_by":"Automaton","ascension_level":0}}