{"host":"uv231blk40vjdojr","time":1608212030,"event":{"mods":["BaseMod","Minty Spire (QoL Compilation)","Relic Stats"],"gold_per_floor":[110,35,35,53,70,170,201,212,258,270,290,301,301,312,312,386,386,403,503,95,95,113,113,124,124,124,153,173,188,43,57,57,130,130,141,155,155,6,18,44,44,73,96,110,110,122,122,142,142,142],"floor_reached":51,"playtime":2919,"items_purged":["Strike_R","Strike_R"],"score":1303,"play_id":"5b9e269f-ee7a-4c3d-9347-3676869d5c06","local_time":"20201217143350","is_ascension_mode":true,"campfire_choices":[{"data":"Bash","floor":13.0,"key":"SMITH"},{"data":"Pommel Strike","floor":15.0,"key":"SMITH"},{"data":"Demon Form","floor":23.0,"key":"SMITH"},{"data":"Flame Barrier","floor":25.0,"key":"SMITH"},{"data":"Cleave","floor":32.0,"key":"SMITH"},{"data":"Flame Barrier","floor":41.0,"key":"SMITH"},{"data":"Ghostly Armor","floor":47,"key":"SMITH"},{"floor":49,"key":"REST"}],"circlet_count":0,"master_deck":["AscendersBane","Strike_R","Strike_R","Strike_R","Defend_R","Defend_R","Defend_R","Bash+1","Flame Barrier+1","Cleave+1","Evolve","Impervious+1","Pommel Strike+1","Ghostly Armor+1","Demon Form+1","CurseOfTheBell","Heavy Blade+1","Reaper+1","Heavy Blade+1","Barricade","Flame Barrier+1"],"relics":["Snecko Eye","Letter Opener","Akabeko","Calling Bell","Potion Belt","Molten Egg 2","StoneCalendar","Meat on the Bone","Singing Bowl","Red Skull","Busted Crown","Medical Kit","Ornamental Fan","White Beast Statue","Blood Vial"],"acts_visited":["Exordium","TheCity","TheBeyond"],"potions_floor_usage":[44,48,50,50,50,50],"damage_taken":[{"damage":9.0,"enemies":"Jaw Worm","floor":1.0,"turns":3.0},{"damage":0.0,"enemies":"Cultist","floor":4.0,"turns":3.0},{"damage":2.0,"enemies":"2 Louse","floor":5.0,"turns":3.0},{"damage":10.0,"enemies":"3 Sentries","floor":7.0,"turns":8.0},{"damage":9.0,"enemies":"Red Slaver","floor":8.0,"turns":3.0},{"damage":1.0,"enemies":"Gremlin Gang","floor":10.0,"turns":3.0},{"damage":0.0,"enemies":"Exordium Wildlife","floor":11.0,"turns":2.0},{"damage":11.0,"enemies":"Exordium Thugs","floor":12.0,"turns":2.0},{"damage":0.0,"enemies":"Red Slaver","floor":14.0,"turns":1.0},{"damage":13.0,"enemies":"Slime Boss","floor":16.0,"turns":6.0},{"damage":33.0,"enemies":"Spheric Guardian","floor":18.0,"turns":6.0},{"damage":0.0,"enemies":"3 Byrds","floor":21.0,"turns":1.0},{"damage":5.0,"enemies":"3 Cultists","floor":22.0,"turns":4.0},{"damage":15.0,"enemies":"Snecko","floor":24.0,"turns":4.0},{"damage":24.0,"enemies":"Slavers","floor":27.0,"turns":4.0},{"damage":12.0,"enemies":"Chosen and Byrds","floor":28.0,"turns":4.0},{"damage":2.0,"enemies":"3 Cultists","floor":29.0,"turns":4.0},{"damage":18.0,"enemies":"Centurion and Healer","floor":31.0,"turns":3.0},{"damage":16.0,"enemies":"Champ","floor":33.0,"turns":8.0},{"damage":6.0,"enemies":"Orb Walker","floor":35.0,"turns":3.0},{"damage":0.0,"enemies":"3 Shapes","floor":36.0,"turns":7.0},{"damage":13.0,"enemies":"Jaw Worm Horde","floor":39.0,"turns":3.0},{"damage":25.0,"enemies":"Reptomancer","floor":40.0,"turns":4.0},{"damage":0.0,"enemies":"Giant Head","floor":42.0,"turns":5.0},{"damage":60,"enemies":"Transient","floor":44,"turns":5},{"damage":0,"enemies":"Spire Growth","floor":46,"turns":6},{"damage":18,"enemies":"3 Darklings","floor":48,"turns":5},{"damage":45,"enemies":"Time Eater","floor":50,"turns":7}],"seed_played":"-5983568185034998678","potions_obtained":[{"floor":1.0,"key":"Fire Potion"},{"floor":4.0,"key":"DuplicationPotion"},{"floor":10.0,"key":"LiquidMemories"},{"floor":12.0,"key":"ColorlessPotion"},{"floor":16.0,"key":"SmokeBomb"},{"floor":27.0,"key":"SpeedPotion"},{"floor":29.0,"key":"ColorlessPotion"},{"floor":31.0,"key":"CultistPotion"},{"floor":33.0,"key":"Strength Potion"},{"floor":40.0,"key":"ColorlessPotion"},{"floor":44,"key":"LiquidBronze"},{"floor":48,"key":"Dexterity Potion"}],"is_trial":false,"path_per_floor":["M","$","?","M","M","?","E","M","T","M","M","M","R","M","R","B",null,"M","?","$","M","M","R","M","R","T","E","M","M","$","M","R","B",null,"M","M","?","$","M","E","R","E","T","M","?","M","R","M","R","B",null],"character_chosen":"IRONCLAD","items_purchased":["Meat on the Bone","Reaper+1","Regen Potion","Heavy Blade+1","Medical Kit"],"campfire_rested":1,"item_purchase_floors":[20,20,20,30,38],"current_hp_per_floor":[59,59,59,59,57,57,47,38,38,37,37,26,26,26,26,13,60,27,27,27,39,65,65,64,64,64,68,58,73,73,65,65,75,81,75,85,85,85,84,61,61,82,82,38,38,65,65,59,88,79],"gold":142,"neow_bonus":"BOSS_RELIC","is_daily":false,"chose_seed":false,"campfire_upgraded":7,"win_rate":0.0,"timestamp":1608212030,"path_taken":["M","$","?","M","?","?","E","M","T","?","?","M","R","M","R","BOSS","M","?","$","M","M","R","M","R","T","E","M","M","$","M","R","BOSS","M","M","?","$","?","E","R","E","T","M","?","M","R","M","R","BOSS"],"items_purchased_type":["Relic","Card","Potion","Card","Relic"],"build_version":"2020-12-13","purchased_purges":2,"victory":true,"max_hp_per_floor":[75,75,75,75,75,75,75,75,75,75,75,75,75,75,75,75,75,75,75,75,75,75,75,75,75,75,77,79,81,81,83,83,83,83,83,85,85,85,87,89,89,91,91,93,93,95,95,97,97,97],"relic_stats":{"Blood Vial":8,"Busted Crown":16,"Singing Bowl":22,"counters":[28,117],"Ornamental Fan":[28],"Snecko Eye":[189,205,190,192],"StoneCalendar":[56],"Letter Opener":[75],"Medical Kit":[0],"obtain_stats":[{"Potion Belt":17,"Singing Bowl":26,"StoneCalendar":17,"Letter Opener":7,"Medical Kit":38,"Burning Blood":0,"Akabeko":9,"White Beast Statue":42,"Calling Bell":17,"Blood Vial":43,"Busted Crown":34,"Ornamental Fan":40,"Snecko Eye":0,"Molten Egg 2":17,"Red Skull":27,"Meat on the Bone":20},{"Potion Belt":10,"Singing Bowl":14,"StoneCalendar":10,"Letter Opener":4,"Medical Kit":21,"Burning Blood":0,"Akabeko":5,"White Beast Statue":24,"Calling Bell":10,"Blood Vial":24,"Busted Crown":19,"Ornamental Fan":23,"Snecko Eye":0,"Molten Egg 2":10,"Red Skull":15,"Meat on the Bone":11},{"Potion Belt":34,"Singing Bowl":49,"StoneCalendar":34,"Letter Opener":17,"Medical Kit":82,"Burning Blood":0,"Akabeko":20,"White Beast Statue":94,"Calling Bell":34,"Blood Vial":94,"Busted Crown":72,"Ornamental Fan":89,"Snecko Eye":0,"Molten Egg 2":34,"Red Skull":53,"Meat on the Bone":40}],"Meat on the Bone":24},"card_choices":[{"not_picked":["Reckless Charge","Body Slam"],"picked":"Infernal Blade","floor":1.0},{"not_picked":["Spot Weakness","Sentinel"],"picked":"Flame Barrier","floor":4.0},{"not_picked":["Bloodletting","Clash"],"picked":"Cleave","floor":5.0},{"not_picked":["Searing Blow","Sever Soul"],"picked":"Evolve","floor":7.0},{"not_picked":["Sword Boomerang","Clothesline","Metallicize"],"picked":"SKIP","floor":8.0},{"not_picked":["Rage","Armaments"],"picked":"Impervious","floor":10.0},{"not_picked":["Iron Wave","Reckless Charge","Searing Blow"],"picked":"SKIP","floor":11.0},{"not_picked":["Reckless Charge","Clothesline"],"picked":"Pommel Strike","floor":12.0},{"not_picked":["Rage","Clothesline"],"picked":"Ghostly Armor","floor":14.0},{"not_picked":["Feed","Berserk"],"picked":"Demon Form","floor":16.0},{"not_picked":["Sword Boomerang+1","True Grit"],"picked":"Heavy Blade+1","floor":18.0},{"not_picked":["Flex","Heavy Blade+1","Thunderclap+1"],"picked":"SKIP","floor":22.0},{"not_picked":["Exhume","Armaments","Feel No Pain"],"picked":"SKIP","floor":24.0},{"not_picked":["Blood for Blood+1","Pommel Strike+1","Intimidate"],"picked":"Singing Bowl","floor":27.0},{"not_picked":["True Grit","Wild Strike+1","Perfected Strike+1"],"picked":"Singing Bowl","floor":28.0},{"not_picked":["Clash+1","Spot Weakness","Blood for Blood+1"],"picked":"Singing Bowl","floor":29.0},{"not_picked":["Rage","Spot Weakness","Fire Breathing+1"],"picked":"Singing Bowl","floor":31.0},{"not_picked":["Reaper+1","Limit Break"],"picked":"Barricade","floor":33.0},{"not_picked":[],"picked":"Flame Barrier","floor":35.0},{"not_picked":["Clash+1"],"picked":"Singing Bowl","floor":36.0},{"not_picked":["Shrug It Off"],"picked":"Singing Bowl","floor":39.0},{"not_picked":["Twin Strike+1"],"picked":"Singing Bowl","floor":40.0},{"not_picked":["Shrug It Off+1"],"picked":"Singing Bowl","floor":42.0},{"not_picked":["Sever Soul+1"],"picked":"Singing Bowl","floor":44},{"not_picked":["Dark Embrace"],"picked":"Singing Bowl","floor":46},{"not_picked":["Perfected Strike+1"],"picked":"Singing Bowl","floor":48}],"player_experience":487678,"relics_obtained":[{"floor":7.0,"key":"Letter Opener"},{"floor":9.0,"key":"Akabeko"},{"floor":17.0,"key":"Potion Belt"},{"floor":17.0,"key":"Molten Egg 2"},{"floor":17.0,"key":"StoneCalendar"},{"floor":26.0,"key":"Singing Bowl"},{"floor":27.0,"key":"Red Skull"},{"floor":40.0,"key":"Ornamental Fan"},{"floor":42.0,"key":"White Beast Statue"},{"floor":43.0,"key":"Blood Vial"}],"event_choices":[{"cards_removed":["Defend_R"],"damage_healed":0.0,"max_hp_gain":0.0,"max_hp_loss":0.0,"gold_gain":0.0,"event_name":"Bonfire Elementals","player_choice":"Offered Basic","floor":3.0,"gold_loss":0.0,"damage_taken":0.0},{"damage_healed":0.0,"max_hp_gain":0.0,"max_hp_loss":0.0,"gold_gain":100.0,"event_name":"Golden Shrine","player_choice":"Pray","floor":6.0,"gold_loss":0.0,"damage_taken":0.0},{"damage_healed":0.0,"max_hp_gain":0.0,"max_hp_loss":0.0,"gold_gain":100.0,"event_name":"Golden Shrine","player_choice":"Pray","floor":19.0,"gold_loss":0.0,"damage_taken":0.0},{"cards_removed":["Infernal Blade"],"damage_healed":0.0,"max_hp_gain":0.0,"max_hp_loss":0.0,"gold_gain":0.0,"event_name":"Purifier","player_choice":"Purged","floor":37.0,"gold_loss":0.0,"damage_taken":0.0},{"damage_healed":0,"gold_gain":0,"player_choice":"Upgraded","damage_taken":0,"max_hp_gain":0,"max_hp_loss":0,"event_name":"Upgrade Shrine","floor":45,"gold_loss":0,"cards_upgraded":["Impervious"]}],"is_beta":false,"boss_relics":[{"not_picked":["Runic Pyramid","Empty Cage"],"picked":"Calling Bell"},{"not_picked":["Velvet Choker","Runic Cube"],"picked":"Busted Crown"}],"items_purged_floors":[2,30],"is_endless":false,"potions_floor_spawned":[1,4,10,12,16,21,27,29,31,33,40,44,46,48],"ascension_level":14}}