{"host":"7krnriczr1b2ou5r","time":1608244304,"event":{"mods":["BaseMod","Keyboard Shortcuts","Minty Spire (QoL Compilation)","Relic Stats","StSLib","The Dragon Tamer","The Poker Player"],"gold_per_floor":[32,68,125,125,184,184,226,290,290,133,133,107,195,264,264,387,387,456,87,87,122,142,142,142,196,196,231,244,90,150,249,249,249,249],"floor_reached":32,"playtime":1510,"items_purged":["DTMod:Strike","DTMod:Strike"],"score":410,"play_id":"eecfb65c-1a9f-4b09-834a-46669cb83b4c","local_time":"20201218073144","is_ascension_mode":true,"metric_token":479,"campfire_choices":[{"data":"HandOfGreed","floor":6,"key":"SMITH"},{"data":"DTMod:SwitchingTactic","floor":11,"key":"SMITH"},{"data":"DTMod:TagTeam","floor":15,"key":"SMITH"},{"data":"DTMod:RepeatStrike","floor":23,"key":"SMITH"}],"dtmod_dragon_data":[14,50,3,-1,6,0],"circlet_count":0,"master_deck":["DTMod:DoubleHit","DTMod:TargetDefense","DTMod:TargetDefense","DTMod:TargetDefense","DTMod:SwitchingTactic+1","HandOfGreed+1","DTMod:CalculatedDefense","DTMod:ComboAttack+1","DTMod:CrossStep","DTMod:BuildUp","DTMod:TagTeam+1","DTMod:TagTeam+1","DTMod:LightShield","DTMod:RepeatStrike+1","DTMod:BurningEnergy","DTMod:Astonish+1","DTMod:Haste","DTMod:LastStand","DTMod:CrossStep"],"relics":["DTMod:PactStone","Matryoshka","Sozu","DTMod:SwitchButton","Whetstone","Centennial Puzzle"],"acts_visited":["Exordium","TheCity"],"potions_floor_usage":[18],"damage_taken":[{"damage":0,"enemies":"Jaw Worm","floor":1,"turns":4},{"damage":0,"enemies":"Cultist","floor":2,"turns":4},{"damage":13,"enemies":"Small Slimes","floor":3,"turns":5},{"damage":0,"enemies":"2 Fungi Beasts","floor":5,"turns":4},{"damage":0,"enemies":"Looter","floor":7,"turns":3},{"damage":1,"enemies":"Exordium Thugs","floor":8,"turns":4},{"damage":0,"enemies":"3 Louse","floor":13,"turns":6},{"damage":0,"enemies":"2 Fungi Beasts","floor":14,"turns":5},{"damage":0,"enemies":"The Guardian","floor":16,"turns":13},{"damage":0,"enemies":"2 Thieves","floor":18,"turns":4},{"damage":0,"enemies":"Chosen","floor":21,"turns":4},{"damage":5,"enemies":"Snake Plant","floor":22,"turns":6},{"damage":7,"enemies":"Book of Stabbing","floor":25,"turns":6},{"damage":9,"enemies":"Snecko","floor":27,"turns":5},{"damage":0,"enemies":"Centurion and Healer","floor":28,"turns":4},{"damage":0,"enemies":"Cultist and Chosen","floor":30,"turns":7}],"seed_played":"3034422075794234772","potions_obtained":[{"floor":1,"key":"SteroidPotion"},{"floor":3,"key":"LiquidBronze"},{"floor":14,"key":"CultistPotion"}],"is_trial":false,"path_per_floor":["M","M","M","?","M","R","M","M","T","$","R","$","M","M","R","B",null,"M","$","?","M","M","R","?","E","T","M","M","$","M","?","R"],"character_chosen":"THE_DT","items_purchased":["DTMod:CrossStep","DTMod:BuildUp","DTMod:SwitchButton","DTMod:RepeatStrike","DTMod:BurningEnergy","DTMod:LastStand","DTMod:CrossStep"],"campfire_rested":0,"item_purchase_floors":[10,12,19,19,19,29,29],"current_hp_per_floor":[45,45,32,32,32,32,32,31,31,31,31,31,31,31,31,31,42,42,42,42,42,37,37,37,30,30,21,21,21,21,21,21,21,21],"gold":249,"neow_bonus":"RANDOM_COLORLESS_2","is_daily":false,"chose_seed":false,"campfire_upgraded":4,"win_rate":0.0,"timestamp":1608244304,"path_taken":["M","M","M","?","M","R","M","M","T","?","R","$","M","M","R","BOSS","M","$","?","M","M","R","?","E","T","M","M","$","M","?","R"],"items_purchased_type":["Card","Card","Relic","Card","Card","Card","Card"],"build_version":"2020-12-13","purchased_purges":2,"victory":false,"max_hp_per_floor":[45,45,45,45,45,45,45,45,45,45,45,45,45,45,45,45,45,45,45,45,45,45,45,45,45,45,45,45,45,45,45,45,45,45],"relic_stats":{"Sozu":3,"Centennial Puzzle":[3],"counters":[16,84],"Whetstone":["DTMod:ComboAttack","DTMod:Astonish"],"obtain_stats":[{"Sozu":17,"DTMod:SwitchButton":19,"Centennial Puzzle":26,"Matryoshka":9,"DTMod:PactStone":0,"Whetstone":25},{"Sozu":9,"DTMod:SwitchButton":10,"Centennial Puzzle":13,"Matryoshka":6,"DTMod:PactStone":0,"Whetstone":13},{"Sozu":48,"DTMod:SwitchButton":52,"Centennial Puzzle":68,"Matryoshka":24,"DTMod:PactStone":0,"Whetstone":68}]},"card_choices":[{"not_picked":["Sadistic Nature","Secret Technique"],"picked":"HandOfGreed","floor":0},{"not_picked":["DTMod:HeatWave","DTMod:CleansingStrike"],"picked":"DTMod:CalculatedDefense","floor":1},{"not_picked":["DTMod:Feint","DTMod:BalancedStrike"],"picked":"DTMod:ComboAttack","floor":2},{"not_picked":["DTMod:PurifyingFlame","DTMod:MagicField","DTMod:Dissolve"],"picked":"SKIP","floor":3},{"not_picked":["DTMod:Astonish","DTMod:Punisher","DTMod:MagicField"],"picked":"SKIP","floor":5},{"not_picked":["DTMod:QuickFly","DTMod:Conduct","DTMod:BuildUp"],"picked":"SKIP","floor":7},{"not_picked":["DTMod:Feint","DTMod:MagicField","DTMod:PurifyingFlame"],"picked":"SKIP","floor":8},{"not_picked":["DTMod:FlameSlash","DTMod:MaximumCharge","DTMod:LastStand"],"picked":"SKIP","floor":13},{"not_picked":["DTMod:ResonanceForm","DTMod:BreakAttack"],"picked":"DTMod:TagTeam","floor":14},{"not_picked":["DTMod:ExcessFootwork","DTMod:EchoTactic"],"picked":"DTMod:LightShield","floor":16},{"not_picked":["DTMod:QuickFly","DTMod:Weaken","DTMod:Feint"],"picked":"SKIP","floor":18},{"not_picked":["DTMod:BreakAttack+1","DTMod:ForkedFire","DTMod:Weaken"],"picked":"SKIP","floor":21},{"not_picked":["DTMod:Adaptation+1","DTMod:Feint","DTMod:Astonish"],"picked":"SKIP","floor":22},{"not_picked":["DTMod:Adaptation+1","DTMod:Feint","DTMod:Astonish"],"picked":"SKIP","floor":22},{"not_picked":["DTMod:BizarreTactic","DTMod:Overwhelm","DTMod:Haste"],"picked":"SKIP","floor":25},{"not_picked":["DTMod:BalancedStrike","DTMod:DarkBreath","DTMod:PurifyingFlame+1"],"picked":"SKIP","floor":27},{"not_picked":["DTMod:Punisher","DTMod:TauntingStrike","DTMod:DragonDance"],"picked":"SKIP","floor":28},{"not_picked":["DTMod:Training","DTMod:CalculatedDefense","DTMod:Hide"],"picked":"SKIP","floor":30}],"player_experience":1107923,"relics_obtained":[{"floor":9,"key":"Matryoshka"},{"floor":25,"key":"Whetstone"},{"floor":26,"key":"Centennial Puzzle"}],"event_choices":[{"cards_removed":["DTMod:Strike"],"damage_healed":0,"gold_gain":0,"player_choice":"Card Removal","damage_taken":0,"max_hp_gain":0,"max_hp_loss":0,"event_name":"Wheel of Change","floor":4,"gold_loss":0},{"damage_healed":0,"gold_gain":0,"player_choice":"Ignored","damage_taken":0,"max_hp_gain":0,"max_hp_loss":0,"event_name":"Vampires","floor":20,"gold_loss":0},{"damage_healed":0,"gold_gain":0,"cards_transformed":["DTMod:Strike","DTMod:TargetDefense"],"player_choice":"Became Test Subject","damage_taken":0,"max_hp_gain":0,"max_hp_loss":0,"event_name":"Drug Dealer","floor":24,"gold_loss":0,"cards_obtained":["DTMod:Astonish","DTMod:Haste"]},{"damage_healed":0,"gold_gain":99,"player_choice":"Stole From Cult","damage_taken":0,"max_hp_gain":0,"max_hp_loss":0,"event_name":"Nest","floor":31,"gold_loss":0}],"is_beta":false,"boss_relics":[{"not_picked":["Snecko Eye","Busted Crown"],"picked":"Sozu"}],"items_purged_floors":[10,19],"is_endless":false,"potions_floor_spawned":[1,3,14,27,28,30],"ascension_level":5}}