{"host":"3c27c697js19kaoo","time":1608186137,"event":{"mods":["BaseMod","Dota2Spire","Hermit","Minty Spire (QoL Compilation)","Quick Restart","Remilia£®¿Ÿ√◊¿Ú—«£©","Replay The Spire","Robot Space Explorer","Spicy Shops","StSLib","The Alterego","The Cursed","The Servant 0.9.4","vexMod","°æ“≈ŒÔø®≈∆°øREMEMod"],"gold_per_floor":[114,114,114,78,253,253,303,356,356,356,391,16,36,81,81,95,95],"floor_reached":16,"playtime":598,"items_purged":[],"score":164,"play_id":"c6b0a727-d4fe-438f-9f99-0d531217ac1f","local_time":"20201217142217","is_ascension_mode":true,"campfire_choices":[{"data":"FavorOfDestiny","floor":6,"key":"SMITH"},{"data":"ScarletShoot","floor":10,"key":"SMITH"},{"data":"RedRainbow","floor":15,"key":"SMITH"}],"circlet_count":0,"master_deck":["Strike_RM","Strike_RM","Strike_RM","Strike_RM","Defend_RM","Defend_RM","Defend_RM","Defend_RM","RedMoon","ScarletShoot+1","RobotSpaceExplorer:ScrapToss","RedRainbow+1","FavorOfDestiny+1","Doubt","Doubt","Greed_TH"],"relics":["ScarletHat","REME_ComplimentaryCards","NeowsBlessing","Boot","ReplayTheSpireMod:Ring of Collecting","Ring of Greed","Replay:Wax Seal","Replay:Bandana","MealTicket","Ring of Hypnosis","Pear","Tiny Chest","vexMod:FocusSash","Dota2Spire:MagicBottle","Toy Ornithopter"],"acts_visited":["Exordium"],"potions_floor_usage":[16,16,16,16],"damage_taken":[{"damage":0,"enemies":"Jaw Worm","floor":1,"turns":1},{"damage":0,"enemies":"3 Sentries","floor":8,"turns":1},{"damage":0,"enemies":"Lagavulin","floor":11,"turns":2},{"damage":0,"enemies":"Cultist","floor":13,"turns":6},{"damage":0,"enemies":"2 Louse","floor":14,"turns":2},{"damage":117,"enemies":"Hexaghost","floor":16,"turns":16}],"seed_played":"-4668836592025458012","potions_obtained":[{"floor":1,"key":"ColorlessPotion"},{"floor":8,"key":"Ancient Potion"}],"is_trial":false,"path_per_floor":["M","?","$","$","?","R","?","E","T","R","E","$","M","M","R","B"],"character_chosen":"REMILIA","items_purchased":["FavorOfDestiny","vexMod:FocusSash","Dota2Spire:MagicBottle","Toy Ornithopter"],"campfire_rested":0,"item_purchase_floors":[4,12,12,12],"current_hp_per_floor":[75,75,75,75,75,75,75,75,85,85,85,85,85,85,85,0,0],"gold":95,"neow_bonus":"THREE_ENEMY_KILL","is_daily":false,"chose_seed":false,"campfire_upgraded":3,"win_rate":0.0,"timestamp":1608186137,"path_taken":["M","?","?","$","?","R","?","E","T","R","E","$","M","M","R","BOSS"],"items_purchased_type":["Card","Relic","Relic","Relic"],"build_version":"2020-12-13","purchased_purges":0,"victory":false,"max_hp_per_floor":[75,75,75,75,75,75,75,75,85,85,85,85,85,85,85,85,85],"card_choices":[{"not_picked":["VampireKiss","Stigmanizer"],"picked":"RedRainbow","floor":1},{"not_picked":["ForbiddenFruit","CeilingFear","UnderTheZenith"],"picked":"SKIP","floor":8},{"not_picked":["BombardNight","BloodyTrap","StarOfDavid"],"picked":"SKIP","floor":11},{"not_picked":["CharismaGuard","ScarletImprint","KillingBlow"],"picked":"SKIP","floor":13},{"not_picked":["Stigmanizer","SuperhumanBloodyKnife","EndlessAdversity"],"picked":"SKIP","floor":14}],"player_experience":125879,"relics_obtained":[{"floor":7,"key":"ReplayTheSpireMod:Ring of Collecting"},{"floor":7,"key":"Ring of Greed"},{"floor":7,"key":"Replay:Wax Seal"},{"floor":7,"key":"Replay:Bandana"},{"floor":8,"key":"MealTicket"},{"floor":9,"key":"Ring of Hypnosis"},{"floor":9,"key":"Pear"},{"floor":11,"key":"Tiny Chest"}],"event_choices":[{"damage_healed":0,"gold_gain":0,"player_choice":"Gave Potion","damage_taken":0,"relics_obtained":["Boot"],"max_hp_gain":0,"max_hp_loss":0,"event_name":"WeMeetAgain","floor":2,"gold_loss":0},{"damage_healed":0,"gold_gain":175,"player_choice":"AGREE","damage_taken":0,"max_hp_gain":0,"max_hp_loss":0,"event_name":"Liars Game","floor":5,"gold_loss":0,"cards_obtained":["Doubt"]}],"is_beta":false,"boss_relics":[],"items_purged_floors":[],"is_endless":false,"potions_floor_spawned":[1,8],"killed_by":"Hexaghost","ascension_level":1}}