{"host":"1m1p07melukt6ryq","time":1608185887,"event":{"mods":["2.2 Compatiblity","BaseMod","BetterRewards","Colored Map","Colored Powertips","Conspire","Googly Eyes","Highlight Path","Hubris","Infinite Spire","Minty Spire (QoL Compilation)","Permanent Neow","Rare Cards Sparkle","Shop Mod","StSLib","SuperFastMode"],"gold_per_floor":[118,193,42,42,42,42,57,57,57,57,57,57,57,76,76,172,172,185,211,211,211,211,211,243,243,243,243,243],"floor_reached":27,"playtime":661,"items_purged":[],"score":485,"play_id":"054d0144-cba3-4821-bb8c-a866bac85220","local_time":"20201217011807","is_ascension_mode":true,"campfire_choices":[{"data":"1","floor":6,"key":"LIFT"},{"data":"2","floor":10,"key":"LIFT"},{"data":"3","floor":13,"key":"LIFT"},{"data":"Sword Boomerang","floor":15,"key":"SMITH"},{"data":"Bash","floor":23,"key":"SMITH"}],"circlet_count":0,"master_deck":["AscendersBane","Strike_R","Strike_R","Strike_R","Strike_R","Strike_R","Defend_R","Defend_R","Defend_R","Defend_R","Bash+1","Clumsy","Heavy Blade+1","Regret","Whirlwind","Sword Boomerang+1","Heavy Blade+1","Ghostly Armor","infinitespire:FutureSight"],"relics":["Burning Blood","Girya","hubris:OldNail","Juzu Bracelet","Eternal Feather","hubris:CuriousFeather","hubris:Icosahedron","Letter Opener","Regal Pillow","SlaversCollar","Nunchaku","hubris:PeanutButter","hubris:TenFootPole"],"acts_visited":["Exordium","TheCity"],"potions_floor_usage":[24,27],"damage_taken":[{"damage":3,"enemies":"2 Louse","floor":1,"turns":4},{"damage":9,"enemies":"Small Slimes","floor":7,"turns":3},{"damage":6,"enemies":"Cultist","floor":14,"turns":3},{"damage":43,"enemies":"Slime Boss","floor":16,"turns":9},{"damage":29,"enemies":"conspire:FuzzyDice","floor":18,"turns":5},{"damage":20,"enemies":"Book of Stabbing","floor":24,"turns":3},{"damage":38,"enemies":"Nightmare","floor":27,"turns":3}],"seed_played":"8241923430641181967","potions_obtained":[{"floor":1,"key":"SteroidPotion"}],"is_trial":false,"path_per_floor":["M","?","$","?","$","R","M","?","T","R","T","?","R","M","R","B",null,"M","T","?","?","?","R","E","?","T","NM"],"character_chosen":"IRONCLAD","items_purchased":["CultistPotion","Heavy Blade"],"campfire_rested":0,"item_purchase_floors":[3,3],"current_hp_per_floor":[75,64,64,64,64,70,67,67,67,76,76,76,80,80,80,43,71,48,48,48,48,48,57,43,23,23,0,0],"gold":243,"neow_bonus":"","is_daily":false,"chose_seed":false,"campfire_upgraded":2,"win_rate":0.0,"timestamp":1608185887,"path_taken":["M","?","$","?","$","R","M","?","T","R","?","?","R","M","R","BOSS","M","?","?","?","?","R","E","?","T","NM"],"items_purchased_type":["Potion","Card"],"build_version":"2020-12-13","purchased_purges":0,"victory":false,"max_hp_per_floor":[80,80,80,80,80,80,80,80,80,80,80,80,80,80,80,80,80,80,80,80,80,80,80,80,80,80,80,80],"card_choices":[{"not_picked":["Armaments","Disarm","Spot Weakness"],"picked":"SKIP","floor":1},{"not_picked":["Wild Strike","Spot Weakness"],"picked":"Whirlwind","floor":7},{"not_picked":["Pommel Strike","Sentinel"],"picked":"Sword Boomerang","floor":14},{"not_picked":["Reckless Charge","Wild Strike"],"picked":"Heavy Blade+1","floor":18},{"not_picked":["Headbutt+1","Thunderclap+1","Immolate"],"picked":"SKIP","floor":24},{"not_picked":["hubris:Rewind","infinitespire:FinalStrike"],"picked":"infinitespire:FutureSight","floor":25}],"player_experience":389786,"relics_obtained":[{"floor":9,"key":"Letter Opener"},{"floor":11,"key":"Regal Pillow"},{"floor":19,"key":"Nunchaku"},{"floor":24,"key":"hubris:PeanutButter"},{"floor":26,"key":"hubris:TenFootPole"}],"event_choices":[{"damage_healed":0,"gold_gain":75,"player_choice":"Gather Gold","damage_taken":11,"max_hp_gain":0,"max_hp_loss":0,"event_name":"World of Goop","floor":2,"gold_loss":0},{"damage_healed":0,"gold_gain":0,"player_choice":"Box","damage_taken":0,"relics_obtained":["hubris:CuriousFeather"],"max_hp_gain":0,"max_hp_loss":0,"event_name":"Big Fish","floor":4,"gold_loss":0,"cards_obtained":["Regret"]},{"damage_healed":0,"gold_gain":0,"player_choice":"Forge","damage_taken":0,"max_hp_gain":0,"max_hp_loss":0,"event_name":"Accursed Blacksmith","floor":12,"gold_loss":0,"cards_upgraded":["Heavy Blade"]},{"damage_healed":0,"gold_gain":0,"player_choice":"Got Potions","damage_taken":0,"max_hp_gain":0,"max_hp_loss":0,"event_name":"Lab","floor":21,"gold_loss":0}],"is_beta":false,"boss_relics":[{"not_picked":["hubris:HollowSoul","Snecko Eye"],"picked":"SlaversCollar"}],"items_purged_floors":[],"is_endless":false,"potions_floor_spawned":[1,14,16,18],"killed_by":"Nightmare","ascension_level":11}}