{"host":"jgyoyy5iuhtvyvtg","time":1608192495,"event":{"mods":["2.2 Compatiblity","BaseMod","Challenge The Spire","Colored Map","Conspire","Downfall","Hermit","Highlight Path","Infinite Spire","Lobotomy","LobotomyExtend","Minty Spire (QoL Compilation)","Quick Restart","Replay The Spire","Spikes Relics","StSLib","The Construct","The Disciple","The Jungle","Yuri Mod"],"gold_per_floor":[99,113,125,135,163,163,163,163,195,195,205,205,78,5,17,17,17],"floor_reached":16,"playtime":577,"items_purged":["Slimebound:Tackle"],"score":220,"play_id":"46c4d1d8-4158-495f-bdd2-48c306c6dedd","local_time":"20201217000815","is_ascension_mode":true,"campfire_choices":[{"data":"Slimebound:Split","floor":1,"key":"SMITH"},{"data":"Slimebound:CorrosiveSpit","floor":6,"key":"SMITH"},{"data":"Slimebound:SlimeSlap","floor":10,"key":"SMITH"}],"circlet_count":0,"master_deck":["AscendersBane","Slimebound:Strike_Slimebound","Slimebound:Strike_Slimebound","Slimebound:Strike_Slimebound","Slimebound:Defend_Slimebound","Slimebound:Defend_Slimebound","Slimebound:Defend_Slimebound","Slimebound:Defend_Slimebound","Slimebound:Split+1","Slimebound:CorrosiveSpit+1","Slimebound:MinionMaster","Slimebound:SplitMire","Slimebound:GrowthPunch","Slimebound:SplitLeeching","Slimebound:MassFeed","Slimebound:SlimeSlap+1","Slimebound:FinishingTackle","Twin Strike","Slimebound:Gluttony","Slimebound:GoopSpray","Slimebound:LeechingTouch","Slimebound:Equalize"],"relics":["LetterFromLob","infinitespire:Eraser","Ancient Tea Set","construct:BoolHorns","infinitespire:CheckeredPen","m_BurningSludge"],"acts_visited":["Exordium"],"potions_floor_usage":[5,5],"damage_taken":[{"damage":8,"enemies":"conspire:RoseBush","floor":2,"turns":4},{"damage":16,"enemies":"Small Slimes","floor":3,"turns":3},{"damage":19,"enemies":"Jaw Worm","floor":4,"turns":4},{"damage":33,"enemies":"3 Sentries","floor":5,"turns":6},{"damage":47,"enemies":"Gremlin Nob","floor":9,"turns":4},{"damage":18,"enemies":"Exordium Wildlife","floor":11,"turns":3},{"damage":20,"enemies":"downfall:FleeingMerchant","floor":13,"turns":4},{"damage":23,"enemies":"downfall:FleeingMerchant","floor":14,"turns":4},{"damage":13,"enemies":"2 Fungi Beasts","floor":15,"turns":3},{"damage":33,"enemies":"downfall:Watcher","floor":16,"turns":4}],"seed_played":"3077383317967198399","potions_obtained":[{"floor":3,"key":"champ:CounterPotion"},{"floor":4,"key":"GamblersBrew"}],"is_trial":false,"path_per_floor":["R","M","M","M","E","R","T","?","E","R","M","?","$","$","M","B"],"character_chosen":"SLIMEBOUND","items_purchased":["Slimebound:Gluttony","Slimebound:LeechingTouch"],"campfire_rested":0,"item_purchase_floors":[13,14],"current_hp_per_floor":[49,54,54,54,49,49,49,49,23,23,36,36,38,37,24,0,0],"gold":17,"neow_bonus":"ONE_RANDOM_RARE_CARD","is_daily":false,"chose_seed":false,"campfire_upgraded":3,"win_rate":0.0,"timestamp":1608192495,"path_taken":["R","M","M","M","E","R","T","?","E","R","M","?","?","$","M","BOSS"],"items_purchased_type":["Card","Card"],"build_version":"2020-12-13","purchased_purges":1,"victory":false,"max_hp_per_floor":[54,54,54,54,54,54,54,54,54,54,57,57,57,57,57,57,57],"card_choices":[{"not_picked":["Slimebound:DisruptingSlam","Slimebound:Schlurp"],"picked":"Slimebound:SplitMire","floor":2},{"not_picked":["Slimebound:PressTheAttack","Slimebound:Equalize"],"picked":"Slimebound:GrowthPunch","floor":3},{"not_picked":["Slimebound:ItLooksTasty","Slimebound:SplitAcid"],"picked":"Slimebound:SplitLeeching","floor":4},{"not_picked":["Slimebound:SplitAcid","Slimebound:AcidTongue"],"picked":"Slimebound:MassFeed","floor":5},{"not_picked":["Slimebound:LeechLife","Slimebound:ViciousTackle"],"picked":"Slimebound:SlimeSlap","floor":9},{"not_picked":["Slimebound:ComboTackle","Slimebound:Nibble"],"picked":"Slimebound:FinishingTackle","floor":11},{"not_picked":["Slimebound:RollThrough","Slimebound:Replication"],"picked":"Twin Strike","floor":13},{"not_picked":["Slimebound:Nibble","Slimebound:LeechEnergy"],"picked":"Slimebound:GoopSpray","floor":14},{"not_picked":["Slimebound:ViciousTackle","Slimebound:PressTheAttack"],"picked":"Slimebound:Equalize","floor":15}],"player_experience":3138608,"relics_obtained":[{"floor":2,"key":"LetterFromLob"},{"floor":5,"key":"infinitespire:Eraser"},{"floor":7,"key":"Ancient Tea Set"},{"floor":8,"key":"construct:BoolHorns"},{"floor":9,"key":"infinitespire:CheckeredPen"}],"event_choices":[],"is_beta":false,"boss_relics":[],"items_purged_floors":[13],"is_endless":false,"potions_floor_spawned":[3,4],"killed_by":"downfall:Watcher","ascension_level":20}}