{"host":"foq4mrde4mssg7vt","time":1608226412,"event":{"mods":["AchievementEnabler","BaseMod","Colored Map","Colored Powertips","Highlight Path","Minty Spire (QoL Compilation)","Relic Stats","everything is the same but u backflip on backflip"],"gold_per_floor":[360,377,391,162,180,180,205,205,205,205,221,233,333,349,349,449,449,437,448,465,390,84,116,116,116,116,116,36,67,79,104,116,231,243,275,297,319,344,137,154,180,180,180,230,257,257,132,167,167,167,167,167,17,42,42],"floor_reached":56,"playtime":6360,"items_purged":["Decay","Strike_G","Writhe"],"score":1748,"play_id":"b4e3e4e4-7ce3-4667-ad3a-8aabb28d9ea0","local_time":"20201218013332","is_ascension_mode":true,"campfire_choices":[{"data":"Neutralize","floor":6.0,"key":"SMITH"},{"data":"Footwork","floor":10.0,"key":"SMITH"},{"data":"Deadly Poison","floor":15.0,"key":"SMITH"},{"data":"Well Laid Plans","floor":25.0,"key":"SMITH"},{"data":"Leg Sweep","floor":30.0,"key":"SMITH"},{"data":"Calculated Gamble","floor":32.0,"key":"SMITH"},{"data":"Footwork","floor":42.0,"key":"SMITH"},{"floor":46.0,"key":"RECALL"},{"data":"Malaise","floor":49.0,"key":"SMITH"},{"data":"Backflip","floor":52.0,"key":"SMITH"}],"circlet_count":0,"master_deck":["Defend_G","Defend_G","Defend_G","Defend_G","Survivor","Neutralize+1","Footwork+1","PiercingWail","Dash","Backflip+1","Well Laid Plans+1","Footwork+1","Deadly Poison+1","Malaise+1","Blade Dance","Leg Sweep+1","Flechettes","Deflect","Calculated Gamble+1","Die Die Die","Acrobatics","Grand Finale","Adrenaline+1","Sucker Punch+1","After Image+1","Tactician","Blur+1","Dodge and Roll+1","Poisoned Stab+1","Blur+1","PiercingWail+1","Tactician+1","Blur+1"],"relics":["Ring of the Snake","Blood Vial","InkBottle","Cursed Key","TheAbacus","Calipers","MawBank","Astrolabe","Medical Kit","Molten Egg 2","Lizard Tail","Dead Branch","Bottled Tornado","OrangePellets","Oddly Smooth Stone"],"acts_visited":["Exordium","TheCity","TheBeyond","TheEnding"],"potions_floor_usage":[55,55,55],"damage_taken":[{"damage":3.0,"enemies":"Cultist","floor":1.0,"turns":5.0},{"damage":0.0,"enemies":"Small Slimes","floor":2.0,"turns":4.0},{"damage":0.0,"enemies":"2 Louse","floor":3.0,"turns":4.0},{"damage":5.0,"enemies":"Gremlin Gang","floor":5.0,"turns":7.0},{"damage":9.0,"enemies":"Lagavulin","floor":7.0,"turns":9.0},{"damage":0.0,"enemies":"2 Fungi Beasts","floor":11.0,"turns":6.0},{"damage":0.0,"enemies":"Exordium Wildlife","floor":12.0,"turns":6.0},{"damage":7.0,"enemies":"Lots of Slimes","floor":14.0,"turns":7.0},{"damage":12.0,"enemies":"The Guardian","floor":16.0,"turns":12.0},{"damage":0.0,"enemies":"2 Thieves","floor":18.0,"turns":4.0},{"damage":0.0,"enemies":"Spheric Guardian","floor":19.0,"turns":6.0},{"damage":9.0,"enemies":"Centurion and Healer","floor":20.0,"turns":10.0},{"damage":6.0,"enemies":"Book of Stabbing","floor":23.0,"turns":11.0},{"damage":19.0,"enemies":"Slavers","floor":29.0,"turns":11.0},{"damage":1.0,"enemies":"3 Cultists","floor":31.0,"turns":9.0},{"damage":0.0,"enemies":"Champ","floor":33.0,"turns":91.0},{"damage":0.0,"enemies":"3 Darklings","floor":35.0,"turns":6.0},{"damage":1.0,"enemies":"3 Shapes","floor":36.0,"turns":4.0},{"damage":0.0,"enemies":"Spire Growth","floor":37.0,"turns":7.0},{"damage":8.0,"enemies":"4 Shapes","floor":38.0,"turns":7.0},{"damage":17.0,"enemies":"Transient","floor":40.0,"turns":5.0},{"damage":0.0,"enemies":"Giant Head","floor":41.0,"turns":13.0},{"damage":0.0,"enemies":"Mind Bloom Boss Battle","floor":44.0,"turns":9.0},{"damage":27.0,"enemies":"Reptomancer","floor":45.0,"turns":17.0},{"damage":2.0,"enemies":"Giant Head","floor":48.0,"turns":9.0},{"damage":8.0,"enemies":"Time Eater","floor":50.0,"turns":26.0},{"damage":0.0,"enemies":"Shield and Spear","floor":54.0,"turns":18.0},{"damage":3,"enemies":"The Heart","floor":55,"turns":17}],"seed_played":"5740582081207802874","potions_obtained":[{"floor":2.0,"key":"Poison Potion"},{"floor":3.0,"key":"FairyPotion"},{"floor":5.0,"key":"GhostInAJar"},{"floor":14.0,"key":"AttackPotion"},{"floor":18.0,"key":"Strength Potion"},{"floor":29.0,"key":"Weak Potion"},{"floor":48.0,"key":"GamblersBrew"},{"floor":54.0,"key":"SkillPotion"}],"is_trial":false,"path_per_floor":["M","M","M","$","M","R","E","?","T","R","M","M","?","M","R","B",null,"M","M","M","?","$","E","$","R","T","?","$","E","R","M","R","B",null,"M","M","M","M","$","M","E","R","T","?","E","R","$","E","R","B",null,"R","$","E","B",null],"character_chosen":"THE_SILENT","items_purchased":["Dash","CunningPotion","Poison Potion","TheAbacus","Calculated Gamble","Medical Kit","Regen Potion","OrangePellets"],"campfire_rested":0,"item_purchase_floors":[4,4,22,22,28,39,39,53],"current_hp_per_floor":[60,60,60,60,55,55,46,46,46,46,48,50,50,45,45,35,61,63,65,58,58,58,54,54,54,54,54,54,37,37,38,38,40,63,65,66,68,62,62,47,49,49,49,51,41,41,41,41,41,35,61,61,61,63,62],"gold":42,"neow_bonus":"TWO_FIFTY_GOLD","is_daily":false,"chose_seed":false,"campfire_upgraded":9,"win_rate":0.0,"timestamp":1608226412,"path_taken":["M","M","M","$","?","R","E","?","T","R","M","?","?","M","R","BOSS","M","M","?","?","$","E","$","R","T","?","?","E","R","M","R","BOSS","M","M","?","M","$","M","E","R","T","?","E","R","$","E","R","BOSS","R","$","E","BOSS"],"items_purchased_type":["Card","Potion","Potion","Relic","Card","Relic","Potion","Relic"],"build_version":"2020-12-13","purchased_purges":3,"victory":true,"max_hp_per_floor":[70,70,70,70,70,70,70,70,70,70,70,70,70,70,70,70,70,70,70,70,70,70,70,70,70,70,70,70,70,70,70,70,70,70,70,70,70,70,70,70,70,70,70,70,70,70,70,70,70,70,70,70,70,70,70],"relic_stats":{"counters":[28,340],"Astrolabe":["Adrenaline","Sucker Punch","After Image"],"Dead Branch":[55],"Cursed Key":1,"MawBank":120,"Medical Kit":[16],"Blood Vial":46,"OrangePellets":[3],"Lizard Tail":0,"TheAbacus":[666],"obtain_stats":[{"Calipers":23,"Astrolabe":34,"Dead Branch":45,"Oddly Smooth Stone":54,"Bottled Tornado":48,"Cursed Key":17,"MawBank":29,"Medical Kit":39,"Blood Vial":7,"OrangePellets":53,"Lizard Tail":44,"TheAbacus":22,"Molten Egg 2":41,"InkBottle":9,"Ring of the Snake":0},{"Calipers":13,"Astrolabe":16,"Dead Branch":24,"Oddly Smooth Stone":27,"Bottled Tornado":25,"Cursed Key":9,"MawBank":14,"Medical Kit":20,"Blood Vial":5,"OrangePellets":26,"Lizard Tail":23,"TheAbacus":12,"Molten Egg 2":22,"InkBottle":5,"Ring of the Snake":0},{"Calipers":91,"Astrolabe":202,"Dead Branch":270,"Oddly Smooth Stone":323,"Bottled Tornado":279,"Cursed Key":60,"MawBank":102,"Medical Kit":226,"Blood Vial":29,"OrangePellets":305,"Lizard Tail":253,"TheAbacus":80,"Molten Egg 2":244,"InkBottle":29,"Ring of the Snake":0}],"InkBottle":[159],"Ring of the Snake":[56]},"card_choices":[{"not_picked":["Expertise","Crippling Poison"],"picked":"Backstab","floor":1.0},{"not_picked":["Quick Slash","Masterful Stab"],"picked":"Footwork","floor":2.0},{"not_picked":["Footwork","Choke"],"picked":"PiercingWail","floor":3.0},{"not_picked":["Flechettes","Outmaneuver"],"picked":"Backflip","floor":5.0},{"not_picked":["Masterful Stab","Bane"],"picked":"Well Laid Plans","floor":7.0},{"not_picked":["Choke","Underhanded Strike"],"picked":"Footwork","floor":11.0},{"not_picked":["Calculated Gamble","Blade Dance"],"picked":"Deadly Poison","floor":12.0},{"not_picked":["Dodge and Roll","Quick Slash"],"picked":"Flying Knee","floor":14.0},{"not_picked":["Venomology","Doppelganger"],"picked":"Malaise","floor":16.0},{"not_picked":["All Out Attack","Flying Knee"],"picked":"Blade Dance","floor":18.0},{"not_picked":["Expertise","Deadly Poison","Prepared+1"],"picked":"SKIP","floor":19.0},{"not_picked":["Quick Slash+1","Acrobatics"],"picked":"Leg Sweep","floor":20.0},{"not_picked":["Bane","Cloak And Dagger","Riddle With Holes"],"picked":"SKIP","floor":23.0},{"not_picked":["Choke","Reflex"],"picked":"Die Die Die","floor":29.0},{"not_picked":["Prepared","Underhanded Strike"],"picked":"Acrobatics","floor":31.0},{"not_picked":["Night Terror","Unload"],"picked":"Grand Finale","floor":33.0},{"not_picked":["PiercingWail+1","Escape Plan+1"],"picked":"Tactician","floor":35.0},{"not_picked":["PiercingWail","Blade Dance+1"],"picked":"Blur+1","floor":36.0},{"not_picked":["Reflex","Bane+1","Calculated Gamble"],"picked":"SKIP","floor":37.0},{"not_picked":["Deflect","Backflip"],"picked":"Dodge and Roll+1","floor":38.0},{"not_picked":["Slice","Accuracy","Bane+1"],"picked":"SKIP","floor":40.0},{"not_picked":["Flechettes+1","PiercingWail"],"picked":"Poisoned Stab+1","floor":41.0},{"not_picked":["All Out Attack+1","Masterful Stab+1"],"picked":"Blur+1","floor":44.0},{"not_picked":["Envenom","Cloak And Dagger+1"],"picked":"PiercingWail+1","floor":45.0},{"not_picked":["Finisher+1","Infinite Blades"],"picked":"Tactician+1","floor":48.0},{"not_picked":["Poisoned Stab+1","Deflect"],"picked":"Blur+1","floor":54.0}],"player_experience":191819,"relics_obtained":[{"floor":7.0,"key":"Blood Vial"},{"floor":9.0,"key":"InkBottle"},{"floor":23.0,"key":"Calipers"},{"floor":29.0,"key":"MawBank"},{"floor":41.0,"key":"Molten Egg 2"},{"floor":44.0,"key":"Lizard Tail"},{"floor":45.0,"key":"Dead Branch"},{"floor":48.0,"key":"Bottled Tornado"},{"floor":54.0,"key":"Oddly Smooth Stone"}],"event_choices":[{"cards_removed":["Strike_G"],"damage_healed":0.0,"max_hp_gain":0.0,"max_hp_loss":0.0,"gold_gain":0.0,"event_name":"Purifier","player_choice":"Purged","floor":8.0,"gold_loss":0.0,"damage_taken":0.0},{"damage_healed":0.0,"max_hp_gain":0.0,"max_hp_loss":0.0,"gold_gain":100.0,"event_name":"Golden Shrine","player_choice":"Pray","floor":13.0,"gold_loss":0.0,"damage_taken":0.0},{"cards_removed":["Strike_G"],"damage_healed":0.0,"max_hp_gain":0.0,"max_hp_loss":0.0,"gold_gain":0.0,"event_name":"Beggar","player_choice":"Gave Gold","floor":21.0,"gold_loss":75.0,"damage_taken":0.0},{"damage_healed":0.0,"max_hp_gain":0.0,"max_hp_loss":0.0,"gold_gain":0.0,"cards_transformed":["Strike_G","Strike_G"],"event_name":"Drug Dealer","player_choice":"Became Test Subject","floor":27.0,"gold_loss":0.0,"damage_taken":0.0,"cards_obtained":["Flechettes","Deflect"]},{"damage_healed":0.0,"max_hp_gain":0.0,"max_hp_loss":0.0,"gold_gain":0.0,"event_name":"MindBloom","player_choice":"Fight","floor":44.0,"gold_loss":0.0,"damage_taken":0.0}],"is_beta":false,"boss_relics":[{"not_picked":["HoveringKite","Empty Cage"],"picked":"Cursed Key"},{"not_picked":["SacredBark","Pandora\u0027s Box"],"picked":"Astrolabe"}],"items_purged_floors":[4,22,47],"is_endless":false,"potions_floor_spawned":[2,3,5,14,18,29,33,35,40,41,48,54],"ascension_level":8}}