{"host":"y76x98twjnyyxs83","time":1608209809,"event":{"mods":["BaseMod","Colored Powertips","Minty Spire (QoL Compilation)","Permanent Neow","Quick Restart","Rare Cards Sparkle","Relic Stats","StSLib"],"gold_per_floor":[116,127,127,147,19,19,51,51,123,156,171,181,181,95,95,169,169,183,183,193,243,63,63,98,98,98,20,34,68,87,99,99,99,99],"floor_reached":33,"playtime":1319,"items_purged":["Strike_P","SignatureMove"],"score":590,"play_id":"7117ac7e-db9e-4b18-8ee7-31de5342d368","local_time":"20201217205649","is_ascension_mode":true,"campfire_choices":[{"data":"FollowUp","floor":6,"key":"SMITH"},{"floor":15,"key":"REST"},{"data":"TalkToTheHand","floor":23,"key":"SMITH"},{"floor":25,"key":"REST"},{"floor":32,"key":"REST"}],"circlet_count":0,"master_deck":["AscendersBane","Eruption","Vigilance","BattleHymn","ClearTheMind","FollowUp+1","FlurryOfBlows","DeusExMachina","Conclude","Wallop","TalkToTheHand+1","SpiritShield","Nirvana+1","SandsOfTime","Brilliance","DeceiveReality","Tantrum","Protect","Blasphemy","EmptyFist","Perseverance","Wireheading+1","Meditate+1"],"relics":["Empty Cage","Nunchaku","InkBottle","Frozen Egg 2","Art of War","Toy Ornithopter","Pandora\u0027s Box","White Beast Statue","Ornamental Fan"],"acts_visited":["Exordium","TheCity"],"potions_floor_usage":[20,24,29,30,33],"damage_taken":[{"damage":1,"enemies":"Small Slimes","floor":1,"turns":4},{"damage":2,"enemies":"Jaw Worm","floor":2,"turns":4},{"damage":2,"enemies":"Cultist","floor":4,"turns":3},{"damage":16,"enemies":"Gremlin Nob","floor":7,"turns":3},{"damage":37,"enemies":"3 Sentries","floor":10,"turns":9},{"damage":18,"enemies":"Exordium Thugs","floor":11,"turns":4},{"damage":0,"enemies":"Blue Slaver","floor":12,"turns":1},{"damage":34,"enemies":"The Guardian","floor":16,"turns":8},{"damage":20,"enemies":"2 Thieves","floor":18,"turns":4},{"damage":22,"enemies":"Shell Parasite","floor":20,"turns":4},{"damage":19,"enemies":"Book of Stabbing","floor":24,"turns":5},{"damage":14,"enemies":"Snake Plant","floor":28,"turns":4},{"damage":21,"enemies":"Gremlin Leader","floor":29,"turns":4},{"damage":0,"enemies":"3 Cultists","floor":30,"turns":3},{"damage":2,"enemies":"Snecko","floor":31,"turns":5},{"damage":44,"enemies":"Champ","floor":33,"turns":6}],"seed_played":"7673305213816991392","potions_obtained":[{"floor":1,"key":"Weak Potion"},{"floor":2,"key":"FairyPotion"},{"floor":16,"key":"Regen Potion"},{"floor":20,"key":"SneckoOil"},{"floor":28,"key":"Fire Potion"},{"floor":29,"key":"Strength Potion"},{"floor":30,"key":"Block Potion"}],"is_trial":false,"path_per_floor":["M","M","?","M","$","R","E","?","T","E","M","M","T","$","R","B",null,"M","?","M","?","$","R","E","R","T","$","M","E","M","M","R","B"],"character_chosen":"WATCHER","items_purchased":["FlurryOfBlows","TalkToTheHand","Blasphemy","Perseverance"],"campfire_rested":3,"item_purchase_floors":[5,14,22,27],"current_hp_per_floor":[60,58,40,38,38,38,22,68,68,31,13,13,13,13,33,20,56,36,36,31,31,31,31,17,37,37,37,23,7,12,10,30,0,0],"gold":99,"neow_bonus":"BOSS_RELIC","is_daily":false,"chose_seed":false,"campfire_upgraded":2,"win_rate":0.0,"timestamp":1608209809,"path_taken":["M","M","?","M","$","R","E","?","T","E","M","?","?","$","R","BOSS","M","?","M","?","?","R","E","R","T","$","M","E","M","M","R","BOSS"],"items_purchased_type":["Card","Card","Card","Card"],"build_version":"2020-12-13","purchased_purges":2,"victory":false,"max_hp_per_floor":[68,68,68,68,68,68,68,68,68,68,68,68,68,68,68,68,68,68,68,68,68,68,68,68,68,68,68,68,68,68,68,68,68,68],"relic_stats":{"Nunchaku":[14],"counters":[16,71],"Ornamental Fan":[28],"Pandora\u0027s Box":["SignatureMove","Nirvana","SandsOfTime","Brilliance","DeceiveReality"],"Art of War":[6],"obtain_stats":[{"Nunchaku":3,"Ornamental Fan":29,"Pandora\u0027s Box":17,"Art of War":10,"PureWater":0,"Frozen Egg 2":9,"Empty Cage":0,"InkBottle":7,"Toy Ornithopter":13,"White Beast Statue":26},{"Nunchaku":2,"Ornamental Fan":13,"Pandora\u0027s Box":8,"Art of War":5,"PureWater":0,"Frozen Egg 2":4,"Empty Cage":0,"InkBottle":4,"Toy Ornithopter":7,"White Beast Statue":11},{"Nunchaku":8,"Ornamental Fan":57,"Pandora\u0027s Box":36,"Art of War":23,"PureWater":0,"Frozen Egg 2":14,"Empty Cage":0,"InkBottle":14,"Toy Ornithopter":28,"White Beast Statue":49}],"InkBottle":[19],"Toy Ornithopter":25},"card_choices":[{"not_picked":["Evaluate","PathToVictory"],"picked":"BattleHymn","floor":1},{"not_picked":["EmptyFist","Halt"],"picked":"ClearTheMind","floor":2},{"not_picked":["PathToVictory","Prostrate"],"picked":"FollowUp","floor":4},{"not_picked":["Scrawl","Protect"],"picked":"DeusExMachina","floor":7},{"not_picked":["SashWhip","WheelKick"],"picked":"Conclude","floor":10},{"not_picked":["Crescendo","Halt","PathToVictory"],"picked":"SKIP","floor":11},{"not_picked":["ForeignInfluence","FearNoEvil"],"picked":"Wallop","floor":12},{"not_picked":["Omniscience","Ragnarok"],"picked":"SpiritShield","floor":16},{"not_picked":["FlurryOfBlows","Crescendo"],"picked":"Tantrum","floor":18},{"not_picked":["LikeWater+1","ClearTheMind"],"picked":"Protect","floor":20},{"not_picked":["JustLucky","BowlingBash"],"picked":"EmptyFist","floor":24},{"not_picked":["Halt","FlyingSleeves","EmptyMind"],"picked":"SKIP","floor":28},{"not_picked":["CrushJoints","Fasting2+1","EmptyMind"],"picked":"SKIP","floor":29},{"not_picked":["BowlingBash","Prostrate"],"picked":"Wireheading+1","floor":30},{"not_picked":["ClearTheMind+1","Wireheading+1"],"picked":"Meditate+1","floor":31}],"player_experience":1091876,"relics_obtained":[{"floor":7,"key":"InkBottle"},{"floor":9,"key":"Frozen Egg 2"},{"floor":10,"key":"Art of War"},{"floor":13,"key":"Toy Ornithopter"},{"floor":26,"key":"White Beast Statue"},{"floor":29,"key":"Ornamental Fan"}],"event_choices":[{"damage_healed":0,"gold_gain":0,"player_choice":"Success","damage_taken":18,"relics_obtained":["Nunchaku"],"max_hp_gain":0,"max_hp_loss":0,"event_name":"Scrap Ooze","floor":3,"gold_loss":0},{"damage_healed":46,"gold_gain":0,"player_choice":"Full Heal","damage_taken":0,"max_hp_gain":0,"max_hp_loss":0,"event_name":"Wheel of Change","floor":8,"gold_loss":0},{"damage_healed":0,"gold_gain":0,"player_choice":"Ignored","damage_taken":0,"max_hp_gain":0,"max_hp_loss":0,"event_name":"Vampires","floor":19,"gold_loss":0},{"damage_healed":0,"gold_gain":50,"player_choice":"Stole From Cult","damage_taken":0,"max_hp_gain":0,"max_hp_loss":0,"event_name":"Nest","floor":21,"gold_loss":0}],"is_beta":false,"boss_relics":[{"not_picked":["Busted Crown","SacredBark"],"picked":"Pandora\u0027s Box"}],"items_purged_floors":[5,22],"is_endless":false,"potions_floor_spawned":[1,2,10,16,20,28,29,30,31],"killed_by":"Champ","ascension_level":20}}