{"host":"jn2qdns2nxijvlnt","time":1608187849,"event":{"mods":["BaseMod","Minty Spire (QoL Compilation)","Quick Restart"],"gold_per_floor":[110,185,235,254,254,280,280,21,48,48,48,99,133,153,153,226,226,226,226,176,208,224,252,265,265,265],"floor_reached":25,"playtime":1209,"items_purged":[],"score":504,"play_id":"afbc07bb-991b-4610-b714-fcb4b410847a","local_time":"20201217015049","is_ascension_mode":true,"campfire_choices":[{"floor":7.0,"key":"REST"},{"floor":10.0,"key":"REST"},{"floor":15.0,"key":"REST"}],"circlet_count":0,"master_deck":["AscendersBane","Strike_R","Strike_R","Strike_R","Strike_R","Strike_R","Defend_R","Defend_R","Defend_R","Defend_R","Bash","Heavy Blade+1","Uppercut","Spot Weakness","Flex","Double Tap","Infernal Blade","Shrug It Off"],"relics":["Burning Blood","White Beast Statue","Brimstone","Juzu Bracelet","Pear","SlaversCollar","Red Mask","Self Forming Clay"],"acts_visited":["Exordium","TheCity"],"potions_floor_usage":[25],"damage_taken":[{"damage":1.0,"enemies":"Small Slimes","floor":1.0,"turns":4.0},{"damage":2.0,"enemies":"Cultist","floor":4.0,"turns":4.0},{"damage":64.0,"enemies":"Gremlin Nob","floor":6.0,"turns":6.0},{"damage":21.0,"enemies":"3 Sentries","floor":13.0,"turns":5.0},{"damage":11.0,"enemies":"2 Louse","floor":14.0,"turns":2.0},{"damage":58.0,"enemies":"The Guardian","floor":16.0,"turns":6.0},{"damage":0.0,"enemies":"3 Byrds","floor":18.0,"turns":1.0},{"damage":0.0,"enemies":"Masked Bandits","floor":21.0,"turns":2.0},{"damage":14.0,"enemies":"Chosen","floor":22.0,"turns":3.0},{"damage":34.0,"enemies":"Slavers","floor":23.0,"turns":4.0},{"damage":46.0,"enemies":"Shelled Parasite and Fungi","floor":24.0,"turns":4.0},{"damage":2,"enemies":"Book of Stabbing","floor":25,"turns":2}],"seed_played":"1697173198206699546","potions_obtained":[{"floor":4.0,"key":"SmokeBomb"},{"floor":13.0,"key":"SkillPotion"},{"floor":14.0,"key":"Dexterity Potion"},{"floor":16.0,"key":"ColorlessPotion"},{"floor":21.0,"key":"Explosive Potion"},{"floor":22.0,"key":"HeartOfIron"},{"floor":23.0,"key":"Swift Potion"},{"floor":24.0,"key":"DistilledChaos"}],"is_trial":false,"path_per_floor":["M","?","?","M","?","E","R","$","T","R","$","?","E","M","R","B",null,"M","?","?","?","M","E","M","E"],"character_chosen":"IRONCLAD","items_purchased":["Brimstone","Spot Weakness"],"campfire_rested":3,"item_purchase_floors":[8,8],"current_hp_per_floor":[80,69,69,73,73,15,39,39,39,63,63,63,58,53,80,28,76,82,82,82,88,80,52,12,10,10],"gold":265,"neow_bonus":"TEN_PERCENT_HP_BONUS","is_daily":false,"chose_seed":false,"campfire_upgraded":0,"win_rate":0.0,"timestamp":1608187849,"path_taken":["M","?","?","?","?","E","R","$","T","R","$","?","E","M","R","BOSS","M","?","?","?","M","E","M","E"],"items_purchased_type":["Relic","Card"],"build_version":"2020-12-13","purchased_purges":0,"victory":false,"max_hp_per_floor":[82,82,82,82,82,82,82,82,82,82,82,82,92,92,92,92,92,92,92,92,92,92,92,92,92,92],"card_choices":[{"not_picked":["Cleave","Combust"],"picked":"Heavy Blade","floor":1.0},{"not_picked":["Wild Strike","Havoc","Pummel"],"picked":"SKIP","floor":4.0},{"not_picked":["Pommel Strike","Whirlwind"],"picked":"Uppercut","floor":6.0},{"not_picked":["Armaments","Evolve","Havoc"],"picked":"SKIP","floor":13.0},{"not_picked":["Pommel Strike","Power Through"],"picked":"Flex","floor":14.0},{"not_picked":["Bludgeon","Reaper"],"picked":"Double Tap","floor":16.0},{"not_picked":["Anger","Body Slam"],"picked":"Infernal Blade","floor":21.0},{"not_picked":["Thunderclap","Feel No Pain"],"picked":"Shrug It Off","floor":22.0},{"not_picked":["Headbutt+1","Flex","Twin Strike"],"picked":"SKIP","floor":23.0},{"not_picked":["Reckless Charge","Shrug It Off","Pommel Strike"],"picked":"SKIP","floor":24.0}],"player_experience":425662,"relics_obtained":[{"floor":6.0,"key":"White Beast Statue"},{"floor":9.0,"key":"Juzu Bracelet"},{"floor":13.0,"key":"Pear"},{"floor":21.0,"key":"Red Mask"},{"floor":23.0,"key":"Self Forming Clay"}],"event_choices":[{"damage_healed":0.0,"max_hp_gain":0.0,"max_hp_loss":0.0,"gold_gain":75.0,"event_name":"World of Goop","player_choice":"Gather Gold","floor":2.0,"gold_loss":0.0,"damage_taken":11.0},{"damage_healed":0.0,"max_hp_gain":0.0,"max_hp_loss":0.0,"gold_gain":50.0,"event_name":"Golden Shrine","player_choice":"Pray","floor":3.0,"gold_loss":0.0,"damage_taken":0.0},{"damage_healed":0.0,"max_hp_gain":0.0,"max_hp_loss":0.0,"gold_gain":0.0,"event_name":"Living Wall","player_choice":"Grow","floor":5.0,"gold_loss":0.0,"damage_taken":0.0,"cards_upgraded":["Heavy Blade"]},{"damage_healed":0.0,"max_hp_gain":0.0,"max_hp_loss":0.0,"gold_gain":51.0,"event_name":"Golden Wing","player_choice":"Gained Gold","floor":12.0,"gold_loss":0.0,"damage_taken":0.0},{"damage_healed":0.0,"max_hp_gain":0.0,"max_hp_loss":0.0,"gold_gain":0.0,"event_name":"Beggar","player_choice":"Ignored","floor":19.0,"gold_loss":0.0,"damage_taken":0.0},{"damage_healed":0.0,"max_hp_gain":0.0,"max_hp_loss":0.0,"gold_gain":0.0,"event_name":"The Joust","player_choice":"Bet on Murderer","floor":20.0,"gold_loss":50.0,"damage_taken":0.0},{"damage_healed":0.0,"max_hp_gain":0.0,"max_hp_loss":0.0,"gold_gain":0.0,"event_name":"Masked Bandits","player_choice":"Fought Bandits","floor":21.0,"gold_loss":0.0,"damage_taken":0.0}],"is_beta":false,"boss_relics":[{"not_picked":["Black Star","Black Blood"],"picked":"SlaversCollar"}],"items_purged_floors":[],"is_endless":false,"potions_floor_spawned":[4,13,14,16,18,21,22,23,24],"killed_by":"Book of Stabbing","ascension_level":20}}