{"host":"nmjik3bzoelmmajy","time":1608214546,"event":{"mods":["BaseMod","Better Third Choice","Colored Map","DeckTracker","Minty Spire (QoL Compilation)","Quick Restart","Say the Spire","StSLib","SuperFastMode"],"gold_per_floor":[118,118,132,148,148,148,187,200,200,215,231,274,299,338,338,427,427,450,400,425,144,164,164,180,215,215,215,238,238,138,151,151,151,151],"floor_reached":33,"playtime":1781,"items_purged":["Defend_G","Strike_G"],"score":524,"play_id":"b3348277-49d8-41e1-9a72-dcca95c0b897","local_time":"20201217231546","is_ascension_mode":true,"campfire_choices":[{"data":"Leg Sweep","floor":6.0,"key":"SMITH"},{"floor":15.0,"key":"REST"},{"data":"Backflip","floor":23.0,"key":"SMITH"},{"floor":27,"key":"REST"},{"data":"Calculated Gamble","floor":29,"key":"SMITH"},{"floor":32,"key":"REST"}],"circlet_count":0,"master_deck":["AscendersBane","Strike_G","Strike_G+1","Defend_G","Defend_G","Defend_G","Defend_G","Survivor","Neutralize+1","Doppelganger","Leg Sweep+1","Backflip+1","Poisoned Stab","Heel Hook","Well Laid Plans","Calculated Gamble+1","Blade Dance","Terror","PiercingWail","Glass Knife","Reflex","Prepared","Underhanded Strike+1","Envenom","Acrobatics"],"relics":["Ring of the Snake","Golden Idol","Whetstone","StrikeDummy","Girya","Akabeko","Philosopher\u0027s Stone","PreservedInsect","StoneCalendar","Question Card"],"acts_visited":["Exordium","TheCity"],"potions_floor_usage":[25,28,33],"damage_taken":[{"damage":1.0,"enemies":"Small Slimes","floor":1.0,"turns":4.0},{"damage":0.0,"enemies":"2 Louse","floor":3.0,"turns":5.0},{"damage":2.0,"enemies":"Cultist","floor":4.0,"turns":6.0},{"damage":1.0,"enemies":"Lagavulin","floor":7.0,"turns":6.0},{"damage":3.0,"enemies":"Looter","floor":8.0,"turns":3.0},{"damage":11.0,"enemies":"Exordium Wildlife","floor":10.0,"turns":6.0},{"damage":0.0,"enemies":"Large Slime","floor":11.0,"turns":5.0},{"damage":25.0,"enemies":"Gremlin Nob","floor":12.0,"turns":4.0},{"damage":5.0,"enemies":"Gremlin Gang","floor":13.0,"turns":6.0},{"damage":1.0,"enemies":"Lagavulin","floor":14.0,"turns":8.0},{"damage":10.0,"enemies":"Hexaghost","floor":16.0,"turns":12.0},{"damage":0.0,"enemies":"Chosen","floor":18.0,"turns":3.0},{"damage":0.0,"enemies":"Spheric Guardian","floor":20.0,"turns":3.0},{"damage":27.0,"enemies":"3 Cultists","floor":22.0,"turns":8.0},{"damage":0.0,"enemies":"Snecko","floor":24.0,"turns":4.0},{"damage":14,"enemies":"Gremlin Leader","floor":25,"turns":4},{"damage":6,"enemies":"Centurion and Healer","floor":28,"turns":7},{"damage":10,"enemies":"Cultist and Chosen","floor":31,"turns":7},{"damage":43,"enemies":"Collector","floor":33,"turns":6}],"seed_played":"-9171334570389616518","potions_obtained":[{"floor":1.0,"key":"Regen Potion"},{"floor":4.0,"key":"EntropicBrew"},{"floor":10.0,"key":"CunningPotion"},{"floor":12.0,"key":"Dexterity Potion"},{"floor":16.0,"key":"FearPotion"},{"floor":18.0,"key":"SneckoOil"},{"floor":22.0,"key":"Weak Potion"},{"floor":24.0,"key":"BlessingOfTheForge"},{"floor":31,"key":"Swift Potion"}],"is_trial":false,"path_per_floor":["M","?","M","M","?","R","E","M","T","M","M","E","M","E","R","B",null,"M","?","M","$","M","R","M","E","T","R","M","R","$","M","R","B"],"character_chosen":"THE_SILENT","items_purchased":["Reflex","PreservedInsect"],"campfire_rested":3,"item_purchase_floors":[21,21],"current_hp_per_floor":[58,58,58,56,49,49,60,57,57,46,46,21,16,15,33,23,51,51,51,51,51,24,24,24,10,10,28,22,22,22,12,30,0,0],"gold":151,"neow_bonus":"TRANSFORM_CARD","is_daily":false,"chose_seed":false,"campfire_upgraded":3,"win_rate":0.0,"timestamp":1608214546,"path_taken":["M","?","M","M","?","R","E","M","T","M","M","E","M","E","R","BOSS","M","?","M","$","M","R","?","E","T","R","M","R","$","M","R","BOSS"],"items_purchased_type":["Card","Relic"],"build_version":"2020-12-13","purchased_purges":2,"victory":false,"max_hp_per_floor":[66,60,60,60,60,60,60,60,60,60,60,60,60,60,60,60,60,60,60,60,60,60,60,60,60,60,60,60,60,60,60,60,60,60],"card_choices":[{"not_picked":["Quick Slash","Prepared"],"picked":"Leg Sweep","floor":1.0},{"not_picked":["Bane","Slice"],"picked":"Backflip","floor":3.0},{"not_picked":["Eviscerate","Prepared"],"picked":"Poisoned Stab","floor":4.0},{"not_picked":["Deadly Poison","Skewer"],"picked":"Heel Hook","floor":7.0},{"not_picked":["Slice","Dagger Spray"],"picked":"Well Laid Plans","floor":8.0},{"not_picked":["Unload","Dagger Throw","Bane"],"picked":"SKIP","floor":10.0},{"not_picked":["Riddle With Holes","Flechettes"],"picked":"Calculated Gamble","floor":11.0},{"not_picked":["Doppelganger","Tactician"],"picked":"Blade Dance","floor":12.0},{"not_picked":["Dagger Spray","Choke"],"picked":"Terror","floor":13.0},{"not_picked":["Deflect","Endless Agony"],"picked":"PiercingWail","floor":14.0},{"not_picked":["Grand Finale","Night Terror"],"picked":"Glass Knife","floor":16.0},{"not_picked":["Quick Slash","Bane","Predator"],"picked":"SKIP","floor":18.0},{"not_picked":["Underhanded Strike","Dagger Throw","Flechettes"],"picked":"SKIP","floor":20.0},{"not_picked":["Dodge and Roll","Sucker Punch"],"picked":"Prepared","floor":22.0},{"not_picked":["Deflect","Dodge and Roll"],"picked":"Underhanded Strike+1","floor":24.0},{"not_picked":["Malaise","Deadly Poison"],"picked":"Envenom","floor":25},{"not_picked":["Crippling Poison","Quick Slash","Outmaneuver+1"],"picked":"Acrobatics","floor":28},{"not_picked":["Endless Agony","Dagger Throw","Heel Hook","Outmaneuver"],"picked":"SKIP","floor":31}],"player_experience":811664,"relics_obtained":[{"floor":7.0,"key":"Whetstone"},{"floor":9.0,"key":"StrikeDummy"},{"floor":12.0,"key":"Girya"},{"floor":14.0,"key":"Akabeko"},{"floor":25,"key":"StoneCalendar"},{"floor":26,"key":"Question Card"}],"event_choices":[{"damage_healed":0.0,"max_hp_gain":0.0,"max_hp_loss":6.0,"gold_gain":0.0,"event_name":"Golden Idol","player_choice":"Lose Max HP","floor":2.0,"gold_loss":0.0,"damage_taken":0.0,"relics_obtained":["Golden Idol"]},{"cards_removed":["Strike_G"],"damage_healed":0.0,"max_hp_gain":0.0,"max_hp_loss":0.0,"gold_gain":0.0,"event_name":"Golden Wing","player_choice":"Card Removal","floor":5.0,"gold_loss":0.0,"damage_taken":7.0},{"damage_healed":0.0,"max_hp_gain":0.0,"max_hp_loss":0.0,"gold_gain":0.0,"event_name":"The Joust","player_choice":"Bet on Murderer","floor":19.0,"gold_loss":50.0,"damage_taken":0.0}],"is_beta":false,"boss_relics":[{"not_picked":["Busted Crown","SacredBark"],"picked":"Philosopher\u0027s Stone"}],"items_purged_floors":[21,30],"is_endless":false,"potions_floor_spawned":[1,4,10,12,16,18,22,24,31],"killed_by":"Collector","ascension_level":16}}