{"host":"utqe55yv0jihe4d6","time":1608228817,"event":{"mods":["2.2 Compatiblity","AchievementEnabler","BaseMod","Block Reminder","Colored Map","Colored Powertips","Minty Spire (QoL Compilation)","Quick Restart","Rare Cards Sparkle","Relic Stats","SuperFastMode"],"gold_per_floor":[113,131,13,13,13,13,13,13,13,13,13],"floor_reached":10,"playtime":183,"items_purged":["Doubt"],"score":108,"play_id":"37a73603-f9ee-41e8-9c29-e10bf905d543","local_time":"20201217131337","is_ascension_mode":true,"campfire_choices":[{"data":"Skewer","floor":6,"key":"SMITH"},{"floor":8,"key":"REST"}],"circlet_count":0,"master_deck":["AscendersBane","Strike_G","Strike_G","Strike_G","Strike_G+1","Strike_G","Defend_G+1","Defend_G","Defend_G","Defend_G","Defend_G","Survivor","Neutralize","Burst","Blade Dance","Sucker Punch","Skewer+1"],"relics":["Ring of the Snake","Blue Candle","Pear"],"acts_visited":["Exordium"],"potions_floor_usage":[],"damage_taken":[{"damage":0,"enemies":"2 Louse","floor":1,"turns":2},{"damage":6,"enemies":"Jaw Worm","floor":2,"turns":7},{"damage":57,"enemies":"Lagavulin","floor":10,"turns":8}],"seed_played":"3307041889070521382","potions_obtained":[],"is_trial":false,"path_per_floor":["M","M","$","?","?","R","$","R","T","E"],"character_chosen":"THE_SILENT","items_purchased":["Skewer"],"campfire_rested":1,"item_purchase_floors":[3],"current_hp_per_floor":[59,53,53,35,15,15,15,34,44,0,0],"gold":13,"neow_bonus":"THREE_RARE_CARDS","is_daily":false,"chose_seed":false,"campfire_upgraded":1,"win_rate":0.0,"timestamp":1608228817,"path_taken":["M","M","$","?","?","R","?","R","T","E"],"items_purchased_type":["Card"],"build_version":"2020-12-13","purchased_purges":1,"victory":false,"max_hp_per_floor":[66,66,66,66,66,66,66,66,76,76,76],"relic_stats":{"counters":[3,17],"Blue Candle":[0],"obtain_stats":[{"Pear":9,"Blue Candle":4,"Ring of the Snake":0},{"Pear":2,"Blue Candle":2,"Ring of the Snake":0},{"Pear":9,"Blue Candle":9,"Ring of the Snake":0}],"Ring of the Snake":[6]},"card_choices":[{"not_picked":["Storm of Steel","Doppelganger"],"picked":"Burst","floor":0},{"not_picked":["Cloak And Dagger","Quick Slash"],"picked":"Blade Dance","floor":1},{"not_picked":["Calculated Gamble","PiercingWail"],"picked":"Sucker Punch","floor":2}],"player_experience":2783811,"relics_obtained":[{"floor":9,"key":"Pear"}],"event_choices":[{"damage_healed":0,"gold_gain":0,"player_choice":"Success","damage_taken":18,"relics_obtained":["Blue Candle"],"max_hp_gain":0,"max_hp_loss":0,"event_name":"Scrap Ooze","floor":4,"gold_loss":0},{"damage_healed":0,"gold_gain":0,"player_choice":"Entered Light","damage_taken":20,"max_hp_gain":0,"max_hp_loss":0,"event_name":"Shining Light","floor":5,"gold_loss":0,"cards_upgraded":["Strike_G","Defend_G"]}],"is_beta":false,"boss_relics":[],"items_purged_floors":[3],"is_endless":false,"potions_floor_spawned":[],"killed_by":"Lagavulin","ascension_level":20}}