{"host":"cr9rpoy6dx9riis3","time":1608218857,"event":{"mods":["AchievementEnabler","BaseMod","Better Altar","Better Note","Better Sensory Stone","Better Skull","Better Third Choice","Better-Laid Plans","BetterRewards","Block Reminder","Curses Come First","Displayed Cursed Tome","Emptier Cage","Marked Mod","Minty Spire (QoL Compilation)","Permanent Neow","Relic Sorter","StSLib","The Blue Laboratory","Transform Curses"],"gold_per_floor":[117,39,39,51,51,51,76,76,102,114,134,149,149,149,149,251,251,267,375,375,391,418,446,119,119,119,119,133,144,67,81,81,81,81],"floor_reached":33,"playtime":1196,"items_purged":["Strike_R","Strike_R"],"score":438,"play_id":"1efa8854-17fe-4f22-b59e-113ab03a7786","local_time":"20201217162737","is_ascension_mode":true,"campfire_choices":[{"data":"Fire Breathing","floor":6,"key":"SMITH"},{"data":"Uppercut","floor":8,"key":"SMITH"},{"data":"Reckless Charge","floor":13,"key":"SMITH"},{"data":"Power Through","floor":15,"key":"SMITH"},{"data":"Immolate","floor":25,"key":"SMITH"},{"data":"Evolve","floor":27,"key":"SMITH"},{"data":"Metallicize","floor":32,"key":"SMITH"}],"circlet_count":0,"master_deck":["Strike_R","Strike_R+1","Strike_R+1","Defend_R","Defend_R","Defend_R+1","Defend_R","Bash","Fire Breathing+1","Power Through+1","Reckless Charge+1","Uppercut+1","Immolate+1","Evolve+1","Power Through","Metallicize+1","Burning Pact"],"relics":["Burning Blood","Meat on the Bone","Mummified Hand","Medical Kit","Mark of Pain"],"acts_visited":["Exordium","TheCity"],"potions_floor_usage":[23,33,33],"damage_taken":[{"damage":15,"enemies":"Cultist","floor":1,"turns":5},{"damage":15,"enemies":"Small Slimes","floor":4,"turns":4},{"damage":19,"enemies":"Gremlin Nob","floor":7,"turns":5},{"damage":7,"enemies":"Jaw Worm","floor":10,"turns":3},{"damage":5,"enemies":"3 Louse","floor":11,"turns":4},{"damage":14,"enemies":"Large Slime","floor":12,"turns":5},{"damage":52,"enemies":"The Guardian","floor":16,"turns":11},{"damage":16,"enemies":"Shell Parasite","floor":18,"turns":5},{"damage":13,"enemies":"Spheric Guardian","floor":21,"turns":4},{"damage":18,"enemies":"Book of Stabbing","floor":23,"turns":6},{"damage":0,"enemies":"Cultist and Chosen","floor":28,"turns":4},{"damage":25,"enemies":"Centurion and Healer","floor":29,"turns":5},{"damage":10,"enemies":"Sentry and Sphere","floor":31,"turns":4},{"damage":74,"enemies":"Automaton","floor":33,"turns":6}],"seed_played":"-8207485947326142608","potions_obtained":[{"floor":12,"key":"Energy Potion"},{"floor":16,"key":"BlessingOfTheForge"},{"floor":29,"key":"blueLaboratory:PhilterOfMotion"}],"is_trial":false,"path_per_floor":["M","$","?","M","$","R","E","R","T","M","M","M","R","?","R","B",null,"M","?","?","M","T","E","$","R","T","R","M","M","$","M","R","B"],"character_chosen":"IRONCLAD","items_purchased":["Fire Breathing","Reckless Charge","Power Through","Medical Kit","Metallicize"],"campfire_rested":0,"item_purchase_floors":[0,2,24,24,30],"current_hp_per_floor":[71,71,71,62,62,62,49,49,49,48,49,53,53,58,58,24,85,75,22,22,27,27,27,27,27,27,27,45,38,38,46,46,0,0],"gold":81,"neow_bonus":"","is_daily":false,"chose_seed":false,"campfire_upgraded":7,"win_rate":0.0,"timestamp":1608218857,"path_taken":["M","?","?","M","$","R","E","R","T","?","M","M","R","?","R","BOSS","M","?","?","M","?","E","$","R","T","R","?","M","$","M","R","BOSS"],"items_purchased_type":["Card","Card","Card","Relic","Card"],"build_version":"2020-12-13","purchased_purges":2,"victory":false,"max_hp_per_floor":[80,80,80,80,80,80,80,80,80,80,80,80,80,85,85,85,85,85,85,85,85,85,85,85,85,85,85,85,85,85,85,85,85,85],"card_choices":[{"not_picked":["Thunderclap","Havoc"],"picked":"Power Through","floor":1},{"not_picked":["Pommel Strike","Hemokinesis","True Grit"],"picked":"SKIP","floor":4},{"not_picked":["Barricade","Feel No Pain"],"picked":"Uppercut","floor":7},{"not_picked":["Rage","Havoc","Thunderclap"],"picked":"SKIP","floor":10},{"not_picked":["Anger","Corruption","Feel No Pain"],"picked":"SKIP","floor":11},{"not_picked":["Clothesline","Havoc","Perfected Strike"],"picked":"SKIP","floor":12},{"not_picked":["Impervious","Fiend Fire"],"picked":"Immolate","floor":16},{"not_picked":["True Grit","Thunderclap","Cleave"],"picked":"SKIP","floor":18},{"not_picked":["Pommel Strike","Havoc"],"picked":"Evolve","floor":21},{"not_picked":["Anger","Sword Boomerang"],"picked":"Demon Form","floor":23},{"not_picked":["Inflame","Iron Wave+1","True Grit"],"picked":"SKIP","floor":28},{"not_picked":["Clothesline+1","Rage","Whirlwind"],"picked":"SKIP","floor":29},{"not_picked":["True Grit+1","Wild Strike"],"picked":"Burning Pact","floor":31}],"player_experience":727673,"relics_obtained":[{"floor":7,"key":"Meat on the Bone"},{"floor":23,"key":"Mummified Hand"}],"event_choices":[{"damage_healed":0,"gold_gain":0,"player_choice":"Ignored","damage_taken":0,"max_hp_gain":0,"max_hp_loss":0,"event_name":"Transmorgrifier","floor":3,"gold_loss":0},{"damage_healed":0,"gold_gain":0,"player_choice":"Donut","damage_taken":0,"max_hp_gain":5,"max_hp_loss":0,"event_name":"Big Fish","floor":14,"gold_loss":0},{"damage_healed":0,"gold_gain":108,"player_choice":"UP UP GO UP ","damage_taken":60,"relics_obtained":[],"max_hp_gain":0,"max_hp_loss":0,"event_name":"betterSkull:BetterSkull","floor":19,"gold_loss":0,"cards_upgraded":["Strike_R","Strike_R","Defend_R"]},{"damage_healed":0,"gold_gain":0,"player_choice":"Ignored","damage_taken":0,"max_hp_gain":0,"max_hp_loss":0,"event_name":"N\u0027loth","floor":20,"gold_loss":0}],"is_beta":false,"boss_relics":[{"not_picked":["Busted Crown","SlaversCollar"],"picked":"Mark of Pain"}],"items_purged_floors":[0,24],"is_endless":false,"potions_floor_spawned":[12,16,29],"killed_by":"Automaton","ascension_level":4}}