{"host":"bjzqjr1ycgj8gt55","time":1608167810,"event":{"mods":["BaseMod","Better Altar","Better Match","Better Sensory Stone","Better Skull","Better Third Choice","Better Vampires","Block Reminder","Colored Map","Colored Powertips","Downfall","GifTheSpireLib","Minty Spire (QoL Compilation)","Shop Mod","StSLib","Waifu the Spire"],"gold_per_floor":[99,109,214,224,240,240,240,253,272,272,288,299,309,319,336,437,437,437,437,491,766,13,33,33,33,47,113,113,133,145,77,77,77],"floor_reached":32,"playtime":1578,"items_purged":["Regret"],"score":260,"play_id":"caccf1a9-7d6d-47ef-b62f-e231dce0d8d7","local_time":"20201216191650","is_ascension_mode":false,"campfire_choices":[{"data":"Guardian:TwinSlam","floor":1,"key":"SMITH"},{"floor":10,"key":"REST"},{"floor":18,"key":"RECALL"},{"data":"Guardian:RefractedBeam","floor":25,"key":"SMITH"}],"circlet_count":0,"master_deck":["Guardian:Strike_Guardian+1","Guardian:Strike_Guardian","Guardian:Strike_Guardian","Guardian:Strike_Guardian+1","Guardian:Defend_Guardian","Guardian:Defend_Guardian","Guardian:Defend_Guardian","Guardian:Defend_Guardian","Guardian:CurlUp+1","Guardian:TwinSlam+1","Guardian:PrimingBeam","Guardian:ChargeUp","Guardian:RefractedBeam+1","Guardian:Suspension","Guardian:Orbwalk","Guardian:PiercingHide","Guardian:DecasProtection","Guardian:Orbwalk","Guardian:AncientConstruct","Guardian:Planning","Guardian:PrimingBeam","Guardian:PolyBeam","Guardian:TemporalShield+1","Guardian:Gem_White","Guardian:Gem_Red","Guardian:PolyBeam+1","Guardian:Gem_Crimson","Guardian:Gem_Lightblue"],"relics":["Guardian:ModeShifter","Blood Vial","Art of War","Sozu","downfall:KnowingSkull","Gambling Chip","Sling","Bag of Marbles","Pear","Whetstone"],"acts_visited":["Exordium","TheCity"],"potions_floor_usage":[20,30],"damage_taken":[{"damage":2,"enemies":"2 Louse","floor":2,"turns":2},{"damage":1,"enemies":"Cultist","floor":4,"turns":3},{"damage":0,"enemies":"Jaw Worm","floor":5,"turns":3},{"damage":10,"enemies":"Lots of Slimes","floor":8,"turns":4},{"damage":1,"enemies":"Blue Slaver","floor":9,"turns":4},{"damage":6,"enemies":"Red Slaver","floor":11,"turns":3},{"damage":20,"enemies":"Exordium Thugs","floor":12,"turns":5},{"damage":0,"enemies":"2 Fungi Beasts","floor":13,"turns":3},{"damage":6,"enemies":"Gremlin Gang","floor":14,"turns":6},{"damage":2,"enemies":"Blue Slaver","floor":15,"turns":4},{"damage":22,"enemies":"downfall:Watcher","floor":16,"turns":10},{"damage":9,"enemies":"3 Byrds","floor":20,"turns":3},{"damage":12,"enemies":"downfall:FleeingMerchant","floor":22,"turns":4},{"damage":0,"enemies":"Spheric Guardian","floor":23,"turns":5},{"damage":9,"enemies":"Centurion and Healer","floor":26,"turns":4},{"damage":14,"enemies":"Book of Stabbing","floor":27,"turns":4},{"damage":15,"enemies":"Snecko","floor":29,"turns":4},{"damage":10,"enemies":"3 Cultists","floor":30,"turns":5},{"damage":13,"enemies":"downfall:FleeingMerchant","floor":31,"turns":4},{"damage":12,"enemies":"Centurion and Healer","floor":32,"turns":1}],"seed_played":"-4221463228427887666","potions_obtained":[{"floor":5,"key":"Dexterity Potion"},{"floor":8,"key":"Guardian:DefensiveModePotion"},{"floor":12,"key":"GamblersBrew"}],"is_trial":false,"path_per_floor":["R","M","?","M","M","?","T","M","M","R","M","M","M","M","M","B",null,"R","?","M","?","$","M","T","R","M","E","?","M","M","$","M"],"character_chosen":"GUARDIAN","items_purchased":["Gambling Chip","Sling","Bag of Marbles","Guardian:PrimingBeam","Guardian:PrismaticBeam","Guardian:Gem_Crimson","Guardian:Gem_Lightblue"],"campfire_rested":1,"item_purchase_floors":[22,22,22,22,22,31,31],"current_hp_per_floor":[80,78,38,39,41,41,41,33,34,58,54,36,38,34,34,14,80,80,72,65,65,55,57,67,67,60,48,40,27,19,8,0,0],"gold":77,"neow_bonus":"UPGRADE_CARD","is_daily":false,"chose_seed":false,"campfire_upgraded":2,"win_rate":0.0,"timestamp":1608167810,"path_taken":["R","M","?","M","?","?","T","M","M","R","M","?","M","M","M","BOSS","R","?","?","?","?","M","T","R","M","E","?","?","M","$","M"],"items_purchased_type":["Relic","Relic","Relic","Card","Card","Card","Card"],"build_version":"2020-12-13","purchased_purges":1,"victory":false,"max_hp_per_floor":[80,80,80,80,80,80,80,80,80,80,80,80,80,80,80,80,80,80,80,80,80,80,80,90,90,90,90,90,90,90,90,90,90],"card_choices":[{"not_picked":["Guardian:PolyBeam","Guardian:Recover"],"picked":"Guardian:PrimingBeam","floor":2},{"not_picked":["Guardian:Suspension","Guardian:ChargeUp"],"picked":"Guardian:Gem_Green","floor":4},{"not_picked":["Guardian:BronzeOrb","Guardian:Planning"],"picked":"Guardian:ChargeUp","floor":5},{"not_picked":["Guardian:GuardianWhirl","Guardian:Repulse"],"picked":"Guardian:Gem_Red","floor":8},{"not_picked":["Guardian:Recover","Guardian:Emergency"],"picked":"Guardian:RefractedBeam","floor":9},{"not_picked":["Guardian:DonusPower","Guardian:Reroute"],"picked":"Guardian:Suspension","floor":11},{"not_picked":["Guardian:Recover","Guardian:SentryBeam"],"picked":"Guardian:Orbwalk","floor":12},{"not_picked":["Guardian:Preprogram","Guardian:Incinerate"],"picked":"Guardian:PiercingHide","floor":13},{"not_picked":["Guardian:CrystalBeam","Guardian:DonusPower"],"picked":"Guardian:DecasProtection","floor":14},{"not_picked":["Guardian:Recover","Guardian:HyperBeam_Guardian"],"picked":"Guardian:Orbwalk","floor":15},{"not_picked":["Guardian:StasisStrike","Guardian:Gem_Synthetic"],"picked":"Guardian:AncientConstruct","floor":16},{"not_picked":["Guardian:RollAttack+1","Guardian:TemporalStrike"],"picked":"Guardian:Planning","floor":20},{"not_picked":["Guardian:Reroute","Guardian:Recover"],"picked":"Guardian:Gem_Lightblue","floor":22},{"not_picked":["Guardian:Gem_Crimson","Guardian:VentSteam"],"picked":"Guardian:PolyBeam","floor":23},{"not_picked":["Guardian:ArmoredProtocol+1","Guardian:Reroute"],"picked":"Guardian:TemporalShield","floor":26},{"not_picked":["Guardian:Planning","Guardian:Gem_Green"],"picked":"Guardian:Gem_White","floor":27},{"not_picked":["Guardian:VentSteam","Guardian:PrismaticBarrier","Guardian:BronzeArmor"],"picked":"SKIP","floor":29},{"not_picked":["Guardian:Recover","Guardian:TemporalStrike+1"],"picked":"Guardian:Gem_Red","floor":30},{"not_picked":["Guardian:FastForward","Guardian:TemporalShield"],"picked":"Guardian:PolyBeam+1","floor":31}],"player_experience":95078,"relics_obtained":[{"floor":24,"key":"Pear"},{"floor":27,"key":"Whetstone"}],"event_choices":[{"damage_healed":0,"gold_gain":105,"player_choice":"RE RE GO ","damage_taken":45,"relics_obtained":["Blood Vial","Art of War"],"max_hp_gain":0,"max_hp_loss":0,"event_name":"betterSkull:BetterSkull","floor":3,"gold_loss":0,"cards_upgraded":[]}],"is_beta":false,"boss_relics":[{"not_picked":["Runic Dome","Coffee Dripper"],"picked":"Sozu"}],"items_purged_floors":[22],"is_endless":false,"potions_floor_spawned":[5,8,12,13,16,20,23,27],"killed_by":"Centurion and Healer","ascension_level":0}}