{"host":"90jl2h70xtuoeg0i","time":1608234070,"event":{"mods":["AchievementEnabler","BaseMod","Colored Map","Colored Powertips","Minty Spire (QoL Compilation)","Relic Stats","ojb\u0027s Better Paths Mod","ojb\u0027s Info Mod"],"gold_per_floor":[114,114,134,146,166,166,194,194,246,246,266,283,319,346,346,432,432,460,460,447,447,447],"floor_reached":21,"playtime":3248,"items_purged":[],"score":386,"play_id":"00238b2f-7d03-4528-bf0c-a1014cbb01f5","local_time":"20201217144110","is_ascension_mode":true,"campfire_choices":[{"data":"Endless Agony","floor":6,"key":"SMITH"},{"data":"Dagger Spray","floor":8,"key":"SMITH"},{"floor":10,"key":"REST"},{"floor":15,"key":"REST"}],"circlet_count":0,"master_deck":["AscendersBane","Strike_G","Strike_G","Strike_G","Strike_G","Strike_G","Defend_G","Defend_G","Defend_G","Defend_G","Defend_G","Survivor","Neutralize","Dagger Spray+1","Endless Agony+1","PiercingWail","Prepared","Reflex","Infinite Blades","Phantasmal Killer","Slice","Night Terror","Choke","Terror"],"relics":["Black Star","Sundial","Tiny Chest","Regal Pillow","CeramicFish","WingedGreaves","Runic Dome","Mummified Hand"],"acts_visited":["Exordium","TheCity"],"potions_floor_usage":[5,7,13,14,16,21],"damage_taken":[{"damage":1,"enemies":"Small Slimes","floor":1,"turns":4},{"damage":8,"enemies":"Cultist","floor":3,"turns":4},{"damage":7,"enemies":"Jaw Worm","floor":4,"turns":4},{"damage":1,"enemies":"Exordium Wildlife","floor":5,"turns":4},{"damage":29,"enemies":"3 Sentries","floor":7,"turns":11},{"damage":10,"enemies":"Blue Slaver","floor":11,"turns":5},{"damage":5,"enemies":"3 Louse","floor":12,"turns":3},{"damage":17,"enemies":"Lagavulin","floor":13,"turns":7},{"damage":11,"enemies":"Large Slime","floor":14,"turns":8},{"damage":39,"enemies":"Slime Boss","floor":16,"turns":10},{"damage":22,"enemies":"Chosen","floor":18,"turns":4},{"damage":22,"enemies":"2 Thieves","floor":20,"turns":4},{"damage":17,"enemies":"3 Cultists","floor":21,"turns":3}],"seed_played":"-2899447718287349957","potions_obtained":[{"floor":1,"key":"Block Potion"},{"floor":4,"key":"Fire Potion"},{"floor":7,"key":"AttackPotion"},{"floor":12,"key":"Swift Potion"},{"floor":13,"key":"Fire Potion"},{"floor":18,"key":"LiquidBronze"}],"is_trial":false,"path_per_floor":["M","?","M","M","M","R","E","R","T","R","M","M","E","M","R","B",null,"M","T","M","M"],"character_chosen":"THE_SILENT","items_purchased":[],"campfire_rested":2,"item_purchase_floors":[],"current_hp_per_floor":[58,66,58,51,50,50,21,21,21,55,45,40,23,12,46,7,51,29,29,7,0,0],"gold":447,"neow_bonus":"BOSS_RELIC","is_daily":false,"chose_seed":false,"campfire_upgraded":2,"win_rate":0.0,"timestamp":1608234070,"path_taken":["M","?","M","M","M","R","E","R","T","R","M","M","E","M","R","BOSS","M","?","M","M"],"items_purchased_type":[],"build_version":"2020-12-13","purchased_purges":0,"victory":false,"max_hp_per_floor":[66,66,66,66,66,66,66,66,66,66,66,66,66,66,66,66,66,66,66,66,66,66],"relic_stats":{"Regal Pillow":30,"counters":[13,71],"Sundial":[4],"Mummified Hand":[1],"CeramicFish":45,"Tiny Chest":0,"Black Star":2,"obtain_stats":[{"Runic Dome":17,"Regal Pillow":9,"Sundial":7,"Mummified Hand":19,"CeramicFish":13,"Tiny Chest":7,"WingedGreaves":13,"Black Star":0,"Ring of the Snake":0},{"Runic Dome":10,"Regal Pillow":5,"Sundial":5,"Mummified Hand":11,"CeramicFish":8,"Tiny Chest":5,"WingedGreaves":8,"Black Star":0,"Ring of the Snake":0},{"Runic Dome":60,"Regal Pillow":27,"Sundial":27,"Mummified Hand":64,"CeramicFish":42,"Tiny Chest":27,"WingedGreaves":42,"Black Star":0,"Ring of the Snake":0}]},"card_choices":[{"not_picked":["Riddle With Holes","Quick Slash"],"picked":"Dagger Spray","floor":1},{"not_picked":["Acrobatics","Dagger Spray"],"picked":"Endless Agony","floor":3},{"not_picked":["Dagger Throw","Deflect"],"picked":"PiercingWail","floor":4},{"not_picked":["Slice","Prepared","Bane"],"picked":"SKIP","floor":5},{"not_picked":["Blur","Acrobatics"],"picked":"Prepared","floor":7},{"not_picked":["Backflip","Quick Slash"],"picked":"Reflex","floor":11},{"not_picked":["Finisher","Acrobatics"],"picked":"Infinite Blades","floor":12},{"not_picked":["Flying Knee","Dodge and Roll"],"picked":"Phantasmal Killer","floor":13},{"not_picked":["PiercingWail","Catalyst"],"picked":"Slice","floor":14},{"not_picked":["Adrenaline","Storm of Steel"],"picked":"Night Terror","floor":16},{"not_picked":["Poisoned Stab","Dodge and Roll"],"picked":"Choke","floor":18},{"not_picked":["Acrobatics","Predator"],"picked":"Terror","floor":20}],"player_experience":1356488,"relics_obtained":[{"floor":7,"key":"Sundial"},{"floor":7,"key":"Tiny Chest"},{"floor":9,"key":"Regal Pillow"},{"floor":13,"key":"CeramicFish"},{"floor":13,"key":"WingedGreaves"},{"floor":19,"key":"Mummified Hand"}],"event_choices":[{"damage_healed":8,"gold_gain":0,"player_choice":"Full Heal","damage_taken":0,"max_hp_gain":0,"max_hp_loss":0,"event_name":"Wheel of Change","floor":2,"gold_loss":0}],"is_beta":false,"boss_relics":[{"not_picked":["Snecko Eye","Coffee Dripper"],"picked":"Runic Dome"}],"items_purged_floors":[],"is_endless":false,"potions_floor_spawned":[1,4,7,12,13,18],"killed_by":"3 Cultists","ascension_level":20}}