{"host":"0jile2yd1dg679g0","time":1608241060,"event":{"mods":["AchievementEnabler","Act Like it!","BaseMod","Better Third Choice","Colored Map","Colored Powertips","Gensokyo","Hermit","Luminous","Marisa????????","Minty Spire (QoL Compilation)","Random Character Button","Spicy Shops","StSLib","The Servant 0.9.4","Transform Curses","Waifu the Spire"],"gold_per_floor":[115,115,45,61,74,74,74,74,121,121,135,152,152,169,169,266,266,281,293,293,311,324,324,25,25,25,40,40,40,53,66,66,162,162,180,199,224,273,319,319,343,343,397,419,43,71,107,133,133,133],"floor_reached":51,"playtime":5849,"items_purged":["Defend_R","Shame"],"score":648,"play_id":"42608f3b-c8b0-4779-aed1-37c15a010f13","local_time":"20201217163740","is_ascension_mode":false,"campfire_choices":[{"data":"Wild Strike","floor":6.0,"key":"SMITH"},{"data":"Bash","floor":8.0,"key":"SMITH"},{"data":"Corruption","floor":13.0,"key":"SMITH"},{"data":"Perfected Strike","floor":15.0,"key":"SMITH"},{"data":"Juggernaut","floor":23.0,"key":"SMITH"},{"data":"Infernal Blade","floor":25.0,"key":"SMITH"},{"data":"Sever Soul","floor":28.0,"key":"SMITH"},{"data":"Immolate","floor":32.0,"key":"SMITH"},{"data":"Perfected Strike","floor":40.0,"key":"SMITH"},{"floor":42.0,"key":"REST"},{"floor":49,"key":"REST"}],"circlet_count":0,"master_deck":["Strike_R","Strike_R+1","Strike_R","Strike_R","Strike_R","Defend_R","Defend_R+1","Defend_R","Bash+1","Ghostly Armor","Wild Strike+1","Thunderclap","Perfected Strike+1","Infernal Blade+1","Corruption+1","Impervious","Clash+1","Juggernaut+1","Perfected Strike+1","Reckless Charge+1","Combust+1","Headbutt","Sever Soul+1","Immolate+1","Perfected Strike+1","Barricade","Pummel+1","Shockwave+1","Metallicize+1","Perfected Strike","Armaments+1","Heavy Blade+1","Perfected Strike+1","Perfected Strike+1"],"relics":["Burning Blood","Gensokyo:OccultBall","Anchor","Snecko Eye","Red Skull","Medical Kit","Self Forming Clay","Mark of Pain","Bronze Scales","Pocketwatch","CeramicFish","Happy Flower","ClockworkSouvenir","Question Card","PreservedInsect"],"acts_visited":["Gensokyo:Gensokyo","Gensokyo:Gensokyoer","TheBeyond"],"potions_floor_usage":[47,50,50,50,50,50,50],"damage_taken":[{"damage":18.0,"enemies":"Gensokyo:Gryphon","floor":1.0,"turns":4.0},{"damage":1.0,"enemies":"Gensokyo:Python","floor":4.0,"turns":3.0},{"damage":0.0,"enemies":"Gensokyo:3_Fairies","floor":5.0,"turns":5.0},{"damage":2.0,"enemies":"Gensokyo:3_Kodama","floor":11.0,"turns":3.0},{"damage":0.0,"enemies":"Gensokyo:LivingMonolith","floor":12.0,"turns":3.0},{"damage":1.0,"enemies":"Gensokyo:5_Fairies","floor":14.0,"turns":5.0},{"damage":53.0,"enemies":"Gensokyo:Reimu","floor":16.0,"turns":7.0},{"damage":6.0,"enemies":"Gensokyo:CosmicMonolith","floor":18.0,"turns":5.0},{"damage":1.0,"enemies":"Gensokyo:AngelMirror","floor":19.0,"turns":2.0},{"damage":5.0,"enemies":"Gensokyo:3_Gloops","floor":21.0,"turns":4.0},{"damage":4.0,"enemies":"Gensokyo:Swordslinger","floor":22.0,"turns":2.0},{"damage":2.0,"enemies":"Gensokyo:Monolith_and_Dog","floor":27.0,"turns":3.0},{"damage":0.0,"enemies":"Gensokyo:Slime_Group","floor":30.0,"turns":2.0},{"damage":1.0,"enemies":"Gensokyo:3_Gloops","floor":31.0,"turns":3.0},{"damage":30.0,"enemies":"Gensokyo:Eiki","floor":33.0,"turns":5.0},{"damage":0.0,"enemies":"3 Darklings","floor":35.0,"turns":3.0},{"damage":0.0,"enemies":"3 Shapes","floor":36.0,"turns":2.0},{"damage":37.0,"enemies":"2 Orb Walkers","floor":38.0,"turns":4.0},{"damage":8.0,"enemies":"3 Darklings","floor":41.0,"turns":3.0},{"damage":8.0,"enemies":"4 Shapes","floor":44.0,"turns":3.0},{"damage":0.0,"enemies":"Writhing Mass","floor":46.0,"turns":3.0},{"damage":40,"enemies":"Reptomancer","floor":47,"turns":5},{"damage":3,"enemies":"Transient","floor":48,"turns":5},{"damage":34,"enemies":"Awakened One","floor":50,"turns":6}],"seed_played":"3336321476377662316","potions_obtained":[{"floor":1.0,"key":"Block Potion"},{"floor":5.0,"key":"Fire Potion"},{"floor":11.0,"key":"Block Potion"},{"floor":18.0,"key":"Strength Potion"},{"floor":21.0,"key":"ColorlessPotion"},{"floor":27.0,"key":"PowerPotion"},{"floor":35.0,"key":"SteroidPotion"},{"floor":36.0,"key":"EntropicBrew"},{"floor":41.0,"key":"SkillPotion"}],"is_trial":false,"path_per_floor":["M","?","?","M","M","R","?","R","T","?","M","M","R","M","R","B",null,"M","M","?","M","M","R","$","R","T","M","R","?","M","M","R","B",null,"M","M","T","?","T","R","M","R","T","M","$","M","E","M","R","B",null],"character_chosen":"IRONCLAD","items_purchased":["Red Skull","Medical Kit","ClockworkSouvenir","Question Card"],"campfire_rested":2,"item_purchase_floors":[24,24,45,45],"current_hp_per_floor":[68,68,68,73,79,79,79,79,79,79,80,80,80,80,80,33,80,80,80,80,80,80,80,80,80,80,80,80,80,80,80,80,56,80,80,80,80,49,49,49,47,71,71,69,69,75,41,44,68,40],"gold":133,"neow_bonus":"ONE_RANDOM_RARE_CARD","is_daily":false,"chose_seed":false,"campfire_upgraded":9,"win_rate":0.0,"timestamp":1608241060,"path_taken":["M","?","?","M","?","R","?","R","T","?","?","M","R","M","R","BOSS","M","M","?","?","M","R","$","R","T","M","R","?","?","M","R","BOSS","M","M","?","?","?","R","M","R","T","M","$","M","E","M","R","BOSS"],"items_purchased_type":["Relic","Relic","Relic","Relic"],"build_version":"2020-12-13","purchased_purges":2,"victory":true,"max_hp_per_floor":[80,80,80,80,80,80,80,80,80,80,80,80,80,80,80,80,80,80,80,80,80,80,80,80,80,80,80,80,80,80,80,80,80,80,80,80,80,80,80,80,80,80,80,80,80,80,80,80,80,80],"card_choices":[{"not_picked":["Flex","Disarm"],"picked":"Ghostly Armor","floor":1.0},{"not_picked":["Iron Wave","Clothesline"],"picked":"Wild Strike","floor":4.0},{"not_picked":["Rupture","Sentinel"],"picked":"Thunderclap","floor":5.0},{"not_picked":["Dark Embrace","Sentinel"],"picked":"Perfected Strike","floor":10.0},{"not_picked":["Burning Pact","Rupture"],"picked":"Infernal Blade","floor":10.0},{"not_picked":["Twin Strike","Warcry"],"picked":"Corruption","floor":11.0},{"not_picked":["Iron Wave","Clash"],"picked":"Impervious","floor":12.0},{"not_picked":["Sword Boomerang","Clothesline"],"picked":"Clash","floor":14.0},{"not_picked":["Brutality","Impervious"],"picked":"Juggernaut","floor":16.0},{"not_picked":["Cleave","Sword Boomerang"],"picked":"Perfected Strike","floor":18.0},{"not_picked":["Feed","Blood for Blood"],"picked":"Reckless Charge+1","floor":19.0},{"not_picked":["Havoc","Sentinel+1"],"picked":"Combust","floor":21.0},{"not_picked":["Armaments","Blood for Blood+1"],"picked":"Headbutt","floor":22.0},{"not_picked":["Hemokinesis","Iron Wave"],"picked":"Sever Soul","floor":27.0},{"not_picked":["Perfected Strike","Burning Pact"],"picked":"Immolate","floor":30.0},{"not_picked":["Twin Strike+1","Bloodletting"],"picked":"Perfected Strike","floor":31.0},{"not_picked":["Demon Form","Berserk"],"picked":"Barricade","floor":33.0},{"not_picked":["Disarm","Thunderclap"],"picked":"Pummel+1","floor":35.0},{"not_picked":["Wild Strike","Rage"],"picked":"Shockwave+1","floor":36.0},{"not_picked":["Burning Pact+1","Pommel Strike+1"],"picked":"Metallicize+1","floor":38.0},{"not_picked":["Twin Strike","Feel No Pain"],"picked":"Perfected Strike","floor":41.0},{"not_picked":["Body Slam+1","Whirlwind"],"picked":"Armaments+1","floor":44.0},{"not_picked":["Body Slam","Clash+1","Wild Strike"],"picked":"Heavy Blade+1","floor":46},{"not_picked":["Pommel Strike+1","Clothesline+1","Brutality"],"picked":"Perfected Strike+1","floor":47},{"not_picked":["Body Slam+1","Flex","Pummel"],"picked":"Perfected Strike+1","floor":48}],"player_experience":199497,"relics_obtained":[{"floor":9.0,"key":"Anchor"},{"floor":16.0,"key":"Gensokyo:OccultBall"},{"floor":26.0,"key":"Self Forming Clay"},{"floor":30.0,"key":"Gensokyo:OccultBall"},{"floor":33.0,"key":"Gensokyo:OccultBall"},{"floor":37.0,"key":"Bronze Scales"},{"floor":38.0,"key":"Pocketwatch"},{"floor":39.0,"key":"CeramicFish"},{"floor":41.0,"key":"Gensokyo:OccultBall"},{"floor":43.0,"key":"Happy Flower"},{"floor":46,"key":"Gensokyo:OccultBall"},{"floor":47,"key":"PreservedInsect"}],"event_choices":[{"damage_healed":0.0,"max_hp_gain":0.0,"max_hp_loss":0.0,"gold_gain":0.0,"event_name":"Mysterious Sphere","player_choice":"Fight","floor":38.0,"gold_loss":0.0,"damage_taken":0.0}],"is_beta":false,"boss_relics":[{"not_picked":["Calling Bell","Empty Cage"],"picked":"Snecko Eye"},{"not_picked":["Runic Pyramid","SlaversCollar"],"picked":"Mark of Pain"}],"items_purged_floors":[24,45],"is_endless":false,"potions_floor_spawned":[1,5,11,18,21,27,30,35,36,41],"ascension_level":0}}