{"host":"046f94hp0svsg0ce","time":1608247197,"event":{"mods":["Act Like it!","Astrologer","BaseMod","Beaked The Cultist","Better Third Choice","Colored Map","Colored Powertips","Hermit","Highlight Path","Mad Scientist","Marisa????????","Minty Spire (QoL Compilation)","Quick Restart","Rare Cards Sparkle","Relic Stats","Remilia??????","Somnambulant","StSLib","The Clintock","The Construct","The Exalted","The Forsaken","The Hierophant","The Necromancer","The Runesmith","The Servant 0.9.4","The Valiant"],"gold_per_floor":[20,32,49,59,59,59,93,106,106,106,106,137,149,40,40,140,140,151,164,4,4,4],"floor_reached":21,"playtime":1598,"items_purged":["astrologer:Strike"],"score":191,"play_id":"5589a21d-bba8-408d-b2d3-fba5ace9be09","local_time":"20201218001957","is_ascension_mode":false,"campfire_choices":[{"data":"astrologer:TheFool","floor":6,"key":"SMITH"},{"floor":11,"key":"REST"},{"floor":15,"key":"REST"}],"circlet_count":0,"master_deck":["astrologer:Strike","astrologer:Strike","astrologer:Strike","astrologer:Defend","astrologer:Defend","astrologer:Defend","astrologer:Defend","astrologer:NorthStar","astrologer:TheFool+1","astrologer:SolarFlare","astrologer:Opposition","astrologer:TheHangedMan","astrologer:FrozenStar","astrologer:MeteorShower","astrologer:Confirmation","astrologer:Radiance","astrologer:Fate","astrologer:CosmicExpanse","astrologer:TheSun","astrologer:Cataclysm+1","astrologer:Justice","astrologer:Judgement","astrologer:Glimpse"],"relics":["astrologer:SkyMirror","Ancient Tea Set","Ginger","Pantograph","Bromod:ArcaneVictory","Bromod:ArcaneEnergize"],"acts_visited":["Exordium","TheCity"],"potions_floor_usage":[7,12,12,12,12,12,13,13,16,19,19,21],"damage_taken":[{"damage":0,"enemies":"Jaw Worm","floor":1,"turns":3},{"damage":1,"enemies":"2 Louse","floor":2,"turns":3},{"damage":1,"enemies":"Cultist","floor":3,"turns":4},{"damage":13,"enemies":"Red Slaver","floor":4,"turns":4},{"damage":22,"enemies":"3 Sentries","floor":7,"turns":10},{"damage":16,"enemies":"3 Louse","floor":8,"turns":4},{"damage":20,"enemies":"Gremlin Nob","floor":12,"turns":4},{"damage":18,"enemies":"Gremlin Gang","floor":13,"turns":4},{"damage":35,"enemies":"Slime Boss","floor":16,"turns":7},{"damage":17,"enemies":"Spheric Guardian","floor":18,"turns":4},{"damage":26,"enemies":"2 Thieves","floor":19,"turns":4},{"damage":48,"enemies":"Shelled Parasite and Fungi","floor":21,"turns":4}],"seed_played":"3990527012761391328","potions_obtained":[{"floor":4,"key":"GamblersBrew"},{"floor":7,"key":"Ancient Potion"},{"floor":8,"key":"EntropicBrew"},{"floor":13,"key":"Ancient Potion"},{"floor":16,"key":"PowerPotion"},{"floor":18,"key":"SpeedPotion"}],"is_trial":false,"path_per_floor":["M","M","M","M","?","R","E","M","T","?","R","E","M","$","R","B",null,"M","M","$","M"],"character_chosen":"ASTROLOGER","items_purchased":["astrologer:CosmicExpanse","astrologer:Judgement","astrologer:Glimpse","PowerPotion"],"campfire_rested":2,"item_purchase_floors":[14,20,20,20],"current_hp_per_floor":[84,83,82,69,62,62,40,24,24,52,77,57,43,43,68,52,84,68,44,44,0,0],"gold":4,"neow_bonus":"TWENTY_PERCENT_HP_BONUS","is_daily":false,"chose_seed":false,"campfire_upgraded":1,"win_rate":0.0,"timestamp":1608247197,"path_taken":["M","M","M","M","?","R","E","M","T","?","R","E","M","?","R","BOSS","M","M","$","?"],"items_purchased_type":["Card","Card","Card","Potion"],"build_version":"2020-12-13","purchased_purges":1,"victory":false,"max_hp_per_floor":[84,84,84,84,84,84,84,84,84,84,84,84,84,84,84,84,84,84,84,84,84,84],"relic_stats":{"counters":[12,54],"Pantograph":16,"Ginger":[4],"obtain_stats":[{"Pantograph":9,"Bromod:ArcaneVictory":12,"Bromod:ArcaneEnergize":17,"astrologer:SkyMirror":0,"Ginger":7,"Ancient Tea Set":5},{"Pantograph":6,"Bromod:ArcaneVictory":7,"Bromod:ArcaneEnergize":9,"astrologer:SkyMirror":0,"Ginger":5,"Ancient Tea Set":4},{"Pantograph":28,"Bromod:ArcaneVictory":32,"Bromod:ArcaneEnergize":42,"astrologer:SkyMirror":0,"Ginger":24,"Ancient Tea Set":14}]},"card_choices":[{"not_picked":["astrologer:Radiance","astrologer:Eclipse"],"picked":"astrologer:SolarFlare","floor":1},{"not_picked":["astrologer:FrozenStar","astrologer:Stardust"],"picked":"astrologer:Opposition","floor":2},{"not_picked":["astrologer:FrozenStar","astrologer:ReadTheStars"],"picked":"astrologer:TheHangedMan","floor":3},{"not_picked":["astrologer:Still","astrologer:Radiance"],"picked":"astrologer:FrozenStar","floor":4},{"not_picked":["astrologer:ShiningStar","astrologer:Opposition"],"picked":"astrologer:MeteorShower","floor":7},{"not_picked":["astrologer:Stardust","astrologer:SolarFlare"],"picked":"astrologer:Confirmation","floor":8},{"not_picked":["astrologer:Retelling","astrologer:Eclipse"],"picked":"astrologer:Radiance","floor":12},{"not_picked":["astrologer:Opposition","astrologer:TheLovers"],"picked":"astrologer:Fate","floor":13},{"not_picked":["astrologer:Premonition","astrologer:WheelofFortune"],"picked":"astrologer:TheSun","floor":16},{"not_picked":["astrologer:Eclipse","astrologer:MeteorShower+1"],"picked":"astrologer:Cataclysm+1","floor":18},{"not_picked":["astrologer:Conjunction","astrologer:MeteorShower"],"picked":"astrologer:Justice","floor":19}],"player_experience":1617174,"relics_obtained":[{"floor":7,"key":"Ginger"},{"floor":9,"key":"Pantograph"},{"floor":12,"key":"Bromod:ArcaneVictory"}],"event_choices":[{"damage_healed":0,"gold_gain":0,"player_choice":"Relic ","damage_taken":7,"max_hp_gain":0,"max_hp_loss":0,"event_name":"betterThird:BetterScrap","floor":5,"gold_loss":0,"cards_obtained":["Blasphemy"]},{"damage_healed":28,"gold_gain":0,"player_choice":"Banana","damage_taken":0,"max_hp_gain":0,"max_hp_loss":0,"event_name":"Big Fish","floor":10,"gold_loss":0}],"is_beta":false,"boss_relics":[{"not_picked":["construct:WeddingRing","SacredBark"],"picked":"Bromod:ArcaneEnergize"}],"items_purged_floors":[14],"is_endless":false,"potions_floor_spawned":[4,7,8,13,16,18],"killed_by":"Shelled Parasite and Fungi","ascension_level":0}}