{"host":"dd2mx3pm3ovi0t1n","time":1608240681,"event":{"mods":["2.2 Compatiblity","AchievementEnabler","Aspiration","BaseMod","Beaked The Cultist","Better Altar","Better Match","Better Note","Better Sensory Stone","Better Skull","Better Third Choice","BetterRewards","Colored Map","Colored Powertips","Conspire","Defuse TimeMaze Blight","Downfall","Energized Spire","Friendly Minions","GifTheSpireLib","Halation","Highlight Path","HololiveMod","Hubris","Infinite Spire","Jedi Mod","Minty Spire (QoL Compilation)","Permanent Neow","Quick Restart","Replay The Spire","Shop Mod","Spicy Shops","Spikes Relics","StSLib","Stuff the Spire","TestMod","The Construct","Wandering Minibosses","vexMod","????"],"gold_per_floor":[99,112,112,138,138,164,188,188,188,220,239,18,18,18,35,35,35],"floor_reached":16,"playtime":573,"items_purged":[],"score":122,"play_id":"a43a6cac-2c7b-40c1-9c79-b6642d026bf7","local_time":"20201217133121","is_ascension_mode":true,"campfire_choices":[{"floor":1,"key":"DIG"},{"data":"construct:AttackMode+1","floor":3,"key":"SMITH"},{"data":"construct:HammerDown+1","floor":9,"key":"SMITH"}],"circlet_count":0,"master_deck":["construct:Strike_Gold","construct:Strike_Gold","construct:Strike_Gold","construct:Strike_Gold","construct:Defend_Gold","construct:Defend_Gold","construct:Defend_Gold","construct:Defend_Gold","construct:Defend_Gold","construct:AttackMode+2","construct:DefenseMode","construct:ShiftStrike","construct:ForceCore","construct:HammerDown+2"],"relics":["construct:ClockworkPhoenix","testmod-TestBox","testmod-FatalChain","infinitespire:WardingShard","Pen Nib","MealTicket","hubris:Metronome","MerchantsRug","testmod-Fortitude","infinitespire:EmpoweringShard"],"acts_visited":["Exordium"],"potions_floor_usage":[4],"damage_taken":[{"damage":8,"enemies":"Jaw Worm","floor":2,"turns":2},{"damage":36,"enemies":"Lagavulin","floor":4,"turns":5},{"damage":16,"enemies":"Gremlin Nob","floor":6,"turns":3},{"damage":18,"enemies":"3 Sentries","floor":10,"turns":3},{"damage":0,"enemies":"2 Louse","floor":11,"turns":2},{"damage":32,"enemies":"downfall:FleeingMerchant","floor":12,"turns":6},{"damage":0,"enemies":"Small Slimes","floor":15,"turns":2},{"damage":11,"enemies":"downfall:Watcher","floor":16,"turns":3}],"seed_played":"5170073299758156111","potions_obtained":[{"floor":2,"key":"hexamod:EctoCoolerPotion"},{"floor":6,"key":"Venom Potion"}],"is_trial":false,"path_per_floor":["R_BF","M","R","E","?","E","T","?","R","E","M","$","?","T","M","B"],"character_chosen":"THE_CONSTRUCT_MOD","items_purchased":["MerchantsRug","testmod-Fortitude"],"campfire_rested":0,"item_purchase_floors":[12,12],"current_hp_per_floor":[85,77,77,41,56,40,40,40,40,22,22,5,5,5,5,0,0],"gold":35,"neow_bonus":"UPGRADE_CARD","is_daily":false,"chose_seed":false,"campfire_upgraded":2,"win_rate":0.0,"timestamp":1608240681,"path_taken":["R_BF","M","R","E","?","E","T","?","R","E","M","$","?","?","M","BOSS"],"items_purchased_type":["Relic","Relic"],"build_version":"2020-12-13","purchased_purges":0,"victory":false,"max_hp_per_floor":[85,85,85,85,85,85,85,85,85,85,85,85,85,85,85,85,85],"card_choices":[{"not_picked":["construct:UnbalancingBlast","construct:OmegaCannon","construct:Hazardproof"],"picked":"SKIP","floor":2},{"not_picked":["construct:CripplingShot","construct:Reinforce"],"picked":"construct:ShiftStrike","floor":4},{"not_picked":["construct:ShiftStrike","construct:PowerUp"],"picked":"construct:ForceCore","floor":6},{"not_picked":["construct:Reinforce","construct:Accumulate","construct:SyphonStrike"],"picked":"SKIP","floor":10},{"not_picked":["construct:Reinforce","construct:Anticipate","construct:FocusedBeam"],"picked":"SKIP","floor":11},{"not_picked":["construct:Forcefield","construct:BatteryAcid","construct:FierceBash"],"picked":"SKIP","floor":12},{"not_picked":["construct:Analyze","construct:Stasis","construct:LongRangeLance"],"picked":"SKIP","floor":15}],"player_experience":449350,"relics_obtained":[{"floor":1,"key":"infinitespire:WardingShard"},{"floor":4,"key":"Pen Nib"},{"floor":6,"key":"MealTicket"},{"floor":7,"key":"Oddly Smooth Stone"},{"floor":10,"key":"hubris:Metronome"},{"floor":14,"key":"infinitespire:EmpoweringShard"}],"event_choices":[{"damage_healed":0,"gold_gain":0,"player_choice":"Leave","damage_taken":0,"max_hp_gain":0,"max_hp_loss":0,"event_name":"conspire:Investor","floor":13,"gold_loss":0}],"is_beta":false,"boss_relics":[],"items_purged_floors":[],"is_endless":false,"potions_floor_spawned":[2,6],"killed_by":"downfall:Watcher","ascension_level":1}}