{"host":"rob","time":1608191316,"event":{"mods":["2.2 Compatiblity","BaseMod","Minty Spire (QoL Compilation)","StSLib"],"gold_per_floor":[19,19,29,45,45,79,79,114,114,114,131,6,6,34,34,109,109,123,123,133,133,8,43,43,78,78,98,98,98,128,140,140,217,217,229,229,240,254,279,304,304,332,379,379,55,89,120,132,144,156,168,180,192,98,127,127,127],"floor_reached":56,"playtime":7516,"items_purged":["Defend_B","Strike_B","Doubt"],"score":2368,"play_id":"1f264d6a-fd23-4352-b1be-e029c3901246","local_time":"20201217024836","is_ascension_mode":true,"campfire_choices":[{"data":"Sweeping Beam","floor":10.0,"key":"SMITH"},{"floor":13.0,"key":"REST"},{"data":"Streamline","floor":15.0,"key":"SMITH"},{"data":"Electrodynamics","floor":24.0,"key":"SMITH"},{"data":"Consume","floor":32.0,"key":"SMITH"},{"data":"Hologram","floor":44,"key":"SMITH"},{"floor":49,"key":"RECALL"},{"data":"Aggregate","floor":53,"key":"SMITH"}],"circlet_count":0,"master_deck":["AscendersBane","Dualcast","Consume+1","Rip and Tear+1","Compile Driver","Genetic Algorithm","Cold Snap","Sweeping Beam+1","Auto Shields","Hello World","Streamline+1","Cold Snap","Electrodynamics+1","Hologram+1","Chill","Compile Driver+1","Reinforced Body","Leap","Loop","Machine Learning","White Noise+1","Ball Lightning+1","Sunder+1","Aggregate+1","Auto Shields","Self Repair+1","Multi-Cast","Madness","Madness","White Noise","Undo","Go for the Eyes+1","Hologram","Reinforced Body"],"relics":["Cracked Core","Bag of Preparation","FossilizedHelix","Pear","Happy Flower","Cursed Key","Enchiridion","Vajra","Molten Egg 2","Pen Nib","HornCleat","Ornamental Fan","Astrolabe","Ice Cream","Meat on the Bone","Pantograph","OrangePellets","MawBank","Anchor"],"acts_visited":["TheBeyond","TheEnding"],"potions_floor_usage":[40,56,56],"damage_taken":[{"damage":0.0,"enemies":"2 Louse","floor":1.0,"turns":3.0},{"damage":0.0,"enemies":"Cultist","floor":3.0,"turns":3.0},{"damage":8.0,"enemies":"Small Slimes","floor":4.0,"turns":3.0},{"damage":23.0,"enemies":"Lagavulin","floor":6.0,"turns":7.0},{"damage":22.0,"enemies":"3 Sentries","floor":8.0,"turns":5.0},{"damage":0.0,"enemies":"Blue Slaver","floor":11.0,"turns":3.0},{"damage":0.0,"enemies":"Gremlin Nob","floor":14.0,"turns":3.0},{"damage":8.0,"enemies":"Slime Boss","floor":16.0,"turns":7.0},{"damage":0.0,"enemies":"Shell Parasite","floor":18.0,"turns":4.0},{"damage":0.0,"enemies":"2 Thieves","floor":20.0,"turns":2.0},{"damage":0.0,"enemies":"Gremlin Leader","floor":23.0,"turns":5.0},{"damage":0.0,"enemies":"Slavers","floor":25.0,"turns":2.0},{"damage":1.0,"enemies":"3 Cultists","floor":27.0,"turns":3.0},{"damage":0.0,"enemies":"Book of Stabbing","floor":30.0,"turns":4.0},{"damage":0.0,"enemies":"Centurion and Healer","floor":31.0,"turns":3.0},{"damage":5.0,"enemies":"Collector","floor":33.0,"turns":9.0},{"damage":0,"enemies":"Orb Walker","floor":35,"turns":4},{"damage":0,"enemies":"3 Darklings","floor":37,"turns":3},{"damage":0,"enemies":"4 Shapes","floor":38,"turns":7},{"damage":0,"enemies":"Mind Bloom Boss Battle","floor":39,"turns":3},{"damage":50,"enemies":"Nemesis","floor":40,"turns":8},{"damage":0,"enemies":"Reptomancer","floor":42,"turns":6},{"damage":0,"enemies":"Nemesis","floor":46,"turns":13},{"damage":0,"enemies":"Maw","floor":47,"turns":6},{"damage":15,"enemies":"Time Eater","floor":50,"turns":15},{"damage":0,"enemies":"Donu and Deca","floor":51,"turns":8},{"damage":33,"enemies":"Shield and Spear","floor":55,"turns":9},{"damage":85,"enemies":"The Heart","floor":56,"turns":11}],"seed_played":"1946679235726434574","potions_obtained":[{"floor":4.0,"key":"SpeedPotion"},{"floor":8.0,"key":"ColorlessPotion"},{"floor":14.0,"key":"Energy Potion"},{"floor":16.0,"key":"Strength Potion"},{"floor":20.0,"key":"ColorlessPotion"},{"floor":30.0,"key":"SkillPotion"},{"floor":31.0,"key":"EssenceOfSteel"},{"floor":33.0,"key":"AttackPotion"},{"floor":37,"key":"SkillPotion"},{"floor":40,"key":"Energy Potion"},{"floor":46,"key":"FocusPotion"}],"is_trial":false,"path_per_floor":["M","?","M","M","?","E","?","E","T","R","M","$","R","E","R","B",null,"M","?","M","?","$","E","R","E","T","M","?","?","E","M","R","B",null,"M","?","M","M","?","E","?","E","T","R","$","E","M","$","R","B","B",null,"R","$","E","B"],"character_chosen":"DEFECT","items_purchased":["Streamline","Hologram","OrangePellets","Undo","Hologram","Reinforced Body"],"campfire_rested":1,"item_purchase_floors":[12,22,45,45,54,54],"current_hp_per_floor":[64,64,64,56,49,26,26,4,14,14,14,14,38,38,38,30,68,68,47,47,47,47,47,47,47,47,46,46,46,46,46,46,41,71,71,71,71,71,81,41,26,48,48,48,48,58,68,68,68,76,81,81,81,81,68,0,0],"gold":127,"neow_bonus":"TRANSFORM_TWO_CARDS","is_daily":false,"chose_seed":false,"campfire_upgraded":6,"win_rate":0.0,"timestamp":1608191316,"path_taken":["M","?","M","?","?","E","?","E","T","R","M","?","R","E","R","BOSS","M","?","M","?","$","E","R","E","T","?","?","?","E","M","R","BOSS","M","?","?","M","?","E","?","E","T","R","$","E","M","$","R","BOSS","BOSS","R","$","E","BOSS"],"items_purchased_type":["Card","Card","Relic","Card","Card","Card"],"build_version":"2020-12-07","purchased_purges":3,"victory":false,"max_hp_per_floor":[71,71,71,71,71,71,71,71,81,81,81,81,81,81,81,81,81,81,81,81,81,81,81,81,81,81,81,81,81,81,81,81,81,81,81,81,81,81,81,81,81,81,81,81,81,81,81,81,81,81,81,81,81,81,81,81,81],"card_choices":[{"not_picked":["Redo","Defragment"],"picked":"Compile Driver","floor":1.0},{"not_picked":["Beam Cell","Static Discharge"],"picked":"Genetic Algorithm","floor":3.0},{"not_picked":["Stack","Steam"],"picked":"Cold Snap","floor":4.0},{"not_picked":["Go for the Eyes","Hello World"],"picked":"Sweeping Beam","floor":6.0},{"not_picked":["Streamline","All For One"],"picked":"Auto Shields","floor":8.0},{"not_picked":["Heatsinks","Steam"],"picked":"Hello World","floor":11.0},{"not_picked":["Force Field","Ball Lightning"],"picked":"Cold Snap","floor":14.0},{"not_picked":["Core Surge","Amplify"],"picked":"Electrodynamics","floor":16.0},{"not_picked":["Beam Cell","Sweeping Beam","Reprogram"],"picked":"SKIP","floor":18.0},{"not_picked":["Compile Driver","Ball Lightning","Barrage"],"picked":"SKIP","floor":20.0},{"not_picked":["Compile Driver+1","Rebound+1"],"picked":"Chill","floor":23.0},{"not_picked":["Stack","Meteor Strike+1"],"picked":"Compile Driver+1","floor":25.0},{"not_picked":["Streamline+1","Barrage+1"],"picked":"Reinforced Body","floor":27.0},{"not_picked":["Turbo","Consume"],"picked":"Leap","floor":30.0},{"not_picked":["Electrodynamics","Stack"],"picked":"Loop","floor":31.0},{"not_picked":["Thunder Strike+1","Multi-Cast"],"picked":"Machine Learning","floor":33.0},{"not_picked":["Reprogram","Chill"],"picked":"Aggregate","floor":35},{"not_picked":["Turbo","Gash+1"],"picked":"Auto Shields","floor":37},{"not_picked":["Hologram","Hello World"],"picked":"Self Repair+1","floor":38},{"not_picked":["Streamline+1","Beam Cell+1"],"picked":"Multi-Cast","floor":39},{"not_picked":["Melter+1","Rebound+1","Gash+1"],"picked":"SKIP","floor":40},{"not_picked":["Beam Cell+1","Hello World"],"picked":"White Noise","floor":42},{"not_picked":["Turbo","Conserve Battery","Rip and Tear+1"],"picked":"SKIP","floor":46},{"not_picked":["Turbo","Conserve Battery","Rip and Tear+1"],"picked":"SKIP","floor":46},{"not_picked":["Hologram","Compile Driver+1"],"picked":"Go for the Eyes+1","floor":47},{"not_picked":["Melter+1","Ball Lightning+1","Consume+1"],"picked":"SKIP","floor":55}],"player_experience":1031053,"relics_obtained":[{"floor":6.0,"key":"Bag of Preparation"},{"floor":8.0,"key":"FossilizedHelix"},{"floor":9.0,"key":"Pear"},{"floor":14.0,"key":"Happy Flower"},{"floor":19.0,"key":"Enchiridion"},{"floor":23.0,"key":"Molten Egg 2"},{"floor":25.0,"key":"Pen Nib"},{"floor":26.0,"key":"HornCleat"},{"floor":30.0,"key":"Ornamental Fan"},{"floor":39,"key":"Ice Cream"},{"floor":40,"key":"Meat on the Bone"},{"floor":42,"key":"Pantograph"},{"floor":46,"key":"MawBank"},{"floor":55,"key":"Anchor"}],"event_choices":[{"damage_healed":0.0,"max_hp_gain":0.0,"max_hp_loss":0.0,"gold_gain":0.0,"event_name":"Accursed Blacksmith","player_choice":"Forge","floor":2.0,"gold_loss":0.0,"damage_taken":0.0,"cards_upgraded":["Rip and Tear"]},{"cards_removed":["Defend_B"],"damage_healed":0.0,"max_hp_gain":0.0,"max_hp_loss":0.0,"gold_gain":0.0,"event_name":"Golden Wing","player_choice":"Card Removal","floor":5.0,"gold_loss":0.0,"damage_taken":7.0},{"damage_healed":0.0,"max_hp_gain":0.0,"max_hp_loss":0.0,"gold_gain":0.0,"event_name":"Liars Game","player_choice":"Ignored","floor":7.0,"gold_loss":0.0,"damage_taken":0.0},{"damage_healed":0.0,"max_hp_gain":0.0,"max_hp_loss":0.0,"gold_gain":0.0,"event_name":"Cursed Tome","player_choice":"Obtained Book","floor":19.0,"gold_loss":0.0,"damage_taken":21.0},{"damage_healed":0.0,"max_hp_gain":0.0,"max_hp_loss":0.0,"gold_gain":0.0,"event_name":"WeMeetAgain","player_choice":"Gave Potion","floor":21.0,"gold_loss":0.0,"damage_taken":0.0,"relics_obtained":["Vajra"]},{"cards_removed":["Pain"],"damage_healed":0.0,"max_hp_gain":0.0,"max_hp_loss":0.0,"gold_gain":0.0,"event_name":"Back to Basics","player_choice":"Elegance","floor":28.0,"gold_loss":0.0,"damage_taken":0.0},{"damage_healed":0.0,"max_hp_gain":0.0,"max_hp_loss":0.0,"gold_gain":0.0,"event_name":"Vampires","player_choice":"Ignored","floor":29.0,"gold_loss":0.0,"damage_taken":0.0},{"cards_removed":["Zap"],"damage_healed":0,"gold_gain":0,"player_choice":"Purged","damage_taken":0,"max_hp_gain":0,"max_hp_loss":0,"event_name":"Purifier","floor":36,"gold_loss":0},{"damage_healed":0,"gold_gain":0,"player_choice":"Fight","damage_taken":0,"max_hp_gain":0,"max_hp_loss":0,"event_name":"MindBloom","floor":39,"gold_loss":0},{"damage_healed":0,"gold_gain":0,"player_choice":"Embrace Madness","damage_taken":15,"max_hp_gain":0,"max_hp_loss":0,"event_name":"Winding Halls","floor":41,"gold_loss":0,"cards_obtained":["Madness","Madness"]}],"is_beta":true,"boss_relics":[{"not_picked":["Tiny House","Velvet Choker"],"picked":"Cursed Key"},{"not_picked":["Nuclear Battery","Philosopher\u0027s Stone"],"picked":"Astrolabe"}],"items_purged_floors":[12,22,45],"is_endless":false,"potions_floor_spawned":[4,8,11,14,16,20,30,31,33,37,38,40,46],"killed_by":"The Heart","ascension_level":20}}