{"host":"qzblds3hycbe0oxf","time":1608240218,"event":{"mods":["2.2 Compatiblity","AchievementEnabler","BaseMod","Colored Map","DeckTracker","Highlight Path","Minty Spire (QoL Compilation)","Random Character Button","Rare Cards Sparkle"],"gold_per_floor":[115,129,149,168,168,193,193,210,210,228,247,278,278,290,290,394,394,413,424,435,446,446,446],"floor_reached":22,"playtime":1373,"items_purged":[],"score":235,"play_id":"1099a306-f91c-4005-a009-7e1c3d1822f0","local_time":"20201217222338","is_ascension_mode":true,"campfire_choices":[{"floor":7.0,"key":"REST"},{"floor":13.0,"key":"REST"},{"floor":15.0,"key":"DIG"}],"circlet_count":0,"master_deck":["Strike_P","Strike_P","Strike_P","Strike_P","Defend_P","Defend_P","Defend_P","Defend_P","Eruption+1","Vigilance","Consecrate","EmptyFist","Pray","CarveReality","LikeWater","ThirdEye","WindmillStrike","FlurryOfBlows","Perseverance","Crescendo","Devotion","Indignation","Pray+1","ReachHeaven","Wallop"],"relics":["PureWater","Shovel","Boot","Tiny Chest","Meat on the Bone","Philosopher\u0027s Stone"],"acts_visited":["Exordium","TheCity"],"potions_floor_usage":[],"damage_taken":[{"damage":6.0,"enemies":"Small Slimes","floor":1.0,"turns":4.0},{"damage":11.0,"enemies":"Cultist","floor":2.0,"turns":4.0},{"damage":4.0,"enemies":"2 Louse","floor":3.0,"turns":3.0},{"damage":9.0,"enemies":"Red Slaver","floor":4.0,"turns":2.0},{"damage":10.0,"enemies":"3 Sentries","floor":6.0,"turns":5.0},{"damage":6.0,"enemies":"Blue Slaver","floor":8.0,"turns":4.0},{"damage":7.0,"enemies":"Exordium Thugs","floor":10.0,"turns":4.0},{"damage":0.0,"enemies":"2 Fungi Beasts","floor":11.0,"turns":2.0},{"damage":3.0,"enemies":"Gremlin Nob","floor":12.0,"turns":3.0},{"damage":4.0,"enemies":"Looter","floor":14.0,"turns":2.0},{"damage":36.0,"enemies":"Hexaghost","floor":16.0,"turns":6.0},{"damage":26.0,"enemies":"2 Thieves","floor":18.0,"turns":4.0},{"damage":14.0,"enemies":"Shell Parasite","floor":19.0,"turns":4.0},{"damage":32.0,"enemies":"Centurion and Healer","floor":20.0,"turns":6.0},{"damage":21.0,"enemies":"Snake Plant","floor":21.0,"turns":4.0},{"damage":56,"enemies":"Cultist and Chosen","floor":22,"turns":4}],"seed_played":"-6160182899363131756","potions_obtained":[{"floor":2.0,"key":"GamblersBrew"},{"floor":4.0,"key":"Swift Potion"},{"floor":11.0,"key":"AttackPotion"},{"floor":14.0,"key":"Strength Potion"},{"floor":16.0,"key":"Weak Potion"},{"floor":18.0,"key":"DuplicationPotion"},{"floor":19.0,"key":"Dexterity Potion"}],"is_trial":false,"path_per_floor":["M","M","M","M","?","E","R","M","T","M","M","E","R","M","R","B",null,"M","M","M","M","M"],"character_chosen":"WATCHER","items_purchased":[],"campfire_rested":2,"item_purchase_floors":[],"current_hp_per_floor":[73,62,58,49,49,39,62,56,56,49,49,46,69,65,65,41,79,53,51,31,22,0,0],"gold":446,"neow_bonus":"TEN_PERCENT_HP_BONUS","is_daily":false,"chose_seed":false,"campfire_upgraded":0,"win_rate":0.0,"timestamp":1608240218,"path_taken":["M","M","M","M","?","E","R","M","T","M","?","E","R","M","R","BOSS","M","M","M","?","M"],"items_purchased_type":[],"build_version":"2020-12-13","purchased_purges":0,"victory":false,"max_hp_per_floor":[79,79,79,79,79,79,79,79,79,79,79,79,79,79,79,79,79,79,79,79,79,79,79],"card_choices":[{"not_picked":["FlyingSleeves","Pray"],"picked":"Consecrate","floor":1.0},{"not_picked":["Conclude","Collect"],"picked":"EmptyFist","floor":2.0},{"not_picked":["Halt","Consecrate"],"picked":"Pray","floor":3.0},{"not_picked":["SignatureMove","SashWhip"],"picked":"CarveReality","floor":4.0},{"not_picked":["Nirvana","EmptyBody"],"picked":"LikeWater","floor":6.0},{"not_picked":["CrushJoints","PathToVictory"],"picked":"ThirdEye","floor":8.0},{"not_picked":["Prostrate","Meditate"],"picked":"WindmillStrike","floor":10.0},{"not_picked":["JustLucky","Prostrate"],"picked":"FlurryOfBlows","floor":11.0},{"not_picked":["BowlingBash","Wish"],"picked":"Perseverance","floor":12.0},{"not_picked":["Prostrate","JustLucky"],"picked":"Crescendo","floor":14.0},{"not_picked":["Wish","DeusExMachina"],"picked":"Devotion","floor":16.0},{"not_picked":["JustLucky+1","CrushJoints"],"picked":"Indignation","floor":18.0},{"not_picked":["BowlingBash","FlurryOfBlows+1"],"picked":"Pray+1","floor":19.0},{"not_picked":["BowlingBash","CutThroughFate"],"picked":"ReachHeaven","floor":20.0},{"not_picked":["WreathOfFlame","Worship"],"picked":"Wallop","floor":21.0}],"player_experience":161273,"relics_obtained":[{"floor":6.0,"key":"Shovel"},{"floor":9.0,"key":"Boot"},{"floor":12.0,"key":"Tiny Chest"},{"floor":15.0,"key":"Meat on the Bone"}],"event_choices":[{"damage_healed":0.0,"max_hp_gain":0.0,"max_hp_loss":0.0,"gold_gain":0.0,"event_name":"Upgrade Shrine","player_choice":"Upgraded","floor":5.0,"gold_loss":0.0,"damage_taken":0.0,"cards_upgraded":["Eruption"]}],"is_beta":false,"boss_relics":[{"not_picked":["Runic Dome","Fusion Hammer"],"picked":"Philosopher\u0027s Stone"}],"items_purged_floors":[],"is_endless":false,"potions_floor_spawned":[2,4,11,14,16,18,19],"killed_by":"Cultist and Chosen","ascension_level":3}}