{"host":"y89x8uui45kcjy42","time":1608163686,"event":{"mods":["2.2 Compatiblity","BaseMod","CapriCore","Colored Map","Colored Powertips","Custom Start","Friendly Minions","Highlight Path","Keyboard Shortcuts","Minty Spire (QoL Compilation)","Relic Stats","Slay the Relics Exporter","StSLib","SuperFastMode","Waifu the Spire"],"gold_per_floor":[110,110,126,140,155,155,184,184,184,50,70,70,82,82,82],"floor_reached":14,"playtime":342,"items_purged":["Pain"],"score":184,"play_id":"af2b7e02-bc27-4d08-bb78-133e015440c5","local_time":"20201217090806","is_ascension_mode":true,"campfire_choices":[{"data":"Infinite Blades","floor":6,"key":"SMITH"},{"data":"Prepared","floor":8,"key":"SMITH"},{"data":"Neutralize","floor":12,"key":"SMITH"}],"circlet_count":0,"master_deck":["AscendersBane","Strike_G","Strike_G","Strike_G","Strike_G","Defend_G","Defend_G","Defend_G","Defend_G","Defend_G","Survivor","Neutralize+1","Die Die Die","Deadly Poison","Prepared+1","Infinite Blades+1","PiercingWail","Tactician+1","Acrobatics+1","Dagger Throw","PiercingWail+1"],"relics":["Ring of the Snake","WarpedTongs","Toxic Egg 2","Mercury Hourglass"],"acts_visited":["Exordium"],"potions_floor_usage":[7,7,14],"damage_taken":[{"damage":14,"enemies":"Cultist","floor":1,"turns":6},{"damage":1,"enemies":"Small Slimes","floor":3,"turns":3},{"damage":0,"enemies":"2 Louse","floor":4,"turns":2},{"damage":5,"enemies":"Exordium Wildlife","floor":5,"turns":3},{"damage":13,"enemies":"Lagavulin","floor":7,"turns":7},{"damage":2,"enemies":"Red Slaver","floor":11,"turns":4},{"damage":0,"enemies":"3 Louse","floor":13,"turns":2},{"damage":30,"enemies":"Gremlin Nob","floor":14,"turns":3}],"seed_played":"-7830418930655329744","potions_obtained":[{"floor":4,"key":"CunningPotion"},{"floor":5,"key":"CunningPotion"},{"floor":11,"key":"Energy Potion"}],"is_trial":false,"path_per_floor":["M","?","M","M","M","R","E","R","T","$","M","R","M","E"],"character_chosen":"THE_SILENT","items_purchased":["Acrobatics+1"],"campfire_rested":0,"item_purchase_floors":[10],"current_hp_per_floor":[45,45,44,44,39,39,26,26,26,26,24,24,24,0,0],"gold":82,"neow_bonus":"TRANSFORM_CARD","is_daily":false,"chose_seed":false,"campfire_upgraded":3,"win_rate":0.0,"timestamp":1608163686,"path_taken":["M","?","M","M","M","R","E","R","T","?","M","R","?","E"],"items_purchased_type":["Card"],"build_version":"2020-12-13","purchased_purges":1,"victory":false,"max_hp_per_floor":[66,66,66,66,66,66,66,66,66,66,66,66,66,66,66],"relic_stats":{"counters":[8,29],"obtain_stats":[{"Toxic Egg 2":7,"Ring of the Snake":0,"WarpedTongs":2,"Mercury Hourglass":9},{"Toxic Egg 2":5,"Ring of the Snake":0,"WarpedTongs":1,"Mercury Hourglass":5},{"Toxic Egg 2":21,"Ring of the Snake":0,"WarpedTongs":6,"Mercury Hourglass":21}],"Ring of the Snake":[16],"WarpedTongs":[23],"Mercury Hourglass":[32]},"card_choices":[{"not_picked":["Outmaneuver","Dagger Throw"],"picked":"Deadly Poison","floor":1},{"not_picked":["Leg Sweep","Outmaneuver"],"picked":"Prepared","floor":3},{"not_picked":["Prepared","Blade Dance"],"picked":"Infinite Blades","floor":4},{"not_picked":["Distraction","Prepared"],"picked":"PiercingWail","floor":5},{"not_picked":["Flechettes","Well Laid Plans"],"picked":"Tactician+1","floor":7},{"not_picked":["Acrobatics+1","PiercingWail+1"],"picked":"Dagger Throw","floor":11},{"not_picked":["Poisoned Stab","Terror+1"],"picked":"PiercingWail+1","floor":13}],"player_experience":497192,"relics_obtained":[{"floor":7,"key":"Toxic Egg 2"},{"floor":9,"key":"Mercury Hourglass"}],"event_choices":[{"damage_healed":0,"gold_gain":0,"player_choice":"Rummage","damage_taken":0,"relics_obtained":["WarpedTongs"],"max_hp_gain":0,"max_hp_loss":0,"event_name":"Accursed Blacksmith","floor":2,"gold_loss":0,"cards_obtained":["Pain"]}],"is_beta":false,"boss_relics":[],"items_purged_floors":[10],"is_endless":false,"potions_floor_spawned":[4,5,11],"killed_by":"Gremlin Nob","ascension_level":20}}