{"host":"bp6b47iftb3mluh0","time":1608217811,"event":{"mods":["Act Like it!","Alarm Clock","Aspiration","Astrologer","BaseMod","Bestiary","Better Third Choice","Better Vampires","BetterRewards","Challenge The Spire","Colored Powertips","Conspire","Dota2Spire","Downfall","Friendly Minions","Gensokyo","Hallownest","Hermit","Kiyohime（清姬）","Lobotomy","LobotomyExtend","Marisa（F雨　魔理沙）","Marked Mod","Minty Spire (QoL Compilation)","Quick Restart","Rare Cards Sparkle","Red Circlet Mod","Relic Stats","Replay The Spire","Reworked Bosses","Ryuuou龙王","Shop Mod","Spicy Shops","StSLib","The Bug Knight","The Poker Player","TheWitcher","Uncapped","Waifu the Spire","Youmu（魂魄妖梦）","[地精首领爬塔]The Maniac","vexMod","【东方二次创作】八云紫mod","【遗物卡牌】REMEMod"],"gold_per_floor":[112,112,112,112,127,127,144,94,94,114,139,139,64,90,90,90,90],"floor_reached":16,"playtime":1529,"items_purged":["astrologer:HeatDeath"],"score":108,"play_id":"f7762525-64a2-4b45-bb88-636ecd374c26","local_time":"20201217231011","is_ascension_mode":false,"campfire_choices":[{"data":"Justitia","floor":6.0,"key":"SMITH"},{"data":"astrologer:TheFool","floor":12.0,"key":"SMITH"}],"circlet_count":0,"master_deck":["astrologer:Strike","astrologer:Defend","astrologer:Defend","astrologer:Defend","astrologer:NorthStar","astrologer:TheFool+1","Justitia+1","astrologer:Still","astrologer:Shine+1","astrologer:Judgement","astrologer:ShiningStar","astrologer:Trine"],"relics":["astrologer:SkyMirror","REME_ComplimentaryCards","aspiration:Nostalgia","maniac:BrokenHorn","LetterFromLob","Calipers","Replay:Bottled Snecko","Question Card","Orichalcum"],"acts_visited":["Exordium"],"potions_floor_usage":[],"damage_taken":[{"damage":0.0,"enemies":"conspire:RoseBush","floor":1.0,"turns":3.0},{"damage":0.0,"enemies":"2 Louse","floor":5.0,"turns":3.0},{"damage":4.0,"enemies":"Cultist","floor":7.0,"turns":2.0},{"damage":0.0,"enemies":"2 Fungi Beasts","floor":10.0,"turns":2.0},{"damage":16.0,"enemies":"Gremlin Nob","floor":11.0,"turns":3.0},{"damage":20.0,"enemies":"HollowMod:MossKnight","floor":14.0,"turns":14.0},{"damage":33,"enemies":"Fading Forest","floor":16,"turns":7}],"seed_played":"-1918694637107140403","potions_obtained":[{"floor":1.0,"key":"LiquidBronze"},{"floor":7.0,"key":"Dota2Spire:HealingSalve"}],"is_trial":false,"path_per_floor":["M","?","?","?","M","R","M","?","T","M","E","R","$","E","R","B"],"character_chosen":"ASTROLOGER","items_purchased":[],"campfire_rested":0,"item_purchase_floors":[],"current_hp_per_floor":[70,63,63,63,63,63,59,59,59,59,43,43,43,23,23,0,0],"gold":90,"neow_bonus":"NOSTALGIA","is_daily":false,"chose_seed":false,"campfire_upgraded":2,"win_rate":0.0,"timestamp":1608217811,"path_taken":["M","?","?","?","?","R","M","?","T","M","E","R","?","E","R","BOSS"],"items_purchased_type":[],"build_version":"2020-12-13","purchased_purges":1,"victory":false,"max_hp_per_floor":[70,70,70,70,70,70,70,70,70,70,70,70,70,70,70,70,70],"relic_stats":{"counters":[7,34],"Orichalcum":[18],"Question Card":1,"obtain_stats":[{"maniac:BrokenHorn":0,"Calipers":4,"aspiration:Nostalgia":0,"astrologer:SkyMirror":0,"LetterFromLob":1,"Replay:Bottled Snecko":9,"Orichalcum":14,"Question Card":11,"REME_ComplimentaryCards":0},{"maniac:BrokenHorn":0,"Calipers":1,"aspiration:Nostalgia":0,"astrologer:SkyMirror":0,"LetterFromLob":1,"Replay:Bottled Snecko":3,"Orichalcum":6,"Question Card":5,"REME_ComplimentaryCards":0},{"maniac:BrokenHorn":0,"Calipers":3,"aspiration:Nostalgia":0,"astrologer:SkyMirror":0,"LetterFromLob":3,"Replay:Bottled Snecko":8,"Orichalcum":27,"Question Card":13,"REME_ComplimentaryCards":0}]},"card_choices":[{"not_picked":["astrologer:Conjunction","astrologer:FrozenStar"],"picked":"astrologer:Still","floor":1.0},{"not_picked":["astrologer:Moonlight","astrologer:Radiance"],"picked":"astrologer:Judgement","floor":5.0},{"not_picked":["astrologer:FadingStar","astrologer:Opposition"],"picked":"astrologer:HeatDeath","floor":7.0},{"not_picked":["astrologer:SpaceDust","astrologer:Eclipse","astrologer:MeteorShower"],"picked":"SKIP","floor":10.0},{"not_picked":["astrologer:SolarFlare","astrologer:HeatDeath"],"picked":"astrologer:ShiningStar","floor":11.0},{"not_picked":["astrologer:ReadTheStars","astrologer:Still","astrologer:Stardust","astrologer:Glimpse"],"picked":"SKIP","floor":14.0}],"player_experience":190788,"relics_obtained":[{"floor":1.0,"key":"LetterFromLob"},{"floor":4.0,"key":"Calipers"},{"floor":9.0,"key":"Replay:Bottled Snecko"},{"floor":11.0,"key":"Question Card"},{"floor":14.0,"key":"Orichalcum"}],"event_choices":[{"cards_removed":["astrologer:Strike"],"damage_healed":0.0,"max_hp_gain":0.0,"max_hp_loss":0.0,"gold_gain":0.0,"event_name":"Golden Wing","player_choice":"Card Removal","floor":2.0,"gold_loss":0.0,"damage_taken":7.0},{"damage_healed":0.0,"max_hp_gain":0.0,"max_hp_loss":0.0,"gold_gain":0.0,"event_name":"Wheel of Change","player_choice":"Relic","floor":4.0,"gold_loss":0.0,"damage_taken":0.0},{"cards_removed":["astrologer:Defend"],"damage_healed":0.0,"max_hp_gain":0.0,"max_hp_loss":0.0,"gold_gain":0.0,"event_name":"The Cleric","player_choice":"Card Removal","floor":8.0,"gold_loss":50.0,"damage_taken":0.0}],"is_beta":false,"boss_relics":[],"items_purged_floors":[13],"is_endless":false,"potions_floor_spawned":[1,7],"killed_by":"Fading Forest","ascension_level":0}}