{"host":"cyh4fejqtcjbfr7k","time":1608191449,"event":{"mods":["2.2 Compatiblity","AchievementEnabler","BaseMod","Colored Map","Colored Powertips","DeckTracker","Downfall","Googly Eyes","Hubris","Infinite Spire","Minty Spire (QoL Compilation)","Replay The Spire","Shop Mod","StSLib","SuperFastMode","Unceasing Turn Reminder"],"gold_per_floor":[114,114,125,125,144,144,175,175,200,231,231,231,231,242,242,345,345,270,270,287,287,287],"floor_reached":21,"playtime":854,"items_purged":[],"score":194,"play_id":"a83ca33d-a816-4d2e-a348-68b389b7b245","local_time":"20201217005049","is_ascension_mode":true,"campfire_choices":[{"data":"Zap","floor":6,"key":"SMITH"},{"floor":8,"key":"REST"},{"floor":12,"key":"REST"},{"data":"Loop","floor":15,"key":"SMITH"}],"circlet_count":0,"master_deck":["Strike_B","Strike_B","Strike_B","Strike_B","Defend_B","Defend_B","Defend_B","Defend_B","Zap+1","ReplayRNGCard","Streamline","FIFO Queue","Conserve Battery","Auto Shields","Loop+1","Fusion","Multi-Cast+1","Ball Lightning","Genetic Algorithm","Buffer","Redo","Sunder"],"relics":["Cracked Core","ReplayFunnel","Chameleon Ring","Dream Catcher","hubris:FunFungus"],"acts_visited":["Exordium","TheCity"],"potions_floor_usage":[7,10],"damage_taken":[{"damage":0,"enemies":"Jaw Worm","floor":1,"turns":5},{"damage":3,"enemies":"Small Slimes","floor":3,"turns":3},{"damage":8,"enemies":"2 Louse","floor":5,"turns":2},{"damage":24,"enemies":"3 Sentries","floor":7,"turns":11},{"damage":12,"enemies":"Lagavulin","floor":10,"turns":8},{"damage":7,"enemies":"2 Fungi Beasts","floor":14,"turns":3},{"damage":28,"enemies":"Slime Boss","floor":16,"turns":7},{"damage":25,"enemies":"2 Thieves","floor":18,"turns":5},{"damage":5,"enemies":"Shell Parasite","floor":20,"turns":9},{"damage":55,"enemies":"3 Cultists","floor":21,"turns":5}],"seed_played":"-6498499100283749587","potions_obtained":[{"floor":1,"key":"Elixir"},{"floor":3,"key":"Dexterity Potion"},{"floor":20,"key":"DistilledChaos"}],"is_trial":false,"path_per_floor":["M","?","M","?","M","R","E","R","T","E","?","R","?","M","R","B",null,"M","$","M","M"],"character_chosen":"DEFECT","items_purchased":[],"campfire_rested":2,"item_purchase_floors":[],"current_hp_per_floor":[75,72,69,69,61,61,37,59,59,47,47,69,69,62,62,38,75,51,51,48,0,0],"gold":287,"neow_bonus":"ONE_RANDOM_RARE_CARD","is_daily":false,"chose_seed":false,"campfire_upgraded":2,"win_rate":0.0,"timestamp":1608191449,"path_taken":["M","?","M","?","M","R","E","R","T","E","?","R","?","?","R","BOSS","M","$","M","M"],"items_purchased_type":[],"build_version":"2020-12-13","purchased_purges":0,"victory":false,"max_hp_per_floor":[75,75,75,75,75,75,75,75,75,75,75,75,75,75,75,75,75,75,75,75,75,75],"card_choices":[{"not_picked":["Go for the Eyes","Steam"],"picked":"Streamline","floor":1},{"not_picked":["BasicCrystalCard","Blizzard"],"picked":"FIFO Queue","floor":3},{"not_picked":["Hello World","Stack"],"picked":"Auto Shields","floor":5},{"not_picked":["Lockon","ReplaySort"],"picked":"Loop","floor":7},{"not_picked":["Gash","Aggregate"],"picked":"Fusion","floor":10},{"not_picked":["Cold Snap","Gash"],"picked":"Ball Lightning","floor":12},{"not_picked":["FIFO Queue","ReplayGash"],"picked":"Genetic Algorithm","floor":14},{"not_picked":["Core Surge","Echo Form"],"picked":"Buffer","floor":16},{"not_picked":["Leap","Panic Button"],"picked":"Redo","floor":18},{"not_picked":["Conserve Battery+1","Aggregate"],"picked":"Sunder","floor":20}],"player_experience":575936,"relics_obtained":[{"floor":7,"key":"Chameleon Ring"},{"floor":9,"key":"Dream Catcher"},{"floor":10,"key":"hubris:FunFungus"}],"event_choices":[{"damage_healed":0,"gold_gain":0,"player_choice":"Success","damage_taken":3,"relics_obtained":["ReplayFunnel"],"max_hp_gain":0,"max_hp_loss":0,"event_name":"Scrap Ooze","floor":2,"gold_loss":0},{"damage_healed":0,"gold_gain":0,"player_choice":"Ignored","damage_taken":0,"max_hp_gain":0,"max_hp_loss":0,"event_name":"Golden Idol","floor":13,"gold_loss":0}],"is_beta":false,"boss_relics":[{"not_picked":["Runic Dome","Ring of Chaos","Calling Bell"]}],"items_purged_floors":[],"is_endless":false,"potions_floor_spawned":[1,3,20],"killed_by":"3 Cultists","ascension_level":1}}