{"host":"bux1pdxjwq4dkad9","time":1608168361,"event":{"mods":["BaseMod","Colored Map","Minty Spire (QoL Compilation)","Quick Restart","Robot Space Explorer","StSLib","SuperFastMode","The Alterego","°æ“≈ŒÔMod°øºÚµ•”Œœ∑"],"gold_per_floor":[113,38,38,58,76,107,107,107,107,139,149,49,80,96,96,175,175,192,192,102,120,120,155,155,183,209,237,257,257,132,147,147,225,225,238,238,253,35,84,117,127,160,228,258,277,277,111,138,138,138,138,138,45,71,71],"floor_reached":56,"playtime":1720,"items_purged":["RobotSpaceExplorer:Strike","RobotSpaceExplorer:Strike","RobotSpaceExplorer:Strike","RobotSpaceExplorer:Defend","RobotSpaceExplorer:Defend+1"],"score":3027,"play_id":"197c0941-9fad-4a68-9fcf-c0e2f93a60fe","local_time":"20201217092601","is_ascension_mode":true,"campfire_choices":[{"data":"RobotSpaceExplorer:MiniLasers","floor":8,"key":"SMITH"},{"data":"RobotSpaceExplorer:SwiftStep","floor":15,"key":"SMITH"},{"floor":24,"key":"RECALL"},{"data":"RobotSpaceExplorer:FrostMissile","floor":29,"key":"SMITH"},{"data":"RobotSpaceExplorer:SelfCleaning","floor":32,"key":"SMITH"},{"data":"RobotSpaceExplorer:GearShield","floor":46,"key":"SMITH"},{"data":"RobotSpaceExplorer:Pulsar","floor":49,"key":"SMITH"},{"data":"RobotSpaceExplorer:Scan","floor":52,"key":"SMITH"}],"circlet_count":0,"master_deck":["AscendersBane","RobotSpaceExplorer:Scan+1","RobotSpaceExplorer:MiniLasers+1","RobotSpaceExplorer:FrostMissile+1","RobotSpaceExplorer:Probe","RobotSpaceExplorer:Counterblock","RobotSpaceExplorer:ShovelStrike","RobotSpaceExplorer:Pulsar+1","RobotSpaceExplorer:SelfCleaning+1","RobotSpaceExplorer:GearShield+1","RobotSpaceExplorer:SwiftStep+1","RobotSpaceExplorer:MiniBoosters+1","RobotSpaceExplorer:DualCore+1"],"relics":["RobotSpaceExplorer:RoboCore","ImprovedEquipment","NeowsBlessing","Blue Candle","Shuriken","Darkstone Periapt","Bronze Scales","Philosopher\u0027s Stone","Orichalcum","PreservedInsect","Blood Vial","Centennial Puzzle","Lantern","Empty Cage","Membership Card","WingedGreaves","Frozen Egg 2","Bag of Preparation","Ancient Tea Set","Medical Kit","RobotSpaceExplorer:ClockworkSextant","Boot","Lizard Tail"],"acts_visited":["Exordium","TheCity","TheBeyond","TheEnding"],"potions_floor_usage":[18,55],"damage_taken":[{"damage":0,"enemies":"Cultist","floor":1,"turns":1},{"damage":0,"enemies":"Small Slimes","floor":4,"turns":1},{"damage":0,"enemies":"Jaw Worm","floor":5,"turns":1},{"damage":0,"enemies":"3 Sentries","floor":6,"turns":8},{"damage":0,"enemies":"Lagavulin","floor":10,"turns":4},{"damage":0,"enemies":"Red Slaver","floor":11,"turns":2},{"damage":0,"enemies":"3 Sentries","floor":13,"turns":5},{"damage":0,"enemies":"Large Slime","floor":14,"turns":3},{"damage":0,"enemies":"The Guardian","floor":16,"turns":6},{"damage":0,"enemies":"Shell Parasite","floor":18,"turns":2},{"damage":0,"enemies":"Chosen","floor":21,"turns":3},{"damage":0,"enemies":"Slavers","floor":23,"turns":4},{"damage":0,"enemies":"Book of Stabbing","floor":25,"turns":2},{"damage":0,"enemies":"Gremlin Leader","floor":27,"turns":3},{"damage":0,"enemies":"3 Cultists","floor":28,"turns":3},{"damage":0,"enemies":"Cultist and Chosen","floor":31,"turns":2},{"damage":0,"enemies":"Champ","floor":33,"turns":4},{"damage":0,"enemies":"3 Darklings","floor":35,"turns":1},{"damage":0,"enemies":"3 Shapes","floor":37,"turns":1},{"damage":0,"enemies":"2 Orb Walkers","floor":39,"turns":1},{"damage":0,"enemies":"Nemesis","floor":40,"turns":1},{"damage":0,"enemies":"Sphere and 2 Shapes","floor":41,"turns":1},{"damage":0,"enemies":"Reptomancer","floor":42,"turns":1},{"damage":0,"enemies":"Giant Head","floor":44,"turns":1},{"damage":0,"enemies":"Spire Growth","floor":45,"turns":1},{"damage":0,"enemies":"Nemesis","floor":48,"turns":1},{"damage":0,"enemies":"Time Eater","floor":50,"turns":3},{"damage":0,"enemies":"Shield and Spear","floor":54,"turns":1},{"damage":0,"enemies":"The Heart","floor":55,"turns":3}],"seed_played":"-6439877818734695390","potions_obtained":[{"floor":5,"key":"Weak Potion"},{"floor":10,"key":"SpeedPotion"},{"floor":18,"key":"Fruit Juice"},{"floor":21,"key":"RobotSpaceExplorer:RecyclePotion"}],"is_trial":false,"path_per_floor":["M","$","?","M","M","E","?","R","T","E","M","$","E","M","R","B",null,"M","?","?","M","$","E","R","E","T","E","M","R","$","M","R","B",null,"M","?","M","$","?","E","M","E","T","E","M","R","$","E","R","B",null,"R","$","E","B",null],"character_chosen":"RobotSpaceExplorer","items_purchased":["Membership Card","Medical Kit","RobotSpaceExplorer:DualCore+1","Boot"],"campfire_rested":0,"item_purchase_floors":[38,47,53,53],"current_hp_per_floor":[64,64,64,64,64,64,64,64,64,64,64,64,64,64,64,64,69,74,74,74,74,74,74,74,74,74,76,76,76,76,76,76,76,76,76,76,76,76,76,76,76,76,76,76,76,76,76,76,76,76,76,76,76,76,76],"gold":71,"neow_bonus":"THREE_ENEMY_KILL","is_daily":false,"chose_seed":false,"campfire_upgraded":7,"win_rate":0.0,"timestamp":1608168361,"path_taken":["M","$","?","M","M","E","?","R","T","E","?","?","E","M","R","BOSS","M","?","?","M","$","E","R","E","T","E","?","R","$","M","R","BOSS","M","?","M","$","?","E","M","E","T","E","M","R","$","E","R","BOSS","R","$","E","BOSS"],"items_purchased_type":["Relic","Relic","Card","Relic"],"build_version":"2020-12-13","purchased_purges":5,"victory":true,"max_hp_per_floor":[71,71,71,71,71,71,71,71,71,71,71,71,71,71,71,71,71,76,76,76,76,76,76,76,76,76,76,76,76,76,76,76,76,76,76,76,76,76,76,76,76,76,76,76,76,76,76,76,76,76,76,76,76,76,76],"card_choices":[{"not_picked":["RobotSpaceExplorer:ShockKick","RobotSpaceExplorer:StarDust"],"picked":"RobotSpaceExplorer:FrostMissile","floor":1},{"not_picked":["RobotSpaceExplorer:SlimeMissile","RobotSpaceExplorer:SurgingShield"],"picked":"RobotSpaceExplorer:GearShield","floor":4},{"not_picked":["RobotSpaceExplorer:GlueSpray","RobotSpaceExplorer:SurgingShield","RobotSpaceExplorer:Discharger"],"picked":"SKIP","floor":5},{"not_picked":["RobotSpaceExplorer:ScrapMissile","RobotSpaceExplorer:SurgingShield","RobotSpaceExplorer:ShockKick"],"picked":"SKIP","floor":6},{"not_picked":["RobotSpaceExplorer:ShockKick","RobotSpaceExplorer:LaserBurst"],"picked":"RobotSpaceExplorer:Exploration","floor":10},{"not_picked":["RobotSpaceExplorer:DoubleFind","RobotSpaceExplorer:Probe","RobotSpaceExplorer:Pulsar"],"picked":"SKIP","floor":11},{"not_picked":["RobotSpaceExplorer:SlimeMissile","RobotSpaceExplorer:ShockKick","RobotSpaceExplorer:SurgingStrike"],"picked":"SKIP","floor":13},{"not_picked":["RobotSpaceExplorer:SurgingShield","RobotSpaceExplorer:Counterblock"],"picked":"RobotSpaceExplorer:SwiftStep","floor":14},{"not_picked":["RobotSpaceExplorer:SurgingShield","RobotSpaceExplorer:MetalStrike","RobotSpaceExplorer:DoubleFind"],"picked":"SKIP","floor":18},{"not_picked":["RobotSpaceExplorer:ScrapMissile+1","RobotSpaceExplorer:LuckyStrike","RobotSpaceExplorer:MetalStrike"],"picked":"SKIP","floor":21},{"not_picked":["RobotSpaceExplorer:DoubleBlock","RobotSpaceExplorer:Electropulse+1","RobotSpaceExplorer:Autoloader"],"picked":"SKIP","floor":23},{"not_picked":["RobotSpaceExplorer:StunGrenade","RobotSpaceExplorer:FranticSearch","RobotSpaceExplorer:Jetpack"],"picked":"SKIP","floor":25},{"not_picked":["RobotSpaceExplorer:Blaster","RobotSpaceExplorer:MiniDrones","RobotSpaceExplorer:TurboDodge"],"picked":"SKIP","floor":27},{"not_picked":["RobotSpaceExplorer:FreezeRay","RobotSpaceExplorer:Jetpack","RobotSpaceExplorer:Probe"],"picked":"SKIP","floor":28},{"not_picked":["RobotSpaceExplorer:Jetpack","RobotSpaceExplorer:IronShell","RobotSpaceExplorer:SwiftStep"],"picked":"SKIP","floor":31},{"not_picked":["RobotSpaceExplorer:ScrapToss","RobotSpaceExplorer:SelfCleaning","RobotSpaceExplorer:SurgingStrike"],"picked":"SKIP","floor":35},{"not_picked":["RobotSpaceExplorer:FranticSearch","RobotSpaceExplorer:Jetpack+1","RobotSpaceExplorer:StarDust"],"picked":"SKIP","floor":37},{"not_picked":["RobotSpaceExplorer:MetalStrike","RobotSpaceExplorer:SlimeMissile+1","RobotSpaceExplorer:Arsenal"],"picked":"SKIP","floor":40},{"not_picked":["RobotSpaceExplorer:Probe","RobotSpaceExplorer:ShovelStrike"],"picked":"RobotSpaceExplorer:MiniBoosters+1","floor":41},{"not_picked":["RobotSpaceExplorer:ImprovisedAttack","RobotSpaceExplorer:PlasmaMissile","RobotSpaceExplorer:SurgingShield+1"],"picked":"SKIP","floor":42},{"not_picked":["RobotSpaceExplorer:ShockKick","RobotSpaceExplorer:PowerGlove+1","RobotSpaceExplorer:GlueShot"],"picked":"SKIP","floor":44},{"not_picked":["RobotSpaceExplorer:Blitz+1","RobotSpaceExplorer:FranticSearch","RobotSpaceExplorer:GlueShot"],"picked":"SKIP","floor":45},{"not_picked":["RobotSpaceExplorer:Pulsar+1","RobotSpaceExplorer:SlimeMissile","RobotSpaceExplorer:PowerGlove+1"],"picked":"SKIP","floor":48},{"not_picked":["RobotSpaceExplorer:LaserBurst","RobotSpaceExplorer:Pulsar+1","RobotSpaceExplorer:Ammunition"],"picked":"SKIP","floor":54}],"player_experience":2353836,"relics_obtained":[{"floor":6,"key":"Blue Candle"},{"floor":9,"key":"Shuriken"},{"floor":10,"key":"Darkstone Periapt"},{"floor":13,"key":"Bronze Scales"},{"floor":21,"key":"Orichalcum"},{"floor":23,"key":"PreservedInsect"},{"floor":25,"key":"Blood Vial"},{"floor":26,"key":"Centennial Puzzle"},{"floor":27,"key":"Lantern"},{"floor":39,"key":"WingedGreaves"},{"floor":40,"key":"Frozen Egg 2"},{"floor":42,"key":"Bag of Preparation"},{"floor":44,"key":"Ancient Tea Set"},{"floor":48,"key":"RobotSpaceExplorer:ClockworkSextant"},{"floor":54,"key":"Lizard Tail"}],"event_choices":[{"damage_healed":0,"gold_gain":0,"player_choice":"Ignored","damage_taken":0,"max_hp_gain":0,"max_hp_loss":0,"event_name":"Liars Game","floor":7,"gold_loss":0},{"damage_healed":0,"gold_gain":0,"player_choice":"Ignored","damage_taken":0,"max_hp_gain":0,"max_hp_loss":0,"event_name":"Ghosts","floor":19,"gold_loss":0},{"cards_removed":["RobotSpaceExplorer:Strike"],"damage_healed":0,"gold_gain":0,"player_choice":"Upgrade and Remove","damage_taken":0,"max_hp_gain":0,"max_hp_loss":0,"event_name":"Designer","floor":20,"gold_loss":90,"cards_upgraded":["RobotSpaceExplorer:Defend"]},{"damage_healed":0,"gold_gain":0,"player_choice":"Ignored","damage_taken":0,"max_hp_gain":0,"max_hp_loss":0,"event_name":"Tomb of Lord Red Mask","floor":36,"gold_loss":0},{"damage_healed":0,"gold_gain":0,"player_choice":"Fight","damage_taken":0,"max_hp_gain":0,"max_hp_loss":0,"event_name":"Mysterious Sphere","floor":39,"gold_loss":0}],"is_beta":false,"boss_relics":[{"not_picked":["RobotSpaceExplorer:Reprocessor","Calling Bell"],"picked":"Philosopher\u0027s Stone"},{"not_picked":["Cursed Key","Snecko Eye"],"picked":"Empty Cage"}],"items_purged_floors":[2,12,30,38,47],"is_endless":false,"potions_floor_spawned":[5,10,11,13,18,21,31,35,39,41,42,45],"ascension_level":14}}