{"host":"899crud3100o27sg","time":1608213001,"event":{"mods":["BaseMod","Better Third Choice","Colored Map","Colored Powertips","Downfall","Minty Spire (QoL Compilation)","Quick Restart","Relic Stats","Shop Mod","StSLib","The IronCluck"],"gold_per_floor":[117,134,146,166,1,1,1,1],"floor_reached":7,"playtime":218,"items_purged":[],"score":86,"play_id":"873b0613-481d-4ab1-8bda-5b16a5835dcd","local_time":"20201218002001","is_ascension_mode":true,"campfire_choices":[{"data":"Zap","floor":6.0,"key":"SMITH"}],"circlet_count":0,"master_deck":["AscendersBane","Strike_B","Strike_B","Strike_B","Strike_B","Defend_B","Defend_B","Defend_B","Defend_B","Zap+1","Dualcast","Conserve Battery","Sweeping Beam","Capacitor","Coolheaded"],"relics":["Cracked Core","Ancient Tea Set","Bag of Preparation"],"acts_visited":["Exordium"],"potions_floor_usage":[7],"damage_taken":[{"damage":26.0,"enemies":"Small Slimes","floor":1.0,"turns":3.0},{"damage":2.0,"enemies":"Jaw Worm","floor":2.0,"turns":4.0},{"damage":0.0,"enemies":"Cultist","floor":3.0,"turns":3.0},{"damage":6.0,"enemies":"3 Louse","floor":4.0,"turns":4.0},{"damage":49,"enemies":"Gremlin Nob","floor":7,"turns":3}],"seed_played":"-6223523513370351001","potions_obtained":[{"floor":2.0,"key":"FearPotion"}],"is_trial":false,"path_per_floor":["M","M","M","M","$","R","E"],"character_chosen":"DEFECT","items_purchased":["Bag of Preparation"],"campfire_rested":0,"item_purchase_floors":[5],"current_hp_per_floor":[38,36,36,30,30,30,0,0],"gold":1,"neow_bonus":"RANDOM_COMMON_RELIC","is_daily":false,"chose_seed":false,"campfire_upgraded":1,"win_rate":0.0,"timestamp":1608213001,"path_taken":["M","M","M","M","$","R","E"],"items_purchased_type":["Relic"],"build_version":"2020-12-13","purchased_purges":0,"victory":false,"max_hp_per_floor":[71,71,71,71,71,71,71,71],"relic_stats":{"counters":[5,17],"Bag of Preparation":[2],"obtain_stats":[{"Bag of Preparation":5,"Cracked Core":0,"Ancient Tea Set":0},{"Bag of Preparation":4,"Cracked Core":0,"Ancient Tea Set":0},{"Bag of Preparation":14,"Cracked Core":0,"Ancient Tea Set":0}]},"card_choices":[{"not_picked":["Steam","Go for the Eyes"],"picked":"Conserve Battery","floor":1.0},{"not_picked":["Scrape","Hello World"],"picked":"Sweeping Beam","floor":2.0},{"not_picked":["Barrage","Turbo"],"picked":"Capacitor","floor":3.0},{"not_picked":["Scrape","Gash"],"picked":"Coolheaded","floor":4.0}],"player_experience":1003461,"relics_obtained":[],"event_choices":[],"is_beta":false,"boss_relics":[],"items_purged_floors":[],"is_endless":false,"potions_floor_spawned":[2],"killed_by":"Gremlin Nob","ascension_level":20}}