{"host":"9ndbo4kgsfoemf7y","time":1608199394,"event":{"mods":["AchievementEnabler","BaseMod","Colored Map","DeckTracker","Keyboard Shortcuts","Minty Spire (QoL Compilation)","Permanent Neow","Quick Restart","Relic Stats","StSLib","SuperFastMode"],"gold_per_floor":[369,38,38,88,106,106,106],"floor_reached":6,"playtime":173,"items_purged":["Doubt"],"score":63,"play_id":"56ca47e1-f6f6-4cc4-9b84-d92eb7bbaf02","local_time":"20201217190314","is_ascension_mode":true,"campfire_choices":[],"circlet_count":0,"master_deck":["AscendersBane","Strike_G+1","Strike_G","Strike_G","Strike_G+1","Strike_G","Defend_G","Defend_G","Defend_G","Defend_G","Defend_G","Survivor","Neutralize","PiercingWail","Adrenaline","Burst","Blur","Riddle With Holes"],"relics":["Ring of the Snake","Orrery"],"acts_visited":["Exordium"],"potions_floor_usage":[],"damage_taken":[{"damage":1,"enemies":"2 Louse","floor":1,"turns":4},{"damage":7,"enemies":"Small Slimes","floor":5,"turns":3},{"damage":54,"enemies":"Gremlin Nob","floor":6,"turns":5}],"seed_played":"2652996916896083709","potions_obtained":[],"is_trial":false,"path_per_floor":["M","$","?","?","M","E"],"character_chosen":"THE_SILENT","items_purchased":["Orrery","Riddle With Holes"],"campfire_rested":0,"item_purchase_floors":[2,2],"current_hp_per_floor":[58,58,38,38,31,0,0],"gold":106,"neow_bonus":"TWO_FIFTY_GOLD","is_daily":false,"chose_seed":false,"campfire_upgraded":0,"win_rate":0.0,"timestamp":1608199394,"path_taken":["M","$","?","?","?","E"],"items_purchased_type":["Relic","Card"],"build_version":"2020-12-13","purchased_purges":1,"victory":false,"max_hp_per_floor":[66,66,66,66,66,66,66],"relic_stats":{"counters":[3,12],"obtain_stats":[{"Orrery":2,"Ring of the Snake":0},{"Orrery":1,"Ring of the Snake":0},{"Orrery":4,"Ring of the Snake":0}],"Ring of the Snake":[6]},"card_choices":[{"not_picked":["Slice","Flying Knee"],"picked":"PiercingWail","floor":1},{"not_picked":["Blade Dance","Deflect"],"picked":"Adrenaline","floor":2},{"not_picked":["Concentrate","Flying Knee"],"picked":"Burst","floor":2},{"not_picked":["Tactician","Quick Slash"],"picked":"Blur","floor":2},{"not_picked":["Setup","Deflect","Underhanded Strike"],"picked":"SKIP","floor":5}],"player_experience":688826,"relics_obtained":[],"event_choices":[{"damage_healed":0,"gold_gain":0,"player_choice":"Entered Light","damage_taken":20,"max_hp_gain":0,"max_hp_loss":0,"event_name":"Shining Light","floor":3,"gold_loss":0,"cards_upgraded":["Strike_G","Strike_G"]},{"damage_healed":0,"gold_gain":50,"player_choice":"Pray","damage_taken":0,"max_hp_gain":0,"max_hp_loss":0,"event_name":"Golden Shrine","floor":4,"gold_loss":0}],"is_beta":false,"boss_relics":[],"items_purged_floors":[2],"is_endless":false,"potions_floor_spawned":[],"killed_by":"Gremlin Nob","ascension_level":17}}