{"host":"l4jj3li0klahglqo","time":1608176170,"event":{"mods":["BaseMod","Conspire","Hubris","Infinite Spire","Marisa????????","Minty Spire (QoL Compilation)","Quick Restart","Replay The Spire","Shop Mod","StSLib","The Animator"],"gold_per_floor":[109,109,109,0,14,42,42,68,92,42,42,42,57,76,76,181,181,200,200,200,31,47,74,74,104,128,146,216,287,287,287,287,389,389,409,409,409,425,444,444,473,473,473,551,565,616,616,616,666,670,670],"floor_reached":50,"playtime":8990,"items_purged":["Defend_G","Strike_G","Defend_G","Strike_G"],"score":977,"play_id":"85bff6c3-03a4-4e87-82f4-2e2bd8d2bb31","local_time":"20201216213610","is_ascension_mode":true,"campfire_choices":[{"floor":7,"key":"REST"},{"floor":11,"key":"REST"},{"floor":15,"key":"REST"},{"data":"ReplayTheSpireMod:Chaos Vortex","floor":24,"key":"SMITH"},{"floor":30,"key":"RECALL"},{"floor":32,"key":"REST"},{"data":"conspire:PoisonWeapons","floor":40,"key":"SMITH"},{"data":"hubris:SlightOfHand","floor":42,"key":"SMITH"},{"data":"ReplayTheSpireMod:Scrap Shanks","floor":49,"key":"SMITH"}],"circlet_count":0,"master_deck":["Survivor","Neutralize","hubris:SlightOfHand","ReplayTheSpireMod:Scrap Shanks+1","Hidden Blade","Hidden Blade","Concentrate","Cloak And Dagger","Prepared","ReplayTheSpireMod:Chaos Vortex+1","Prepared","Accuracy","Tools of the Trade","Dagger Throw","Accuracy","Flying Knee+1","Footwork","Calculated Gamble","conspire:PoisonWeapons+1","conspire:DoublingDagger","ReplayTheSpireMod:Chaos Vortex","ReplayTheSpireMod:??????????????????????","A Thousand Cuts","Accuracy","hubris:SlightOfHand+1","Acrobatics","Acrobatics","Crippling Poison+1","Prepared","ReplayTheSpireMod:Scrap Shanks+1","Choke","Secret Weapon","conspire:Banana","hubris:Sniper","Prepared","Dagger Throw","After Image","Phantasmal Killer"],"relics":["Ring of the Snake","Onion Ring","conspire:BottledYoYo","Regal Pillow","SacredBark","infinitespire:Midas Blood","conspire:DeflatedDodgeball","Orichalcum","hubris:MobiusCoin","Bag of Marbles","infinitespire:Cupcake","hubris:Icosahedron","Replay:PocketPolymizer","Gremlin Horn","hubris:DisguiseKit","hubris:NiceRug","Toy Ornithopter","infinitespire:FocusingShard","TwistedFunnel"],"acts_visited":["Exordium","TheCity","TheBeyond"],"potions_floor_usage":[16,16,39,44,44,44,46,46,50],"damage_taken":[{"damage":1.0,"enemies":"2 Louse","floor":1.0,"turns":3.0},{"damage":0.0,"enemies":"Small Slimes","floor":5.0,"turns":4.0},{"damage":59,"enemies":"Gremlin Nob","floor":6,"turns":6},{"damage":21,"enemies":"Lagavulin","floor":8,"turns":7},{"damage":0,"enemies":"Jaw Worm","floor":13,"turns":2},{"damage":0,"enemies":"Blue Slaver","floor":14,"turns":3},{"damage":0,"enemies":"Fading Forest","floor":16,"turns":11},{"damage":1,"enemies":"3 Byrds","floor":18,"turns":4},{"damage":0,"enemies":"Chosen","floor":22,"turns":3},{"damage":10,"enemies":"Book of Stabbing","floor":23,"turns":3},{"damage":12,"enemies":"Nightmare","floor":25,"turns":5},{"damage":0,"enemies":"Sentry and Sphere","floor":27,"turns":3},{"damage":11,"enemies":"Snecko","floor":29,"turns":3},{"damage":0,"enemies":"Automaton","floor":33,"turns":4},{"damage":0,"enemies":"3 Shapes","floor":35,"turns":2},{"damage":0,"enemies":"Orb Walker","floor":38,"turns":3},{"damage":0,"enemies":"Maw","floor":39,"turns":4},{"damage":3,"enemies":"Giant Head","floor":41,"turns":2},{"damage":2,"enemies":"Reptomancer","floor":44,"turns":6},{"damage":0,"enemies":"3 Darklings","floor":45,"turns":2},{"damage":0,"enemies":"hubris:Merchant","floor":46,"turns":3},{"damage":131,"enemies":"LordOfAnnihilation","floor":50,"turns":10}],"seed_played":"-8895975755107047672","potions_obtained":[{"floor":8,"key":"Strength Potion"},{"floor":13,"key":"Poison Potion"},{"floor":18,"key":"SpeedPotion"},{"floor":25,"key":"Elixir"},{"floor":33,"key":"Dexterity Potion"},{"floor":38,"key":"SneckoOil"},{"floor":41,"key":"GamblersBrew"},{"floor":46,"key":"conspire:TimeTravelPotion"}],"is_trial":false,"path_per_floor":["M","?","?","$","M","E","R","E","T","?","R","?","M","M","R","B",null,"M","?","?","$","M","E","R","NM","T","M","T","M","R","AVR","R","B",null,"M","?","T","M","M","R","E","R","T","E","M","$","?","$","R","B"],"character_chosen":"THE_SILENT","items_purchased":["Hidden Blade","Accuracy","ColorlessPotion","ReplayTheSpireMod:Scrap Shanks","Swift Potion"],"campfire_rested":4,"item_purchase_floors":[4,21,46,46,46],"current_hp_per_floor":[69,62,62,62,62,3,26,5,5,5,43,24,24,24,62,62,73,72,72,72,72,72,62,62,50,50,50,50,39,39,39,77,77,77,77,77,77,77,77,77,74,74,74,72,72,72,72,72,72,0,0],"gold":670,"neow_bonus":"TEN_PERCENT_HP_BONUS","is_daily":false,"chose_seed":false,"campfire_upgraded":4,"win_rate":0.0,"timestamp":1608176170,"path_taken":["M","?","?","$","M","E","R","E","T","?","R","?","M","?","R","BOSS","M","?","?","$","M","E","R","NM","T","M","?","M","R","AVR","R","BOSS","M","?","?","?","M","R","E","R","T","E","M","$","?","?","R","BOSS"],"items_purchased_type":["Card","Card","Potion","Card","Potion"],"build_version":"2020-12-13","purchased_purges":4,"victory":false,"max_hp_per_floor":[77,77,77,77,77,77,77,77,77,77,77,77,77,77,77,77,77,77,77,77,77,77,77,77,77,77,77,77,77,77,77,77,77,77,77,77,77,77,77,77,77,77,77,77,77,77,77,77,77,78,78],"card_choices":[{"not_picked":["Tactician","Outmaneuver"],"picked":"hubris:SlightOfHand","floor":1.0},{"not_picked":["Quick Slash","Deflect"],"picked":"Concentrate","floor":5.0},{"not_picked":["Setup","Fluid Movement"],"picked":"Cloak And Dagger","floor":6},{"not_picked":["Hidden Blade","Flying Knee"],"picked":"Prepared","floor":8},{"not_picked":["infinitespire:DeathsTouch","hubris:Rewind"],"picked":"ReplayTheSpireMod:Chaos Vortex","floor":12},{"not_picked":["Well Laid Plans","PiercingWail"],"picked":"Prepared","floor":13},{"not_picked":["Cloak And Dagger","PiercingWail"],"picked":"Accuracy","floor":14},{"not_picked":["Poison Darts","Venomology"],"picked":"Tools of the Trade","floor":16},{"not_picked":["Outmaneuver","Endless Agony"],"picked":"Dagger Throw","floor":18},{"not_picked":["Quick Slash+1","Bouncing Flask+1"],"picked":"Flying Knee+1","floor":22},{"not_picked":["Noxious Fumes","ReplayTheSpireMod:Exploit Weakness"],"picked":"Footwork","floor":23},{"not_picked":["hubris:SlightOfHand","Escape Plan"],"picked":"Calculated Gamble","floor":25},{"not_picked":["Dagger Spray","hubris:TrickCloak"],"picked":"conspire:PoisonWeapons","floor":27},{"not_picked":["Backflip","Slice"],"picked":"conspire:DoublingDagger","floor":29},{"not_picked":["Malaise","Glass Knife"],"picked":"A Thousand Cuts","floor":33},{"not_picked":["Draining Mist","Blade Dance+1"],"picked":"Accuracy","floor":35},{"not_picked":["Deadly Poison+1","PiercingWail"],"picked":"hubris:SlightOfHand","floor":38},{"not_picked":["PiercingWail","Backflip"],"picked":"Acrobatics","floor":39},{"not_picked":["Acrobatics","Bouncing Flask+1"],"picked":"Crippling Poison+1","floor":41},{"not_picked":["Dodge and Roll","PiercingWail"],"picked":"Prepared","floor":44},{"not_picked":["Endless Agony+1","Bullet Time","Blur+1"],"picked":"animator:Sonic","floor":45},{"not_picked":[],"picked":"Choke","floor":46},{"not_picked":[],"picked":"Secret Weapon","floor":46},{"not_picked":[],"picked":"conspire:Banana","floor":46},{"not_picked":[],"picked":"hubris:Sniper","floor":46},{"not_picked":[],"picked":"Prepared","floor":46},{"not_picked":[],"picked":"Dagger Throw","floor":46}],"player_experience":1190881,"relics_obtained":[{"floor":6,"key":"Onion Ring"},{"floor":8,"key":"conspire:BottledYoYo"},{"floor":9,"key":"Regal Pillow"},{"floor":23,"key":"infinitespire:Midas Blood"},{"floor":25,"key":"conspire:DeflatedDodgeball"},{"floor":26,"key":"Orichalcum"},{"floor":28,"key":"hubris:MobiusCoin"},{"floor":37,"key":"Replay:PocketPolymizer"},{"floor":41,"key":"Gremlin Horn"},{"floor":44,"key":"hubris:DisguiseKit"},{"floor":46,"key":"Toy Ornithopter"},{"floor":46,"key":"infinitespire:FocusingShard"},{"floor":46,"key":"TwistedFunnel"}],"event_choices":[{"cards_removed":["Strike_G"],"damage_healed":0.0,"max_hp_gain":0.0,"max_hp_loss":0.0,"gold_gain":0.0,"event_name":"Golden Wing","player_choice":"Card Removal","floor":2.0,"gold_loss":0.0,"damage_taken":7.0},{"cards_removed":["Strike_G"],"damage_healed":0,"gold_gain":0,"player_choice":"Card Removal","damage_taken":0,"max_hp_gain":0,"max_hp_loss":0,"event_name":"The Cleric","floor":10,"gold_loss":50},{"cards_removed":["Defend_G"],"damage_healed":0,"gold_gain":0,"player_choice":"Elegance","damage_taken":0,"max_hp_gain":0,"max_hp_loss":0,"event_name":"Back to Basics","floor":19,"gold_loss":0},{"damage_healed":0,"gold_gain":0,"cards_transformed":["animator:Sonic"],"player_choice":"Transformed","damage_taken":0,"max_hp_gain":0,"max_hp_loss":0,"event_name":"Transmorgrifier","floor":47,"gold_loss":0,"cards_obtained":["After Image"]}],"is_beta":false,"boss_relics":[{"not_picked":["Ring of Chaos","ReplayTheSpireMod:SealedPack"],"picked":"SacredBark"},{"not_picked":["hubris:VirtuousBlindfold","Cursed Key"],"picked":"infinitespire:Cupcake"}],"items_purged_floors":[4,21,31,46],"is_endless":false,"potions_floor_spawned":[8,13,18,25,33,38,41],"killed_by":"LordOfAnnihilation","ascension_level":6}}