{"host":"poixavpewvabi3b6","time":1608177531,"event":{"mods":["BaseMod","DeckTracker","Minty Spire (QoL Compilation)","Replay The Spire","StSLib"],"gold_per_floor":[109,124,143,70,70,70,88,88,88,103,103,117,136,156,156,286,286,307,307,320,88,111,130,130,130,130,151,151,151,151],"floor_reached":29,"playtime":1096,"items_purged":["Defend_G"],"score":271,"play_id":"a4cfef9a-055d-49b9-a6fb-ef89d8f9dd38","local_time":"20201217125851","is_ascension_mode":false,"campfire_choices":[{"floor":6,"key":"REST"},{"floor":28,"key":"REST"}],"circlet_count":0,"master_deck":["Strike_G","Strike_G","Strike_G","Defend_G","Defend_G","Defend_G","Defend_G","Survivor","Neutralize","Poisoned Stab","PiercingWail","Crippling Poison","Toxin Wave","Noxious Fumes","Bouncing Flask+1","Prepared","Corpse Explosion","Deadly Poison+1","Noxious Fumes+1","Prepared","Prepared+1","Venomology","Prepared","Concentrate"],"relics":["Ring of the Snake","Golden Idol","Sundial","Kunai","Runic Pyramid","Orrery","Gremlin Food"],"acts_visited":["Exordium","TheCity"],"potions_floor_usage":[27],"damage_taken":[{"damage":0,"enemies":"2 Louse","floor":1,"turns":3},{"damage":7,"enemies":"Small Slimes","floor":2,"turns":3},{"damage":3,"enemies":"Jaw Worm","floor":3,"turns":5},{"damage":5,"enemies":"2 Fungi Beasts","floor":7,"turns":3},{"damage":1,"enemies":"Exordium Wildlife","floor":10,"turns":4},{"damage":7,"enemies":"Looter","floor":12,"turns":4},{"damage":17,"enemies":"Large Slime","floor":13,"turns":6},{"damage":8,"enemies":"2 Fungi Beasts","floor":14,"turns":3},{"damage":18,"enemies":"Hexaghost","floor":16,"turns":8},{"damage":14,"enemies":"2 Thieves","floor":18,"turns":4},{"damage":10,"enemies":"Spheric Guardian","floor":20,"turns":3},{"damage":22,"enemies":"Centurion and Healer","floor":22,"turns":5},{"damage":40,"enemies":"3 Cultists","floor":23,"turns":4},{"damage":29,"enemies":"Cultist and Chosen","floor":27,"turns":5},{"damage":5,"enemies":"Centurion and Healer","floor":29,"turns":2}],"seed_played":"4670839023827133339","potions_obtained":[{"floor":2,"key":"Elixir"},{"floor":10,"key":"GhostInAJar"},{"floor":12,"key":"FairyPotion"},{"floor":27,"key":"Poison Potion"}],"is_trial":false,"path_per_floor":["M","M","M","$","?","R","M","?","T","M","T","M","M","M","R","B",null,"M","?","M","$","M","M","?","?","T","M","R","M"],"character_chosen":"THE_SILENT","items_purchased":["Crippling Poison","Orrery"],"campfire_rested":2,"item_purchase_floors":[4,21],"current_hp_per_floor":[77,70,67,67,48,71,66,66,66,65,65,58,41,33,56,38,77,63,63,53,53,31,14,39,39,39,10,33,28,28],"gold":151,"neow_bonus":"TEN_PERCENT_HP_BONUS","is_daily":false,"chose_seed":false,"campfire_upgraded":0,"win_rate":0.0,"timestamp":1608177531,"path_taken":["M","M","M","$","?","R","M","?","T","M","?","M","M","M","R","BOSS","M","?","M","$","M","M","?","?","T","M","R","M"],"items_purchased_type":["Card","Relic"],"build_version":"2020-12-13","purchased_purges":1,"victory":false,"max_hp_per_floor":[77,77,77,77,77,77,77,77,77,77,77,77,77,77,77,77,77,77,77,77,77,77,77,77,77,77,77,77,77,77],"card_choices":[{"not_picked":["Backflip","Sucker Punch"],"picked":"Poisoned Stab","floor":1},{"not_picked":["Dodge and Roll","Sucker Punch"],"picked":"PiercingWail","floor":2},{"not_picked":["PiercingWail","Dodge and Roll","Underhanded Strike"],"picked":"SKIP","floor":3},{"not_picked":["Hidden Blade","Doppelganger"],"picked":"Toxin Wave","floor":7},{"not_picked":["Backflip","Sucker Punch","Flying Knee"],"picked":"SKIP","floor":10},{"not_picked":["Backflip","ReplayTheSpireMod:Scrap Shanks"],"picked":"Bouncing Flask","floor":12},{"not_picked":["Slice","Blade Dance"],"picked":"Prepared","floor":13},{"not_picked":["Flying Knee","Acrobatics","Terror"],"picked":"SKIP","floor":14},{"not_picked":["Grand Finale","Die Die Die"],"picked":"Corpse Explosion","floor":16},{"not_picked":["Hidden Blade","Backflip"],"picked":"Deadly Poison","floor":18},{"not_picked":["Flying Knee","Deadly Poison"],"picked":"Noxious Fumes+1","floor":20},{"not_picked":["Predator","Leg Sweep"],"picked":"Prepared","floor":21},{"not_picked":["Deflect+1","Deadly Poison+1"],"picked":"Prepared+1","floor":21},{"not_picked":["Dodge and Roll","Replay:Poison Smokescreen"],"picked":"Venomology","floor":21},{"not_picked":["Dodge and Roll","Deflect"],"picked":"Prepared","floor":21},{"not_picked":["Blade Dance","Eviscerate","Cloak And Dagger+1"],"picked":"SKIP","floor":22},{"not_picked":["Cloak And Dagger","ReplayTheSpireMod:Shiv Toss"],"picked":"Concentrate","floor":23},{"not_picked":["Dagger Spray","Infinite Blades+1","Outmaneuver"],"picked":"SKIP","floor":27}],"player_experience":130559,"relics_obtained":[{"floor":9,"key":"Sundial"},{"floor":11,"key":"Kunai"},{"floor":26,"key":"Gremlin Food"}],"event_choices":[{"damage_healed":0,"gold_gain":0,"player_choice":"Take Damage","damage_taken":19,"relics_obtained":["Golden Idol"],"max_hp_gain":0,"max_hp_loss":0,"event_name":"Golden Idol","floor":5,"gold_loss":0},{"damage_healed":0,"gold_gain":0,"cards_transformed":["Strike_G"],"player_choice":"Change","damage_taken":0,"max_hp_gain":0,"max_hp_loss":0,"event_name":"Living Wall","floor":8,"gold_loss":0,"cards_obtained":["Noxious Fumes"]},{"damage_healed":0,"gold_gain":0,"player_choice":"Ignored","damage_taken":0,"max_hp_gain":0,"max_hp_loss":0,"event_name":"Vampires","floor":19,"gold_loss":0},{"damage_healed":25,"gold_gain":0,"player_choice":"Heal","damage_taken":0,"max_hp_gain":0,"max_hp_loss":0,"event_name":"The Library","floor":24,"gold_loss":0},{"cards_removed":["Strike_G"],"damage_healed":0,"gold_gain":0,"player_choice":"Elegance","damage_taken":0,"max_hp_gain":0,"max_hp_loss":0,"event_name":"Back to Basics","floor":25,"gold_loss":0}],"is_beta":false,"boss_relics":[{"not_picked":["Kintsugi","Ring of Chaos"],"picked":"Runic Pyramid"}],"items_purged_floors":[21],"is_endless":false,"potions_floor_spawned":[2,10,12,14,16,20,27],"killed_by":"Centurion and Healer","ascension_level":0}}