{"host":"txona5ehdq2r96f3","time":1608214646,"event":{"mods":["2.2 Compatiblity","AchievementEnabler","Aspiration","BaseMod","Colored Powertips","Conspire","Halation","Hubris","Infinite Spire","Marisa????????","Minty Spire (QoL Compilation)","Replay The Spire","StSLib","Unceasing Turn Reminder","everything is the same but u backflip on backflip"],"gold_per_floor":[117,137,62,62,76,76,76,108,134,146,146,146,146,146,146,244,244,257,257,257,157,157,157,157],"floor_reached":23,"playtime":708,"items_purged":["Strike_B","Dualcast"],"score":222,"play_id":"bdc9aa03-e8d6-4ba9-aa99-0be73eac452f","local_time":"20201217151726","is_ascension_mode":true,"campfire_choices":[{"floor":6,"key":"REST"},{"floor":11,"key":"REST"},{"floor":15,"key":"REST"}],"circlet_count":0,"master_deck":["Defend_B","Defend_B","Zap","Streamline+1","Buffer"],"relics":["Cracked Core","Ginger","hubris:Zylophone","Juzu Bracelet","halation:EternalFortune","hubris:Towel","aspiration:BursterCore"],"acts_visited":["Exordium","TheCity"],"potions_floor_usage":[8,16,16],"damage_taken":[{"damage":0,"enemies":"conspire:RoseBush","floor":1,"turns":2},{"damage":9,"enemies":"infinitespire:Voidling","floor":2,"turns":3},{"damage":1,"enemies":"Cultist","floor":5,"turns":3},{"damage":54,"enemies":"Gremlin Nob","floor":8,"turns":5},{"damage":2,"enemies":"conspire:2 RoseBushes","floor":10,"turns":5},{"damage":15,"enemies":"The Guardian","floor":16,"turns":10},{"damage":22,"enemies":"Spheric Guardian","floor":18,"turns":4},{"damage":51,"enemies":"conspire:SneckoGhost","floor":23,"turns":6}],"seed_played":"-6944458843407917476","potions_obtained":[{"floor":2,"key":"SteroidPotion"},{"floor":5,"key":"Reflective Coating"},{"floor":10,"key":"FearPotion"},{"floor":18,"key":"Doom Potion"}],"is_trial":false,"path_per_floor":["M","M","$","?","M","R","T","E","T","M","R","?","?","?","R","B",null,"M","?","?","$","?","E"],"character_chosen":"DEFECT","items_purchased":[],"campfire_rested":3,"item_purchase_floors":[],"current_hp_per_floor":[54,50,50,50,49,71,71,17,17,15,37,40,40,33,56,41,78,59,59,44,44,44,0,0],"gold":157,"neow_bonus":"REMOVE_TWO","is_daily":false,"chose_seed":false,"campfire_upgraded":0,"win_rate":0.0,"timestamp":1608214646,"path_taken":["M","M","$","?","?","R","?","E","T","M","R","?","?","?","R","BOSS","M","?","?","$","?","E"],"items_purchased_type":[],"build_version":"2020-12-13","purchased_purges":2,"victory":false,"max_hp_per_floor":[75,75,75,75,75,75,75,75,75,75,75,78,78,78,78,78,78,81,81,86,86,86,86,86],"card_choices":[{"not_picked":["Time Bomb","ReplaySort","Rip and Tear"],"picked":"SKIP","floor":1},{"not_picked":["Go for the Eyes","conspire:Rain","Ball Lightning"],"picked":"SKIP","floor":2},{"not_picked":["Rebound","ReplayTheSpireMod:GoodbyeWorld","conspire:SharedLibrary"],"picked":"SKIP","floor":5},{"not_picked":["ReplayTheSpireMod:Reroute Power","Steam"],"picked":"Streamline","floor":8},{"not_picked":["Go for the Eyes","Cold Snap","Ball Lightning"],"picked":"SKIP","floor":10},{"not_picked":["Core Surge","Electrodynamics"],"picked":"Buffer","floor":16},{"not_picked":["Go for the Eyes","Streamline","aspiration:Polymerization+1"],"picked":"SKIP","floor":18}],"player_experience":136226,"relics_obtained":[{"floor":7,"key":"Ginger"},{"floor":8,"key":"hubris:Zylophone"},{"floor":9,"key":"Juzu Bracelet"},{"floor":18,"key":"halation:EternalFortune"}],"event_choices":[{"cards_removed":["Strike_B"],"damage_healed":0,"gold_gain":0,"player_choice":"Purged","damage_taken":0,"max_hp_gain":0,"max_hp_loss":0,"event_name":"Purifier","floor":4,"gold_loss":0},{"cards_removed":["Strike_B"],"damage_healed":0,"gold_gain":0,"player_choice":"Card Removal","damage_taken":7,"max_hp_gain":0,"max_hp_loss":0,"event_name":"Golden Wing","floor":14,"gold_loss":0},{"damage_healed":0,"gold_gain":0,"player_choice":"Upgraded","damage_taken":0,"max_hp_gain":0,"max_hp_loss":0,"event_name":"Upgrade Shrine","floor":19,"gold_loss":0,"cards_upgraded":["Streamline"]},{"damage_healed":0,"gold_gain":0,"player_choice":"Shed Blood","damage_taken":20,"max_hp_gain":5,"max_hp_loss":0,"event_name":"Forgotten Altar","floor":20,"gold_loss":0},{"cards_removed":["Defend_B"],"damage_healed":0,"gold_gain":0,"player_choice":"Offered Basic","damage_taken":0,"max_hp_gain":0,"max_hp_loss":0,"event_name":"Bonfire Elementals","floor":22,"gold_loss":0}],"is_beta":false,"boss_relics":[{"not_picked":["ChewingGum","Replay:Wanted Poster"],"picked":"aspiration:BursterCore"}],"items_purged_floors":[3,21],"is_endless":false,"potions_floor_spawned":[2,5,10,18],"killed_by":"conspire:SneckoGhost","ascension_level":4}}