{"host":"jgyoyy5iuhtvyvtg","time":1608171422,"event":{"mods":["2.2 Compatiblity","BaseMod","Challenge The Spire","Colored Map","Conspire","Downfall","Hermit","Highlight Path","Infinite Spire","Lobotomy","LobotomyExtend","Minty Spire (QoL Compilation)","Quick Restart","Replay The Spire","Spikes Relics","StSLib","The Construct","The Disciple","The Jungle","Yuri Mod"],"gold_per_floor":[99,199,199,5,5,105,105,105,139,64,82,101,118,136,149,254,254,254,267,175,175,186,336,359,378,44,77,11,11,11,31,42,145,145,145,145,180,191,209,238,238,255,255,180,232,60,60,72,92,92,92],"floor_reached":52,"playtime":5132,"items_purged":["champ:Strike","champ:Strike"],"score":755,"play_id":"8f88920f-cd54-43db-a118-dbf205e24019","local_time":"20201216181702","is_ascension_mode":false,"campfire_choices":[{"data":"champ:Taunt","floor":1,"key":"SMITH"},{"data":"champ:EnragedBash","floor":5,"key":"SMITH"},{"floor":8,"key":"REST"},{"data":"champ:IgnorePain","floor":10,"key":"SMITH"},{"data":"champ:Lariat","floor":18,"key":"SMITH"},{"data":"champ:Improvising","floor":35,"key":"SMITH"},{"data":"champ:HoldFirm","floor":35,"key":"SMITH"},{"data":"champ:EndlessRage","floor":44,"key":"SMITH"},{"data":"champ:FocusedBerserking","floor":44,"key":"SMITH"}],"circlet_count":0,"master_deck":["champ:Defend+1","champ:Defend","champ:Defend","champ:Defend","champ:Execute","champ:Taunt+1","champ:FanOfKnives+1","champ:EnragedBash+1","champ:DeathBlow+1","champ:RageSigil","champ:IgnorePain+1","champ:FanOfKnives","champ:Lariat+1","champ:BerserkersShout+1","champ:RageSigil","champ:HoldFirm+1","champ:Shatter","champ:IronFortress","champ:EndlessRage+1","champ:FocusedBerserking+1","champ:ShieldWall","champ:BringItOn+1","champ:AdrenalArmor","champ:MurderStrike+1","champ:BerserkerStyle+1","champ:Encircle","champ:AdrenalArmor","champ:Improvising+1","CurseOfTheBell","champ:SteelEdge+1","champ:BerserkerStyle+1","champ:FaceSlap+1"],"relics":["champ:ChampionCrown","Ancient Tea Set","CloakClasp","White Beast Statue","WingedGreaves","LetterFromLob","downfall:HeartBlessingGreen","Empty Cage","War Paint","Guardian:PocketSentry","Gambling Chip","infinitespire:PuzzleCube","Calling Bell","Replay:Baseball","StrikeDummy","Replay:Arrowhead","Pen Nib","ShockBauble","champ:ChampionCrownUpgraded","infinitespire:Magic Flask","downfall:HeartBlessingBlue","Ice Cream","Guide Book"],"acts_visited":["Exordium","Exordium","TheBeyond"],"potions_floor_usage":[9,9,15,16,16,20,20,33,33,37,40],"damage_taken":[{"damage":67,"floor":2,"turns":15},{"damage":8,"enemies":"downfall:FleeingMerchant","floor":4,"turns":4},{"damage":103,"enemies":"downfall:LadyInBlue","floor":6,"turns":9},{"damage":80,"enemies":"Lagavulin","floor":9,"turns":8},{"damage":32,"enemies":"Jaw Worm","floor":11,"turns":2},{"damage":25,"enemies":"conspire:RoseBush","floor":12,"turns":4},{"damage":33,"enemies":"2 Louse","floor":13,"turns":2},{"damage":25,"enemies":"Lots of Slimes","floor":14,"turns":1},{"damage":27,"enemies":"Exordium Wildlife","floor":15,"turns":6},{"damage":54,"enemies":"downfall:Watcher","floor":16,"turns":10},{"damage":71,"enemies":"Shell Parasite","floor":19,"turns":10},{"damage":54,"enemies":"downfall:FleeingMerchant","floor":20,"turns":4},{"damage":89,"enemies":"theJungle:5_Spyders","floor":22,"turns":8},{"damage":57,"enemies":"theJungle:Snecko_Cultist_And_Trap","floor":25,"turns":9},{"damage":34,"enemies":"downfall:FleeingMerchant","floor":26,"turns":4},{"damage":150,"enemies":"Nightmare","floor":27,"turns":13},{"damage":50,"enemies":"downfall:FleeingMerchant","floor":28,"turns":4},{"damage":93,"enemies":"theJungle:2_Flameangoes","floor":31,"turns":7},{"damage":62,"enemies":"theJungle:2_Snecko_Cultists","floor":32,"turns":3},{"damage":177,"enemies":"downfall:Silent","floor":33,"turns":12},{"damage":115,"enemies":"Reptomancer","floor":37,"turns":6},{"damage":63,"enemies":"3 Shapes","floor":38,"turns":6},{"damage":57,"enemies":"3 Darklings","floor":39,"turns":4},{"damage":89,"enemies":"Giant Head","floor":40,"turns":8},{"damage":90,"enemies":"Jaw Worm Horde","floor":42,"turns":5},{"damage":55,"enemies":"2 Orb Walkers","floor":45,"turns":3},{"damage":57,"enemies":"downfall:FleeingMerchant","floor":46,"turns":4},{"damage":65,"enemies":"Maw","floor":48,"turns":5},{"damage":45,"enemies":"Sphere and 2 Shapes","floor":49,"turns":3},{"damage":76,"enemies":"downfall:Defect","floor":50,"turns":5}],"seed_played":"-230458793211585496","potions_obtained":[{"floor":6,"key":"sneckomod:MuddlingPotion"},{"floor":6,"key":"DistilledChaos"},{"floor":6,"key":"Dexterity Potion"},{"floor":9,"key":"Milkshake"},{"floor":11,"key":"Reflective Coating"},{"floor":12,"key":"champ:TechniquePotion"},{"floor":13,"key":"Block Potion"},{"floor":14,"key":"Strength Potion"},{"floor":15,"key":"Reflective Coating"},{"floor":16,"key":"PowerPotion"},{"floor":19,"key":"FearPotion"},{"floor":20,"key":"champ:TechniquePotion"},{"floor":22,"key":"PowerPotion"},{"floor":26,"key":"champ:OpenerPotion"},{"floor":30,"key":"EssenceOfSteel"},{"floor":33,"key":"sneckomod:MuddlingPotion"},{"floor":37,"key":"ColorlessPotion"},{"floor":38,"key":"Block Potion"},{"floor":40,"key":"champ:CounterPotion"},{"floor":42,"key":"Energy Potion"},{"floor":48,"key":"DuplicationPotion"}],"is_trial":false,"path_per_floor":["R","?","?","$","R","?","T","R","E","R","M","M","M","M","M","B",null,"R","M","$","?","M","?","T","M","$","NM","$","T","?","M","M","B",null,"R","$","E","M","M","E","T","M","AVR","R","?","$","?","M","M","B",null,null],"character_chosen":"THE_CHAMP","items_purchased":["champ:EnragedBash","champ:DeathBlow+1","champ:RageSigil","champ:EndlessRage","champ:FightOn","Guardian:PocketSentry","champ:AdrenalArmor","champ:Encircle","Guide Book"],"campfire_rested":1,"item_purchase_floors":[4,4,4,20,26,26,26,28,46],"current_hp_per_floor":[90,49,49,49,49,14,14,41,33,33,32,34,32,32,28,33,90,90,87,89,90,89,89,89,90,90,95,95,95,95,95,87,85,95,95,95,86,86,95,95,95,91,91,101,105,105,105,110,110,110,110],"gold":92,"neow_bonus":"RANDOM_COMMON_RELIC","is_daily":false,"chose_seed":false,"campfire_upgraded":8,"win_rate":0.0,"timestamp":1608171422,"path_taken":["R","?","?","$","R","?","T","R","E","R","M","M","M","M","M","BOSS","R","M","?","?","M","?","T","?","$","NM","$","?","?","?","M","BOSS","R","$","E","M","M","E","T","M","AVR","R","?","$","?","M","M","BOSS"],"items_purchased_type":["Card","Card","Card","Card","Card","Relic","Card","Card","Relic"],"build_version":"2020-12-13","purchased_purges":2,"victory":true,"max_hp_per_floor":[90,90,90,90,90,90,90,90,90,90,90,90,90,90,90,90,90,90,90,90,90,90,90,90,90,90,95,95,95,95,95,95,95,95,95,95,95,95,95,95,95,95,95,105,105,105,105,110,110,110,110],"card_choices":[{"not_picked":["champ:GladiatorsShout","champ:SwordSigil"],"picked":"champ:FanOfKnives","floor":2},{"not_picked":["champ:HeartStrike","champ:TornadoPunch","champ:DancingMaster"],"picked":"SKIP","floor":4},{"not_picked":["champ:CrookedStrike","champ:CalledShot"],"picked":"champ:IgnorePain","floor":9},{"not_picked":["champ:EnGarde","champ:BladeFlurry"],"picked":"champ:FanOfKnives","floor":11},{"not_picked":["champ:BringItOn","champ:CalledShot"],"picked":"champ:Lariat","floor":12},{"not_picked":["champ:FanOfKnives","champ:DeathBlow"],"picked":"champ:BerserkersShout","floor":13},{"not_picked":["champ:FanOfKnives","champ:SwordSigil"],"picked":"champ:RageSigil","floor":14},{"not_picked":["champ:SkillfulDodge","champ:Aggression","champ:BladeFlurry"],"picked":"SKIP","floor":15},{"not_picked":["champ:CrownThrow","champ:ShieldSlam"],"picked":"champ:HoldFirm","floor":16},{"not_picked":["champ:Circumvent","champ:BladeFlurry"],"picked":"champ:Shatter","floor":19},{"not_picked":["champ:ShieldSigil","champ:FanOfKnives"],"picked":"champ:IronFortress","floor":20},{"not_picked":["champ:CrookedStrike","champ:DefensiveShout+1"],"picked":"champ:FocusedBerserking","floor":22},{"not_picked":["champ:HeartStrike+1","champ:FocusedBerserking"],"picked":"champ:ShieldWall","floor":25},{"not_picked":["champ:Circumvent","champ:ArenaPreparation"],"picked":"champ:BringItOn+1","floor":26},{"not_picked":["champ:Control+1","champ:RecklessLeap"],"picked":"champ:MurderStrike","floor":27},{"not_picked":["champ:ShieldWall","champ:BringItOn+1"],"picked":"champ:BerserkerStyle+1","floor":28},{"not_picked":["champ:Control","champ:Haymaker"],"picked":"champ:AdrenalArmor","floor":31},{"not_picked":["champ:RageSigil","champ:PreciseThrust","champ:GutPunch"],"picked":"SKIP","floor":32},{"not_picked":["champ:MurderStrike","champ:StrikeOfGenius"],"picked":"champ:Improvising","floor":33},{"not_picked":["champ:Haymaker","champ:FanOfKnives","champ:SwordSigil"],"picked":"SKIP","floor":37},{"not_picked":["champ:Circumvent+1","champ:BladeFlurry","champ:RageSigil"],"picked":"SKIP","floor":38},{"not_picked":["champ:FlashCut","champ:AdrenalArmor+1"],"picked":"champ:SteelEdge","floor":39},{"not_picked":["champ:BerserkersShout+1","champ:Encircle"],"picked":"champ:BerserkerStyle+1","floor":40},{"not_picked":["champ:SkillfulDodge+1","champ:BringItOn+1","champ:DefensiveShout"],"picked":"SKIP","floor":42},{"not_picked":["champ:Riposte","champ:FanOfKnives+1"],"picked":"champ:FightOn","floor":45},{"not_picked":["champ:FocusedGladiator+1","champ:Haymaker+1"],"picked":"champ:FaceSlap+1","floor":46},{"not_picked":["champ:DefensiveStyle","champ:HeartStrike","champ:TornadoPunch"],"picked":"SKIP","floor":48},{"not_picked":["champ:BladeFlurry+1","champ:ShieldSigil+1","champ:StanceDance"],"picked":"SKIP","floor":49}],"player_experience":3121274,"relics_obtained":[{"floor":2,"key":"CloakClasp"},{"floor":6,"key":"White Beast Statue"},{"floor":7,"key":"WingedGreaves"},{"floor":9,"key":"conspire:DecoderRing"},{"floor":9,"key":"LetterFromLob"},{"floor":24,"key":"War Paint"},{"floor":27,"key":"Gambling Chip"},{"floor":29,"key":"infinitespire:PuzzleCube"},{"floor":34,"key":"Replay:Baseball"},{"floor":34,"key":"StrikeDummy"},{"floor":34,"key":"Replay:Arrowhead"},{"floor":37,"key":"Pen Nib"},{"floor":40,"key":"ShockBauble"},{"floor":45,"key":"Ice Cream"}],"event_choices":[{"damage_healed":0,"gold_gain":0,"player_choice":"Got Potions","damage_taken":0,"max_hp_gain":0,"max_hp_loss":0,"event_name":"Lab","floor":30,"gold_loss":0},{"damage_healed":0,"gold_gain":0,"player_choice":"Fight","damage_taken":0,"max_hp_gain":0,"max_hp_loss":0,"event_name":"Mysterious Sphere","floor":45,"gold_loss":0},{"damage_healed":0,"gold_gain":0,"player_choice":"Ignored","damage_taken":0,"max_hp_gain":0,"max_hp_loss":0,"event_name":"Transmorgrifier","floor":47,"gold_loss":0}],"is_beta":false,"boss_relics":[{"not_picked":["Sandwich","Sozu"],"picked":"Empty Cage"},{"not_picked":["ChewingGum","CosmicIsotope"],"picked":"Calling Bell"}],"items_purged_floors":[26,43],"is_endless":false,"potions_floor_spawned":[9,11,12,13,14,15,16,19,20,22,25,26,28,31,32,33,37,38,39,40,42,45,46,48,49],"ascension_level":0}}