{"host":"ok3pmhc1fiz31noj","time":1608167802,"event":{"mods":["AchievementEnabler","BaseMod","Colored Map","Colored Powertips","Minty Spire (QoL Compilation)","Quick Restart","Relic Stats","Replay The Spire","StSLib"],"gold_per_floor":[118,43,63,63,138,173,184,184,184,45,72,147,147,163,163,262,262,232,232],"floor_reached":18,"playtime":851,"items_purged":["Strike_R","Regret"],"score":193,"play_id":"2636778e-d142-42ff-9703-e570073e1dce","local_time":"20201217091642","is_ascension_mode":false,"campfire_choices":[{"data":"Reaper","floor":8,"key":"SMITH"},{"data":"Bloodletting","floor":13,"key":"SMITH"},{"data":"Uppercut","floor":15,"key":"SMITH"}],"circlet_count":0,"master_deck":["Strike_R","Strike_R","Strike_R","Strike_R","Defend_R","Defend_R","Defend_R","Defend_R","Bash","Uppercut+1","Flex","Reaper+1","Flex","Bandage Up","Bloodletting+1","Pommel Strike"],"relics":["Burning Blood","NeowsBlessing","Mummified Hand","Smiling Mask","Bag of Marbles","Snack Pack","Black Star"],"acts_visited":["Exordium","TheCity"],"potions_floor_usage":[16,16,18],"damage_taken":[{"damage":0,"enemies":"Small Slimes","floor":1,"turns":1},{"damage":0,"enemies":"2 Louse","floor":3,"turns":1},{"damage":0,"enemies":"Lagavulin","floor":6,"turns":1},{"damage":7,"enemies":"Cultist","floor":7,"turns":4},{"damage":36,"enemies":"3 Sentries","floor":11,"turns":7},{"damage":7,"enemies":"Looter","floor":14,"turns":3},{"damage":57,"enemies":"Slime Boss","floor":16,"turns":12},{"damage":20,"enemies":"2 Thieves","floor":18,"turns":2}],"seed_played":"8590456950933859544","potions_obtained":[{"floor":1,"key":"LiquidBronze"},{"floor":7,"key":"LiquidBronze"},{"floor":11,"key":"PowerPotion"},{"floor":14,"key":"Energy Potion"},{"floor":16,"key":"Swift Potion"}],"is_trial":false,"path_per_floor":["M","$","M","?","?","E","M","R","T","$","E","?","R","M","R","B",null,"M"],"character_chosen":"IRONCLAD","items_purchased":["Bandage Up"],"campfire_rested":0,"item_purchase_floors":[10],"current_hp_per_floor":[80,80,80,80,69,75,80,80,80,80,68,60,60,65,65,28,80,60,60],"gold":232,"neow_bonus":"THREE_ENEMY_KILL","is_daily":false,"chose_seed":false,"campfire_upgraded":3,"win_rate":0.0,"timestamp":1608167802,"path_taken":["M","$","M","?","?","E","M","R","T","$","E","?","R","?","R","BOSS","M"],"items_purchased_type":["Card"],"build_version":"2020-12-13","purchased_purges":2,"victory":false,"max_hp_per_floor":[80,80,80,80,80,80,80,80,80,80,80,80,80,80,80,80,80,80,80],"relic_stats":{"counters":[8,31],"Mummified Hand":[0],"Black Star":0,"Smiling Mask":50,"obtain_stats":[{"NeowsBlessing":0,"Mummified Hand":4,"Bag of Marbles":9,"Snack Pack":11,"Black Star":17,"Smiling Mask":6,"Burning Blood":0},{"NeowsBlessing":0,"Mummified Hand":2,"Bag of Marbles":4,"Snack Pack":5,"Black Star":7,"Smiling Mask":3,"Burning Blood":0},{"NeowsBlessing":0,"Mummified Hand":2,"Bag of Marbles":7,"Snack Pack":14,"Black Star":29,"Smiling Mask":3,"Burning Blood":0}],"Burning Blood":30},"card_choices":[{"not_picked":["Sword Boomerang","Flame Barrier"],"picked":"Uppercut","floor":1},{"not_picked":["Headbutt","Twin Strike"],"picked":"Flex","floor":3},{"not_picked":["Wild Strike","Replay:Undeath\u0027s Touch"],"picked":"Reaper","floor":6},{"not_picked":["Perfected Strike","Headbutt"],"picked":"Flex","floor":7},{"not_picked":["Defy Death","Hemokinesis"],"picked":"Bloodletting","floor":11},{"not_picked":["Entrench","Clothesline"],"picked":"Pommel Strike","floor":14}],"player_experience":130857,"relics_obtained":[{"floor":6,"key":"Smiling Mask"},{"floor":9,"key":"Bag of Marbles"},{"floor":11,"key":"Snack Pack"}],"event_choices":[{"damage_healed":0,"gold_gain":0,"player_choice":"Box","damage_taken":0,"relics_obtained":["Mummified Hand"],"max_hp_gain":0,"max_hp_loss":0,"event_name":"Big Fish","floor":4,"gold_loss":0,"cards_obtained":["Regret"]},{"damage_healed":0,"gold_gain":75,"player_choice":"Gather Gold","damage_taken":11,"max_hp_gain":0,"max_hp_loss":0,"event_name":"World of Goop","floor":5,"gold_loss":0},{"damage_healed":0,"gold_gain":75,"player_choice":"Touch","damage_taken":8,"max_hp_gain":0,"max_hp_loss":0,"event_name":"FaceTrader","floor":12,"gold_loss":0}],"is_beta":false,"boss_relics":[{"not_picked":["Velvet Choker","Astrolabe"],"picked":"Black Star"}],"items_purged_floors":[2,10],"is_endless":false,"potions_floor_spawned":[1,7,11,14,16],"killed_by":"2 Thieves","ascension_level":0}}