{"host":"svp5k7820qggnejp","time":1608182312,"event":{"mods":["Aspiration","Astrologer","BaseMod","BetterRewards","Clockwork Mod","FutureSeer","Hermit","Infinite Spire","Mad Scientist","Minty Spire (QoL Compilation)","Potionbrewer","Railgun Mod","Replay The Spire","Spicy Shops","StSLib","The Dragon Tamer","The Gatherer","The Necromancer","Transform Curses","Treasure Hunter"],"gold_per_floor":[261,16,16,35,35,35,35,35,88,98,98,98,133,133,133,184,184,197,209,209,221,221,249,249,254,316,317,317,351,351,392,392,515,515,526,541,559,559,559,576,676,676,676,304,304,304,322,22,22,37,37,37],"floor_reached":53,"playtime":3837,"items_purged":["Future_Meteor"],"score":811,"play_id":"6edaeaac-ffd7-4449-9c73-7c516d059983","local_time":"20201217001832","daily_mods":["Hoarder","Specialized","Vintage","Diverse","Heirloom","Time Dilation","Flight"],"is_ascension_mode":false,"campfire_choices":[{"floor":15,"key":"REST"},{"floor":24,"key":"REST"},{"floor":28,"key":"REST"},{"floor":32,"key":"REST"},{"floor":42,"key":"REST"},{"floor":43,"key":"REST"},{"floor":51,"key":"DIG"}],"circlet_count":0,"master_deck":["Demon Form+1","Wraith Form v2+1","Echo Form","DevaForm","Gatherer:BomberForm","TheRailgun:Level_6","potionbrewer:AlchemistForm","Clockwork:PerfectForm","DTMod:ResonanceForm","astrologer:Starfield","TheRailgun:Strike","TheRailgun:Strike","TheRailgun:Strike","TheRailgun:Strike","TheRailgun:Defend","TheRailgun:Defend+1","TheRailgun:Defend+1","TheRailgun:Defend","TheRailgun:Discharge","TheRailgun:Static","TheRailgun:Zip","potionbrewer:TimeBomb","potionbrewer:TimeBomb","potionbrewer:TimeBomb","potionbrewer:TimeBomb","potionbrewer:TimeBomb","potionbrewer:TimeBomb","potionbrewer:TimeBomb","potionbrewer:TimeBomb","potionbrewer:TimeBomb","potionbrewer:TimeBomb","potionbrewer:TimeBomb","potionbrewer:TimeBomb","potionbrewer:TimeBomb","potionbrewer:TimeBomb","potionbrewer:TimeBomb","potionbrewer:FuelCell","potionbrewer:FuelCell","potionbrewer:FuelCell","TheRailgun:Sister_Noise+1","TheRailgun:Sister_Noise","TheRailgun:Sister_Noise","Future_Borrow","Future_Borrow","Future_Borrow","Pot Of Greed","Pot Of Greed","Pot Of Greed","Pot Of Greed","Pot Of Greed","Pot Of Greed","Pot Of Greed","Pot Of Greed","Pot Of Greed","Pot Of Greed","Pot Of Greed","Pot Of Greed","Future_Solid_Time+1","Future_Solid_Time+1","Future_Solid_Time+1","Clockwork:ChargingShield","Clockwork:ChargingShield+1","Clockwork:ChargingShield","Venomology","Venomology","Venomology","Pot Of Greed","Pot Of Greed","Pot Of Greed","Flash of Steel","Flash of Steel","Midas Touch","Midas Touch","Midas Touch","hermit:Feint","hermit:Feint","hermit:Feint","astrologer:CometStrike","astrologer:CometStrike","astrologer:CometStrike","DTMod:Threaten","DTMod:Threaten","DTMod:Threaten","Vengeance","Vengeance","Vengeance","Corrupt","Corrupt","Corrupt","Echo Form","Echo Form","Echo Form","TheRailgun:Negative_Field","TheRailgun:Negative_Field","TheRailgun:Negative_Field"],"relics":["TheRailgun:CoinRelic","replay:Trail_Library","TungstenRod","Turnip","Gremlin Horn","Replay:Accelerometer","Regal Pillow","Gremlin Food","Replay:Rubber Ducky","Ring of Chaos","infinitespire:Lucky Rock","Oddly Smooth Stone","Unceasing Top","infinitespire:PuzzleCube","CeramicFish","Grinning Jar","Happy Flower","TH:Strongbox","infinitespire:Joker Card","BranchBurnRelic","Matryoshka","Replay:Mystery Machine","Potion Belt","PreservedInsect","potionbrewer:BoosterPack","Onion Ring","Toy Ornithopter","potionbrewer:Keyblade","Golden Egg","Replay:Multitool","Centennial Puzzle","infinitespire:Eraser"],"acts_visited":["Exordium","TheCity","TheBeyond"],"potions_floor_usage":[13,16,18,18,21,25,25,27,27,29,29,35,35,35,47,47,50,50,52,52,52,52,52,52],"damage_taken":[{"damage":10,"enemies":"Jaw Worm","floor":1,"turns":3},{"damage":0,"enemies":"Cultist","floor":4,"turns":3},{"damage":14,"enemies":"Small Slimes","floor":10,"turns":4},{"damage":24,"enemies":"3 Sentries","floor":13,"turns":5},{"damage":57,"enemies":"Hexaghost","floor":16,"turns":8},{"damage":6,"enemies":"2 Thieves","floor":18,"turns":4},{"damage":0,"enemies":"Spheric Guardian","floor":19,"turns":4},{"damage":26,"enemies":"Snecko","floor":21,"turns":5},{"damage":37,"enemies":"Book of Stabbing","floor":23,"turns":6},{"damage":49,"enemies":"Cultist and Chosen","floor":25,"turns":5},{"damage":0,"enemies":"Snake Plant","floor":27,"turns":5},{"damage":0,"enemies":"Gremlin Leader","floor":29,"turns":6},{"damage":47,"enemies":"Slavers","floor":31,"turns":5},{"damage":14,"enemies":"Automaton","floor":33,"turns":9},{"damage":11,"enemies":"3 Shapes","floor":35,"turns":3},{"damage":22,"enemies":"Orb Walker","floor":36,"turns":3},{"damage":91,"enemies":"Transient","floor":40,"turns":5},{"damage":50,"enemies":"Jaw Worm Horde","floor":47,"turns":4},{"damage":14,"enemies":"Spire Growth","floor":50,"turns":5},{"damage":95,"enemies":"Awakened One","floor":52,"turns":9}],"seed_played":"-694877334022076308","potions_obtained":[{"floor":4,"key":"potionbrewer:StunPotion"},{"floor":10,"key":"potionbrewer:FreezingPotion"},{"floor":16,"key":"Energy Potion"},{"floor":21,"key":"Elixir"},{"floor":25,"key":"Flashbang"},{"floor":27,"key":"FairyPotion"},{"floor":31,"key":"SteroidPotion"},{"floor":36,"key":"Doom Potion"},{"floor":50,"key":"Languid Potion"}],"is_trial":true,"path_per_floor":["M","$","WH","M","WH","WH","WH","WH","T","M","WH","WH","E","?","R","B",null,"M","M","WH","M","WH","E","R","M","T","M","R","E","AVR","E","R","B",null,"M","M","?","PTL","PTL","M","?","R","R","$","T","AVR","M","$","?","M","R","B",null],"character_chosen":"THE_DEFAULT","items_purchased":["Gremlin Horn","PreservedInsect","potionbrewer:BoosterPack","Energy Potion","PowerPotion","TheRailgun:Negative_Field","Replay:Multitool"],"campfire_rested":6,"item_purchase_floors":[2,44,44,44,44,44,48],"current_hp_per_floor":[60,60,67,67,74,82,91,101,101,87,98,110,86,86,134,77,134,134,134,147,121,135,112,161,114,114,114,161,161,161,114,161,156,161,161,144,135,135,135,44,44,107,161,161,161,161,123,123,123,119,119,133],"gold":37,"neow_bonus":"TEN_PERCENT_HP_BONUS","is_daily":false,"chose_seed":false,"campfire_upgraded":0,"win_rate":0.0,"timestamp":1608182312,"path_taken":["M","$","WH","M","WH","WH","WH","WH","T","M","WH","WH","E","?","R","BOSS","M","M","WH","M","WH","E","R","M","T","M","R","E","AVR","E","R","BOSS","M","M","?","PTL","PTL","M","?","R","R","$","T","AVR","?","$","?","?","R","BOSS"],"items_purchased_type":["Relic","Relic","Relic","Potion","Potion","Card","Relic"],"build_version":"2020-12-13","purchased_purges":1,"victory":true,"max_hp_per_floor":[70,70,77,77,84,92,101,111,111,111,122,134,134,134,134,134,134,134,134,147,147,161,161,161,161,161,161,161,161,161,161,161,161,161,161,161,161,161,161,161,161,161,161,161,161,161,161,161,161,161,161,161],"card_choices":[{"not_picked":["TH:PixieDust","TH:Mimic"],"picked":"SKIP","floor":9},{"not_picked":["MadScienceMod:OilDrum","Whirlwind_of_Bones"],"picked":"TheRailgun:Sister_Noise","floor":13},{"not_picked":["TH:DeckOfManyThings","TH:TreasureMap"],"picked":"SKIP","floor":13},{"not_picked":["Clockwork:SiegeStrike","astrologer:TheMagician"],"picked":"Future_Borrow","floor":16},{"not_picked":["TH:PixieDust","TH:CursedSword"],"picked":"SKIP","floor":23},{"not_picked":["Blood_Whip","DTMod:Multitask","Redo"],"picked":"SKIP","floor":23},{"not_picked":["TH:DeckOfManyThings","TH:EnergyPotion"],"picked":"SKIP","floor":26},{"not_picked":["MadScienceMod:BoxOfScraps+1","Pommel Strike"],"picked":"Future_Solid_Time+1","floor":29},{"not_picked":["TH:BikiniMail","TH:DeckOfManyThings"],"picked":"SKIP","floor":29},{"not_picked":["TH:BikiniMail","TH:DeckOfManyThings"],"picked":"SKIP","floor":29},{"not_picked":["Adaptation+1","DTMod:HeatWave"],"picked":"Clockwork:ChargingShield","floor":31},{"not_picked":["TH:TreasureMap","TH:PixieDust"],"picked":"SKIP","floor":31},{"not_picked":["hermit:Purgatory","hermit:RoundhouseKick"],"picked":"Venomology","floor":33},{"not_picked":["Swift Strike","Deep Breath"],"picked":"Flash of Steel","floor":37},{"not_picked":["Jack Of All Trades","Good Instincts"],"picked":"Midas Touch","floor":37},{"not_picked":["TH:Mimic","TH:TreasureMap"],"picked":"SKIP","floor":45},{"not_picked":["TH:Mimic","TH:TreasureMap"],"picked":"SKIP","floor":45}],"player_experience":194980,"relics_obtained":[{"floor":1,"key":"Turnip"},{"floor":4,"key":"Replay:Accelerometer"},{"floor":9,"key":"Regal Pillow"},{"floor":10,"key":"Gremlin Food"},{"floor":13,"key":"Replay:Rubber Ducky"},{"floor":18,"key":"infinitespire:Lucky Rock"},{"floor":19,"key":"Oddly Smooth Stone"},{"floor":21,"key":"Unceasing Top"},{"floor":23,"key":"infinitespire:PuzzleCube"},{"floor":25,"key":"CeramicFish"},{"floor":26,"key":"Grinning Jar"},{"floor":27,"key":"Happy Flower"},{"floor":29,"key":"TH:Strongbox"},{"floor":31,"key":"Dead Branch"},{"floor":35,"key":"Matryoshka"},{"floor":36,"key":"Replay:Mystery Machine"},{"floor":40,"key":"Potion Belt"},{"floor":45,"key":"Onion Ring"},{"floor":45,"key":"Toy Ornithopter"},{"floor":47,"key":"Golden Egg"},{"floor":50,"key":"infinitespire:Eraser"}],"event_choices":[{"damage_healed":0,"gold_gain":0,"player_choice":"Ignored","damage_taken":0,"max_hp_gain":0,"max_hp_loss":0,"event_name":"NoteForYourself","floor":14,"gold_loss":0},{"damage_healed":0,"gold_gain":0,"player_choice":"Memory 3","damage_taken":10,"max_hp_gain":0,"max_hp_loss":0,"event_name":"SensoryStone","floor":37,"gold_loss":0},{"damage_healed":0,"gold_gain":100,"player_choice":"Pray","damage_taken":0,"max_hp_gain":0,"max_hp_loss":0,"event_name":"Golden Shrine","floor":41,"gold_loss":0},{"cards_removed":["Flash of Steel"],"damage_healed":0,"gold_gain":0,"player_choice":"Gave Card","damage_taken":0,"relics_obtained":["Centennial Puzzle"],"max_hp_gain":0,"max_hp_loss":0,"event_name":"WeMeetAgain","floor":49,"gold_loss":0}],"is_beta":false,"boss_relics":[{"not_picked":["ChewingGum","Painkiller Herb"],"picked":"Ring of Chaos"},{"not_picked":["aspiration:RunicSpoon","Replay:Bronze Core","Sozu"]}],"items_purged_floors":[46],"is_endless":false,"potions_floor_spawned":[4,10,16,21,25,27,31,36,50],"ascension_level":0}}