{"host":"q9718omregw4er46","time":1608240174,"event":{"mods":["BaseMod","Bestiary","Colored Powertips","Custom Start","Highlight Path","Minty Spire (QoL Compilation)","Practice Mode","Quick Restart","Relic Stats"],"gold_per_floor":[16,26,40,40,53,53,78,78,78,93,125,175,193,225,225,225,225],"floor_reached":16,"playtime":568,"items_purged":[],"score":287,"play_id":"8ca3001e-a3c0-479f-9dbd-652fb09dfc03","local_time":"20201218022254","is_ascension_mode":true,"campfire_choices":[{"data":"CrushJoints","floor":6,"key":"SMITH"},{"floor":8,"key":"REST"},{"data":"Wireheading","floor":15,"key":"SMITH"}],"circlet_count":0,"master_deck":["AscendersBane","Strike_P","Strike_P","Strike_P","Strike_P","Defend_P","Defend_P","Defend_P","Defend_P","Eruption","Vigilance","EmptyFist","Wireheading+1","CrushJoints+1","WheelKick","DevaForm"],"relics":["PureWater","Gambling Chip","MealTicket","Shuriken","Peace Pipe","Thread and Needle"],"acts_visited":["Exordium"],"potions_floor_usage":[7,11],"damage_taken":[{"damage":12,"enemies":"Jaw Worm","floor":1,"turns":5},{"damage":0,"enemies":"Cultist","floor":2,"turns":2},{"damage":3,"enemies":"Small Slimes","floor":3,"turns":4},{"damage":10,"enemies":"Exordium Thugs","floor":5,"turns":3},{"damage":16,"enemies":"Gremlin Nob","floor":7,"turns":3},{"damage":1,"enemies":"Red Slaver","floor":10,"turns":3},{"damage":10,"enemies":"3 Sentries","floor":11,"turns":8},{"damage":4,"enemies":"Looter","floor":13,"turns":3},{"damage":0,"enemies":"Gremlin Nob","floor":14,"turns":2},{"damage":34,"enemies":"Hexaghost","floor":16,"turns":7}],"seed_played":"-7510520169156266231","potions_obtained":[{"floor":2,"key":"PowerPotion"},{"floor":5,"key":"Fruit Juice"},{"floor":7,"key":"Swift Potion"},{"floor":10,"key":"SteroidPotion"}],"is_trial":false,"path_per_floor":["M","M","M","$","M","R","E","R","T","M","E","?","M","E","R","B"],"character_chosen":"WATCHER","items_purchased":[],"campfire_rested":1,"item_purchase_floors":[],"current_hp_per_floor":[49,49,46,46,36,36,25,46,46,45,35,35,31,31,31,0,0],"gold":225,"neow_bonus":"ONE_RARE_RELIC","is_daily":false,"chose_seed":false,"campfire_upgraded":2,"win_rate":0.0,"timestamp":1608240174,"path_taken":["M","M","M","$","M","R","E","R","T","M","E","?","?","E","R","BOSS"],"items_purchased_type":[],"build_version":"2020-12-13","purchased_purges":0,"victory":false,"max_hp_per_floor":[68,68,68,68,68,68,73,73,73,73,73,73,73,73,73,73,73],"relic_stats":{"Peace Pipe":0,"counters":[10,40],"Shuriken":[11],"Gambling Chip":[28],"MealTicket":0,"obtain_stats":[{"Peace Pipe":11,"Shuriken":9,"Gambling Chip":0,"MealTicket":7,"Thread and Needle":14,"PureWater":0},{"Peace Pipe":7,"Shuriken":5,"Gambling Chip":0,"MealTicket":5,"Thread and Needle":9,"PureWater":0},{"Peace Pipe":28,"Shuriken":17,"Gambling Chip":0,"MealTicket":17,"Thread and Needle":33,"PureWater":0}]},"card_choices":[{"not_picked":["BowlingBash","CarveReality"],"picked":"EmptyFist","floor":1},{"not_picked":["WreathOfFlame","Worship"],"picked":"Wireheading","floor":2},{"not_picked":["Wireheading","Worship","FlurryOfBlows"],"picked":"SKIP","floor":3},{"not_picked":["PathToVictory","EmptyBody"],"picked":"CrushJoints","floor":5},{"not_picked":["CutThroughFate","WindmillStrike","Pray"],"picked":"SKIP","floor":7},{"not_picked":["WindmillStrike","PathToVictory"],"picked":"WheelKick","floor":10},{"not_picked":["Prostrate","CrushJoints","Weave"],"picked":"SKIP","floor":11},{"not_picked":["EmptyFist","ThirdEye","EmptyBody"],"picked":"SKIP","floor":13},{"not_picked":["JustLucky","ClearTheMind"],"picked":"DevaForm","floor":14}],"player_experience":1035501,"relics_obtained":[{"floor":7,"key":"MealTicket"},{"floor":9,"key":"Shuriken"},{"floor":11,"key":"Peace Pipe"},{"floor":14,"key":"Thread and Needle"}],"event_choices":[{"damage_healed":0,"gold_gain":50,"player_choice":"Pray","damage_taken":0,"max_hp_gain":0,"max_hp_loss":0,"event_name":"Golden Shrine","floor":12,"gold_loss":0}],"is_beta":false,"boss_relics":[],"items_purged_floors":[],"is_endless":false,"potions_floor_spawned":[2,5,7,10],"killed_by":"Hexaghost","ascension_level":19}}