{"host":"rjmu5g8hpiele53d","time":1608226417,"event":{"mods":["2.2 Compatiblity","BaseMod","Downfall","GifTheSpireLib","Minty Spire (QoL Compilation)","StSLib"],"gold_per_floor":[99,111,111,130,130,143,169,184,109,135,150,250,310,33,52,148,148,148,167,217,233,248,5,53,103,168,168,179,193,193,243,261,261,261],"floor_reached":33,"playtime":2628,"items_purged":[],"score":266,"play_id":"9cf285e2-025e-4115-b5a8-7e5c480f178e","local_time":"20201217173337","is_ascension_mode":true,"campfire_choices":[{"floor":1,"key":"RECALL"},{"data":"hexamod:SoulSteal","floor":9,"key":"SMITH"},{"data":"hexamod:GiftsFromTheDead","floor":18,"key":"SMITH"},{"floor":27,"key":"REST"}],"circlet_count":0,"master_deck":["hexamod:Strike","hexamod:Strike","hexamod:Strike","hexamod:Strike","hexamod:Defend","hexamod:Defend","hexamod:Defend","hexamod:Defend","hexamod:Sear","hexamod:Float","hexamod:SoulSteal+1","hexamod:GhostflameBarrier","hexamod:SpectersWail","hexamod:RadiantFlame","hexamod:GhostShield","hexamod:PowerFromBeyond","hexamod:GiftsFromTheDead+1","hexamod:GhostOfSpireFuture","hexamod:HeatMetal","Panache","hexamod:Incineration","hexamod:VolcanoVisage","hexamod:Incineration","hexamod:RecurringNightmare","hexamod:HeatShield","hexamod:GhostShield+1","hexamod:GhostLash+1"],"relics":["hexamod:SpiritBrand","Lantern","downfall:HeartBlessingRed","Peace Pipe","downfall:CloakOfManyFaces","CultistMask","NlothsMask","GremlinMask","SsserpentHead","Sozu","Nloth\u0027s Gift","HornCleat","Ginger"],"acts_visited":["Exordium","TheCity"],"potions_floor_usage":[12,16,16,16,22],"damage_taken":[{"damage":2,"enemies":"Small Slimes","floor":2,"turns":3},{"damage":0,"enemies":"Jaw Worm","floor":4,"turns":3},{"damage":0,"enemies":"Cultist","floor":5,"turns":1},{"damage":0,"enemies":"Blue Slaver","floor":6,"turns":4},{"damage":0,"enemies":"Exordium Thugs","floor":8,"turns":3},{"damage":4,"enemies":"3 Sentries","floor":10,"turns":6},{"damage":0,"enemies":"Large Slime","floor":11,"turns":4},{"damage":2,"enemies":"downfall:FaceTrader","floor":12,"turns":9},{"damage":2,"enemies":"Exordium Wildlife","floor":13,"turns":3},{"damage":0,"enemies":"downfall:FleeingMerchant","floor":14,"turns":4},{"damage":6,"enemies":"Blue Slaver","floor":15,"turns":4},{"damage":8,"enemies":"downfall:Watcher","floor":16,"turns":8},{"damage":0,"enemies":"3 Byrds","floor":19,"turns":3},{"damage":42,"enemies":"Cultist and Chosen","floor":21,"turns":7},{"damage":6,"enemies":"Chosen and Byrds","floor":22,"turns":4},{"damage":0,"enemies":"downfall:FleeingMerchant","floor":23,"turns":4},{"damage":29,"enemies":"Snake Plant","floor":26,"turns":6},{"damage":13,"enemies":"Centurion and Healer","floor":28,"turns":5},{"damage":9,"enemies":"Cultist and Chosen","floor":29,"turns":7},{"damage":0,"enemies":"Chosen and Byrds","floor":32,"turns":6},{"damage":45,"enemies":"downfall:Ironclad","floor":33,"turns":9}],"seed_played":"107278681273798271","potions_obtained":[{"floor":4,"key":"Block Potion"},{"floor":8,"key":"champ:CounterPotion"},{"floor":11,"key":"Block Potion"},{"floor":12,"key":"Strength Potion"},{"floor":13,"key":"EntropicBrew"},{"floor":16,"key":"SkillPotion"}],"is_trial":false,"path_per_floor":["R","M","?","M","M","M","T","M","R","E","M","?","M","$","M","B",null,"R","M","?","M","M","$","T","?","M","R","M","M","?","T","M","B"],"character_chosen":"THE_SPIRIT","items_purchased":["Panache","hexamod:Incineration","HornCleat","hexamod:HeatShield"],"campfire_rested":1,"item_purchase_floors":[14,14,23,23],"current_hp_per_floor":[77,75,75,75,75,75,75,75,75,71,71,69,68,69,64,57,81,81,82,82,40,34,34,34,34,5,29,16,7,38,38,38,0,0],"gold":261,"neow_bonus":"TEN_PERCENT_HP_BONUS","is_daily":false,"chose_seed":false,"campfire_upgraded":2,"win_rate":0.0,"timestamp":1608226417,"path_taken":["R","M","?","M","M","M","T","M","R","E","M","?","?","$","M","BOSS","R","M","?","M","M","?","T","?","?","R","M","M","?","?","M","BOSS"],"items_purchased_type":["Card","Card","Relic","Card"],"build_version":"2020-12-13","purchased_purges":0,"victory":false,"max_hp_per_floor":[77,77,77,77,77,77,77,77,77,77,77,77,78,79,80,81,81,81,82,82,82,82,82,82,82,82,82,82,82,82,82,82,82,82],"card_choices":[{"not_picked":["hexamod:ThermalTransfer","hexamod:NightmareGuise"],"picked":"hexamod:SoulSteal","floor":2},{"not_picked":["hexamod:ChargedBarrage","hexamod:BurningTouch"],"picked":"hexamod:GhostflameBarrier","floor":4},{"not_picked":["hexamod:NightmareGuise","hexamod:GhostShield"],"picked":"hexamod:SpectersWail","floor":5},{"not_picked":["hexamod:FastForward","hexamod:BurningTouch"],"picked":"hexamod:RadiantFlame","floor":6},{"not_picked":["hexamod:SwordOfDarkness","hexamod:ChargedBarrage"],"picked":"hexamod:GhostShield","floor":8},{"not_picked":["hexamod:PhantomFireball","hexamod:PhantomCloak"],"picked":"hexamod:PowerFromBeyond","floor":10},{"not_picked":["hexamod:PhantomCloak","hexamod:BacktrackSmack","hexamod:ThirdSeal"],"picked":"SKIP","floor":11},{"not_picked":["hexamod:NightmareGuise","hexamod:GhostShield"],"picked":"hexamod:GiftsFromTheDead","floor":12},{"not_picked":["hexamod:SpectralSpark","hexamod:Haunt"],"picked":"hexamod:GhostOfSpireFuture","floor":13},{"not_picked":["hexamod:RainOfEmbers","hexamod:HauntingEcho"],"picked":"hexamod:HeatMetal","floor":14},{"not_picked":["hexamod:ThermalTransfer","hexamod:ShieldOfDarkness","hexamod:BurningTouch"],"picked":"SKIP","floor":15},{"not_picked":["hexamod:EmpoweringStance","hexamod:TimeOfNeed"],"picked":"hexamod:VolcanoVisage","floor":16},{"not_picked":["hexamod:HauntingEcho","hexamod:BurningTouch+1"],"picked":"hexamod:Incineration","floor":19},{"not_picked":["hexamod:ThirdSeal","hexamod:BurningTouch"],"picked":"hexamod:RecurringNightmare","floor":21},{"not_picked":["hexamod:GhostLash","hexamod:RetreatToShadows+1","hexamod:GhostShield"],"picked":"SKIP","floor":22},{"not_picked":["hexamod:FifthSeal","hexamod:HeatMetal","hexamod:BurningTouch"],"picked":"SKIP","floor":23},{"not_picked":["hexamod:ThermalTransfer","hexamod:DynamicBlow","hexamod:NightmareGuise"],"picked":"SKIP","floor":26},{"not_picked":["hexamod:AdvancingGuard","hexamod:BurningTouch"],"picked":"hexamod:GhostShield+1","floor":28},{"not_picked":["hexamod:NecessarySacrifice","hexamod:AdvancingGuard+1","hexamod:ThermalTransfer+1"],"picked":"SKIP","floor":29},{"not_picked":["hexamod:HauntingEcho","hexamod:SecondSeal"],"picked":"hexamod:GhostLash+1","floor":32}],"player_experience":1558178,"relics_obtained":[{"floor":7,"key":"Lantern"},{"floor":10,"key":"Peace Pipe"},{"floor":12,"key":"downfall:CloakOfManyFaces"},{"floor":31,"key":"Ginger"}],"event_choices":[],"is_beta":false,"boss_relics":[{"not_picked":["Pandora\u0027s Box","Runic Pyramid"],"picked":"Sozu"}],"items_purged_floors":[],"is_endless":false,"potions_floor_spawned":[4,8,11,12,13,16,21,28,29],"killed_by":"downfall:Ironclad","ascension_level":1}}