{"host":"h7xtspmc2x3i8s2i","time":1608189081,"event":{"mods":["2.2 Compatiblity","AchievementEnabler","Act Like it!","AlwaysNeverKeys","Aspiration","Astrologer","BaseMod","Beaked The Cultist","Better Match","Better Sensory Stone","Better Third Choice","Better Vampires","BetterRewards","Challenge The Spire","Colored Map","Colored Powertips","Colorless Booster Pack","Curses Come First","Defuse TimeMaze Blight","Dio Mod","Downfall","Duelist Mod","EXCEPTION","Energized Spire","Friendly Minions","GifTheSpireLib","Gold Saver","Gremlin Skip","Halation","Hubris","Jedi Mod","Key Reminder","Marked Mod","Minty Spire (QoL Compilation)","Pale of the Ancients","Permanent Neow","Random Character Button","Random Character Mod","Rare Cards Sparkle","Relic Filter","Relic Stats","Replay The Spire","SacredBarkPlus","Shop Mod","Somnambulant","Spikes Relics","Spire Birthday Party","StSLib","Steal the Spire","Stuff the Spire","SuperFastMode","The Awakened One except there are too many feathers","The Blue Laboratory","The Cursed","The Death Knight","The Dragon Tamer","The Edgeheg","The Hierophant","The Problem Sleuth","The Wild Card","Transform Curses","Unceasing Turn Reminder","everything is the same but u backflip on backflip","slay the spire mod where everything is the same but ironclad has a cowboy hat","vexMod"],"gold_per_floor":[1238,1258,1318,1331,1347,1347,1347,1347,1393,1393,1413,1426,1426,1426,1426,1527,1527,1537,1537,1537,1549,1549,1560,1585,1598,1598,1598,332,332,332,332],"floor_reached":30,"playtime":1718,"items_purged":["theSleuth:Strike","theSleuth:Strike"],"score":240,"play_id":"e882f89a-1173-4c6b-b855-b42859f13c9a","local_time":"20201217021121","is_ascension_mode":false,"campfire_choices":[{"floor":6,"key":"RECALL"},{"floor":13,"key":"REST"},{"data":"theSleuth:TakeInventory","floor":15,"key":"SMITH"},{"floor":27,"key":"REST"}],"circlet_count":0,"master_deck":["theSleuth:Strike","theSleuth:Strike","theSleuth:Defend","theSleuth:Defend","theSleuth:Defend","theSleuth:KeyHandgun","theSleuth:TakeInventory+1","theSleuth:Diplomacy","theSleuth:FlaskOfWhiskey","theSleuth:PezUzi","theSleuth:FlaskOfWhiskey","theSleuth:Parry","theSleuth:Ogle","theSleuth:RetrieveArms","theSleuth:Deprogram","theSleuth:Conjure","theSleuth:Diabeatdown","theSleuth:Ogle","theSleuth:Ogle","theSleuth:ThinkAhead","theSleuth:TootsieRollFrankenstein","theSleuth:Distill+1","theSleuth:Distill","theSleuth:ForceDeck","Bandage Up"],"relics":["theSleuth:Typewriter","Replay:Wax Seal","keyreminder:keyreminder","jedi:arcanewood","jedi:cryingmask","Nloth\u0027s Gift","Blood Vial","SnailShell","aspiration:HatOfInfinitePower","White Beast Statue","ExplosiveVial","MerchantsRug","SlaversCollar"],"acts_visited":["Exordium","TheCity"],"potions_floor_usage":[5,11,16,16,16,25],"damage_taken":[{"damage":0,"enemies":"2 Louse","floor":1,"turns":5},{"damage":0,"enemies":"Cultist","floor":2,"turns":5},{"damage":0,"enemies":"Small Slimes","floor":4,"turns":4},{"damage":0,"enemies":"Looter","floor":5,"turns":4},{"damage":4,"enemies":"2 Fungi Beasts","floor":11,"turns":3},{"damage":2,"enemies":"Lots of Slimes","floor":12,"turns":5},{"damage":44,"enemies":"Fading Forest","floor":16,"turns":11},{"damage":10,"enemies":"Spheric Guardian","floor":18,"turns":8},{"damage":4,"enemies":"Shell Parasite","floor":21,"turns":8},{"damage":13,"enemies":"Snake Plant","floor":23,"turns":6},{"damage":29,"enemies":"theDuelist:KaibaA2","floor":24,"turns":16},{"damage":11,"enemies":"Centurion and Healer","floor":25,"turns":11},{"damage":30,"enemies":"Chosen and Byrds","floor":30,"turns":6}],"seed_played":"2337916907520143107","potions_obtained":[{"floor":2,"key":"Guardian:BlockOnCardUsePotion"},{"floor":3,"key":"blueLaboratory:BottleOfRum"},{"floor":5,"key":"LiquidMemories"},{"floor":14,"key":"Energy Potion"},{"floor":14,"key":"Swift Potion"},{"floor":14,"key":"blueLaboratory:RememoryPotion"},{"floor":16,"key":"blueLaboratory:EnragingPotion"},{"floor":21,"key":"SteroidPotion"},{"floor":24,"key":"Energy Potion"}],"is_trial":false,"path_per_floor":["M","M","?","M","M","R","?","?","T","?","M","M","R","?","R_BF","B",null,"M","?","?","M","?","M","E","M","T","R","$","?","M"],"character_chosen":"THE_sleuth","items_purchased":["theSleuth:Distill","aspiration:HatOfInfinitePower","White Beast Statue","ExplosiveVial","theSleuth:ForceDeck","Bandage Up","MerchantsRug"],"campfire_rested":2,"item_purchase_floors":[28,28,28,28,28,28,28],"current_hp_per_floor":[73,73,44,44,44,44,44,44,44,44,40,38,59,59,59,45,73,63,63,63,59,53,40,11,2,2,23,23,23,0,0],"gold":332,"neow_bonus":"RANDOM_COMMON_RELIC","is_daily":false,"chose_seed":false,"campfire_upgraded":1,"win_rate":0.0,"timestamp":1608189081,"path_taken":["M","M","?","M","M","R","?","?","T","?","M","M","R","?","R_BF","BOSS","M","?","?","M","?","M","E","M","T","R","$","?","M"],"items_purchased_type":["Card","Relic","Relic","Relic","Card","Card","Relic"],"build_version":"2020-12-13","purchased_purges":2,"victory":false,"max_hp_per_floor":[73,73,73,73,73,73,73,73,73,73,73,73,73,73,73,73,73,73,73,73,73,73,73,73,73,73,73,73,55,55,55],"relic_stats":{"Blood Vial":4,"counters":[13,92],"Nloth\u0027s Gift":1,"obtain_stats":[{"MerchantsRug":28,"SnailShell":26,"theSleuth:Typewriter":0,"jedi:command_boss":29,"White Beast Statue":28,"keyreminder:keyreminder":6,"Blood Vial":24,"StuffTheSpire:Experiment12":0,"SlaversCollar":29,"ExplosiveVial":28,"jedi:cryingmask":19,"Nloth\u0027s Gift":20,"Replay:Wax Seal":3,"jedi:arcanewood":9,"aspiration:HatOfInfinitePower":28},{"MerchantsRug":12,"SnailShell":12,"theSleuth:Typewriter":0,"jedi:command_boss":12,"White Beast Statue":12,"keyreminder:keyreminder":4,"Blood Vial":11,"StuffTheSpire:Experiment12":0,"SlaversCollar":12,"ExplosiveVial":12,"jedi:cryingmask":8,"Nloth\u0027s Gift":8,"Replay:Wax Seal":2,"jedi:arcanewood":4,"aspiration:HatOfInfinitePower":12},{"MerchantsRug":86,"SnailShell":86,"theSleuth:Typewriter":0,"jedi:command_boss":86,"White Beast Statue":86,"keyreminder:keyreminder":18,"Blood Vial":75,"StuffTheSpire:Experiment12":0,"SlaversCollar":86,"ExplosiveVial":86,"jedi:cryingmask":45,"Nloth\u0027s Gift":45,"Replay:Wax Seal":10,"jedi:arcanewood":18,"aspiration:HatOfInfinitePower":86}]},"card_choices":[{"not_picked":["theSleuth:Tootshotgun","theSleuth:CharismaBlast"],"picked":"theSleuth:FlaskOfWhiskey","floor":1},{"not_picked":["theSleuth:CandyCorn","theSleuth:Fortify"],"picked":"theSleuth:PezUzi","floor":2},{"not_picked":["theSleuth:VictoryPose","theSleuth:BellyOTheWhale"],"picked":"theSleuth:Frijolaegis","floor":3},{"not_picked":["theSleuth:FoolPlate","theSleuth:TruffleShuffle"],"picked":"theSleuth:FlaskOfWhiskey","floor":3},{"not_picked":["theSleuth:BellyOTheWhale","theSleuth:FairShake"],"picked":"theSleuth:Parry","floor":4},{"not_picked":["theSleuth:Unscale","theSleuth:SpadeDig"],"picked":"theSleuth:Ogle","floor":5},{"not_picked":["theSleuth:BellyOTheWhale","theSleuth:SpadeDig"],"picked":"theSleuth:Deprogram","floor":11},{"not_picked":["theSleuth:CandyCorn","theSleuth:ClubClubClub"],"picked":"theSleuth:Conjure","floor":12},{"not_picked":["theSleuth:CandyMech","theSleuth:HitTheMattresses"],"picked":"theSleuth:Diabeatdown","floor":16},{"not_picked":["theSleuth:Ignore","theSleuth:Fortify"],"picked":"theSleuth:Ogle","floor":18},{"not_picked":["theSleuth:HeartStab+1","theSleuth:Frijolaegis"],"picked":"theSleuth:Ogle","floor":21},{"not_picked":["theSleuth:VictoryPose+1","theSleuth:Pepperminthryl"],"picked":"theSleuth:ThinkAhead","floor":23},{"not_picked":["theSleuth:Fortify","theSleuth:SpadeDig"],"picked":"theSleuth:TootsieRollFrankenstein","floor":24},{"not_picked":["theSleuth:FoolPlate+1","theSleuth:CandyCorn"],"picked":"theSleuth:Distill+1","floor":25}],"player_experience":497838,"relics_obtained":[{"floor":3,"key":"Replay:Wax Seal"},{"floor":9,"key":"jedi:arcanewood"},{"floor":24,"key":"Blood Vial"},{"floor":26,"key":"SnailShell"}],"event_choices":[{"damage_healed":0,"gold_gain":0,"cards_transformed":["theSleuth:Frijolaegis"],"player_choice":"Transformed","damage_taken":0,"max_hp_gain":0,"max_hp_loss":0,"event_name":"Transmorgrifier","floor":7,"gold_loss":0,"cards_obtained":["theSleuth:RetrieveArms"]},{"damage_healed":0,"gold_gain":0,"player_choice":"Ignored","damage_taken":0,"max_hp_gain":0,"max_hp_loss":0,"event_name":"NoteForYourself","floor":8,"gold_loss":0},{"damage_healed":0,"gold_gain":0,"player_choice":"Got Potions","damage_taken":0,"max_hp_gain":0,"max_hp_loss":0,"event_name":"Lab","floor":14,"gold_loss":0},{"damage_healed":0,"gold_gain":0,"player_choice":"Gave Potion","damage_taken":0,"relics_obtained":["jedi:cryingmask"],"max_hp_gain":0,"max_hp_loss":0,"event_name":"WeMeetAgain","floor":19,"gold_loss":0},{"damage_healed":0,"gold_gain":0,"player_choice":"Traded Relic","damage_taken":0,"relics_obtained":["Nloth\u0027s Gift"],"max_hp_gain":0,"max_hp_loss":0,"event_name":"N\u0027loth","floor":20,"relics_lost":["StuffTheSpire:Experiment12"],"gold_loss":0},{"damage_healed":0,"gold_gain":0,"player_choice":"","damage_taken":6,"max_hp_gain":0,"max_hp_loss":0,"event_name":"Knowing Skull","floor":22,"potions_obtained":[],"gold_loss":0,"cards_obtained":[]}],"is_beta":false,"boss_relics":[{"not_picked":["jedi:paperlyon","aspiration:IroncladSkillbook","Calling Bell"]}],"items_purged_floors":[28,28],"is_endless":false,"potions_floor_spawned":[2,5,16,21,24],"killed_by":"Chosen and Byrds","ascension_level":0}}