{"host":"ipcfr4ajj2jkxvg7","time":1608171908,"event":{"mods":["BaseMod","Colored Powertips","GifTheSpireLib","Marisa（F雨　魔理沙）","Minty Spire (QoL Compilation)","Quick Restart","Remilia（蕾米莉亚）","Replay The Spire","RumiaBox-露米娅的神秘盒子","StSLib"],"gold_per_floor":[117,117,130,147,159,159,185,197,275,275,275,275],"floor_reached":11,"playtime":261,"items_purged":[],"score":101,"play_id":"6a6b7bce-fcf8-4a32-8009-da457eb6940d","local_time":"20201217102508","is_ascension_mode":true,"campfire_choices":[{"data":"UpSweep","floor":6,"key":"SMITH"}],"circlet_count":0,"master_deck":["Strike_MRS","Strike_MRS","Strike_MRS","Strike_MRS","Defend_MRS","Defend_MRS","Defend_MRS","Defend_MRS","MasterSpark","UpSweep+1","EnergyFlow+1","PowerUp"],"relics":["MiniHakkero","NeowsBlessing","AddBug","SecretRecord","SecretRecord"],"acts_visited":["Exordium"],"potions_floor_usage":[7,11],"damage_taken":[{"damage":0,"enemies":"Jaw Worm","floor":1,"turns":1},{"damage":0,"enemies":"Cultist","floor":3,"turns":1},{"damage":0,"enemies":"Small Slimes","floor":4,"turns":1},{"damage":16,"enemies":"Blue Slaver","floor":5,"turns":4},{"damage":16,"enemies":"Gremlin Nob","floor":7,"turns":4},{"damage":26,"enemies":"Exordium Thugs","floor":8,"turns":3},{"damage":0,"enemies":"3 Sentries","floor":11,"turns":2}],"seed_played":"-4354662086626097005","potions_obtained":[{"floor":4,"key":"Flashbang"},{"floor":7,"key":"LiquidBronze"}],"is_trial":false,"path_per_floor":["M","?","M","M","M","R","E","M","T","T","E"],"character_chosen":"MARISA","items_purchased":[],"campfire_rested":0,"item_purchase_floors":[],"current_hp_per_floor":[68,68,68,68,52,52,36,10,10,10,10,10],"gold":275,"neow_bonus":"THREE_ENEMY_KILL","is_daily":false,"chose_seed":false,"campfire_upgraded":1,"win_rate":0.0,"timestamp":1608171908,"path_taken":["M","?","M","?","M","R","E","?","T","?","E"],"items_purchased_type":[],"build_version":"2020-12-13","purchased_purges":0,"victory":false,"max_hp_per_floor":[75,75,75,75,75,75,75,75,75,75,75,75],"card_choices":[{"not_picked":["WitchOfGreed","MilkyWay"],"picked":"EnergyFlow","floor":1},{"not_picked":["WitchLeyline","UnstableBomb","SporeBomb"],"picked":"SKIP","floor":3},{"not_picked":["MysteriousBeam","IllusionStar","WitchLeyline"],"picked":"SKIP","floor":4},{"not_picked":["FairyDestructionRay","EscapeVelocity","ChargeUpSpray"],"picked":"SKIP","floor":5},{"not_picked":["OpenUniverse","GravityBeat"],"picked":"PowerUp","floor":7},{"not_picked":["SprinkleStarSeal","DoubleSpark","MagicAbsorber"],"picked":"SKIP","floor":8}],"player_experience":383784,"relics_obtained":[{"floor":1,"key":"AddBug"},{"floor":7,"key":"SecretRecord"},{"floor":7,"key":"Replay:Rubber Ducky"},{"floor":9,"key":"Pear"},{"floor":10,"key":"HornCleat"}],"event_choices":[{"damage_healed":0,"gold_gain":0,"player_choice":"Upgraded","damage_taken":0,"max_hp_gain":0,"max_hp_loss":0,"event_name":"Upgrade Shrine","floor":2,"gold_loss":0,"cards_upgraded":["EnergyFlow"]}],"is_beta":false,"boss_relics":[],"items_purged_floors":[],"is_endless":false,"potions_floor_spawned":[4,7],"killed_by":"3 Sentries","ascension_level":7}}