{"host":"i41n6wh529970c2c","time":1608186046,"event":{"mods":["Act Like it!","BaseMod","BetterRewards","Friendly Minions","Gold Saver","Hermit","Minty Spire (QoL Compilation)","Replay The Spire","Shop Mod","StSLib"],"gold_per_floor":[112,128,145,127,219,261,261,90,90,90,90],"floor_reached":10,"playtime":480,"items_purged":["Defend_R","Strike_R"],"score":105,"play_id":"f677c733-db22-470e-a40e-5edbad78e33f","local_time":"20201217012046","is_ascension_mode":true,"campfire_choices":[{"data":"Reaper","floor":7,"key":"SMITH"}],"circlet_count":0,"master_deck":["AscendersBane","Strike_R","Strike_R","Strike_R","Strike_R","Defend_R","Defend_R","Defend_R","Bash","True Grit","Blind","Flex","Shrug It Off","Flame Barrier","ReplayTheSpireMod:Splinters","Seeing Red","Uppercut","Reaper+1","Dual Wield"],"relics":["Burning Blood","Replay:Wax Seal","WingedGreaves","CeramicFish","Shuriken","Blood Vial"],"acts_visited":["Exordium"],"potions_floor_usage":[10,10],"damage_taken":[{"damage":10,"enemies":"Cultist","floor":1,"turns":5},{"damage":9,"enemies":"Jaw Worm","floor":2,"turns":4},{"damage":2,"enemies":"Small Slimes","floor":3,"turns":5},{"damage":8,"enemies":"Exordium Thugs","floor":4,"turns":4},{"damage":36,"enemies":"Lagavulin","floor":6,"turns":10},{"damage":16,"enemies":"Gremlin Nob","floor":10,"turns":4}],"seed_played":"-2636303092685216882","potions_obtained":[{"floor":3,"key":"Languid Potion"},{"floor":6,"key":"GamblersBrew"}],"is_trial":false,"path_per_floor":["M","M","M","M","?","E","R","$","T","E"],"character_chosen":"IRONCLAD","items_purchased":["Flex","Dual Wield"],"campfire_rested":0,"item_purchase_floors":[0,8],"current_hp_per_floor":[44,41,45,43,43,13,13,13,13,0,0],"gold":90,"neow_bonus":"","is_daily":false,"chose_seed":false,"campfire_upgraded":1,"win_rate":0.0,"timestamp":1608186046,"path_taken":["M","M","?","M","?","E","R","?","T","E"],"items_purchased_type":["Card","Card"],"build_version":"2020-12-13","purchased_purges":2,"victory":false,"max_hp_per_floor":[80,80,80,80,80,80,80,80,80,80,80],"card_choices":[{"not_picked":["Sword Boomerang","Armaments","Feel No Pain"],"picked":"SKIP","floor":1},{"not_picked":["Defy Death","Iron Wave"],"picked":"Shrug It Off","floor":2},{"not_picked":["Headbutt","Second Wind","Life Link"],"picked":"SKIP","floor":3},{"not_picked":["Perfected Strike","Second Wind"],"picked":"Flame Barrier","floor":4},{"not_picked":["Perfected Strike","ReplayTheSpireMod:Corrosion Curse"],"picked":"Seeing Red","floor":5},{"not_picked":["Iron Wave","Headbutt"],"picked":"Uppercut","floor":5},{"not_picked":["Havoc","Hemokinesis"],"picked":"Reaper","floor":6}],"player_experience":822169,"relics_obtained":[{"floor":5,"key":"CeramicFish"},{"floor":6,"key":"Shuriken"},{"floor":9,"key":"Blood Vial"}],"event_choices":[],"is_beta":false,"boss_relics":[],"items_purged_floors":[0,8],"is_endless":false,"potions_floor_spawned":[3,6],"killed_by":"Gremlin Nob","ascension_level":11}}