{"host":"usewcu4ohw2wtmxk","time":1608199096,"event":{"mods":["AchievementEnabler","BaseMod","BetterRewards","Colored Powertips","Minty Spire (QoL Compilation)","Permanent Neow","Quick Restart","Relic Sorter","Relic Stats","Shop Mod","StSLib"],"gold_per_floor":[119,129,129,129,142,169,169,94,94,94,129,143,203,229,229,307,307,320,370,370],"floor_reached":19,"playtime":410,"items_purged":["Defend_P"],"score":524,"play_id":"3d1e38f8-a17f-40ee-8526-ae8bce97a55c","local_time":"20201217175816","is_ascension_mode":true,"campfire_choices":[{"data":"Eruption","floor":7.0,"key":"SMITH"},{"data":"ForeignInfluence","floor":15.0,"key":"SMITH"}],"circlet_count":0,"master_deck":["AscendersBane","Strike_P","Strike_P","Strike_P","Strike_P","Defend_P","Eruption+1","Vigilance","Collect","Wallop","FlurryOfBlows","ForeignInfluence+1","CutThroughFate","Vault"],"relics":["PureWater","Lantern","SsserpentHead","Pear","Matryoshka","Velvet Choker"],"acts_visited":["Exordium","TheCity"],"potions_floor_usage":[],"damage_taken":[{"damage":1.0,"enemies":"Small Slimes","floor":1.0,"turns":3.0},{"damage":0.0,"enemies":"2 Louse","floor":2.0,"turns":3.0},{"damage":0.0,"enemies":"Cultist","floor":5.0,"turns":2.0},{"damage":10.0,"enemies":"Lagavulin","floor":6.0,"turns":6.0},{"damage":0.0,"enemies":"Gremlin Nob","floor":11.0,"turns":3.0},{"damage":0.0,"enemies":"Lots of Slimes","floor":12.0,"turns":3.0},{"damage":4.0,"enemies":"2 Fungi Beasts","floor":13.0,"turns":2.0},{"damage":22.0,"enemies":"Lagavulin","floor":14.0,"turns":3.0},{"damage":0.0,"enemies":"Slime Boss","floor":16.0,"turns":5.0},{"damage":9,"enemies":"3 Byrds","floor":18,"turns":5},{"damage":13,"enemies":"Shell Parasite","floor":19,"turns":3}],"seed_played":"2154806185061310839","potions_obtained":[{"floor":5.0,"key":"Weak Potion"},{"floor":11.0,"key":"LiquidBronze"},{"floor":12.0,"key":"SpeedPotion"}],"is_trial":false,"path_per_floor":["M","M","?","?","M","E","R","$","T","?","E","M","M","E","R","B",null,"M","M"],"character_chosen":"WATCHER","items_purchased":[],"campfire_rested":0,"item_purchase_floors":[],"current_hp_per_floor":[60,60,53,58,58,48,48,48,48,48,58,58,54,32,32,32,70,61,48,48],"gold":370,"neow_bonus":"TRANSFORM_CARD","is_daily":false,"chose_seed":false,"campfire_upgraded":2,"win_rate":0.0,"timestamp":1608199096,"path_taken":["M","M","?","?","M","E","R","$","T","?","E","M","?","E","R","BOSS","M","?"],"items_purchased_type":[],"build_version":"2020-12-13","purchased_purges":1,"victory":false,"max_hp_per_floor":[68,68,68,73,73,73,73,73,73,73,83,83,83,83,83,83,83,83,83,83],"relic_stats":{"SsserpentHead":100,"counters":[11,38],"obtain_stats":[{"SsserpentHead":10,"Lantern":9,"Pear":11,"Matryoshka":14,"Velvet Choker":17,"PureWater":0},{"SsserpentHead":4,"Lantern":4,"Pear":5,"Matryoshka":8,"Velvet Choker":9,"PureWater":0},{"SsserpentHead":14,"Lantern":14,"Pear":17,"Matryoshka":25,"Velvet Choker":30,"PureWater":0}]},"card_choices":[{"not_picked":["ClearTheMind","CarveReality","Weave"],"picked":"SKIP","floor":1.0},{"not_picked":["Consecrate","EmptyFist"],"picked":"Wallop","floor":2.0},{"not_picked":["Protect","TalkToTheHand","Prostrate"],"picked":"SKIP","floor":5.0},{"not_picked":["Wallop","JustLucky"],"picked":"FlurryOfBlows","floor":6.0},{"not_picked":["FlyingSleeves","TalkToTheHand","Protect"],"picked":"SKIP","floor":11.0},{"not_picked":["CutThroughFate","Establishment"],"picked":"ForeignInfluence","floor":12.0},{"not_picked":["CrushJoints","MentalFortress"],"picked":"CutThroughFate","floor":13.0},{"not_picked":["FlyingSleeves","Halt","EmptyFist"],"picked":"SKIP","floor":14.0},{"not_picked":["Judgement","Establishment"],"picked":"Vault","floor":16.0},{"not_picked":["Protect","CutThroughFate+1","ReachHeaven"],"picked":"SKIP","floor":18}],"player_experience":281257,"relics_obtained":[{"floor":9.0,"key":"Lantern"},{"floor":11.0,"key":"Pear"},{"floor":14.0,"key":"Matryoshka"}],"event_choices":[{"cards_removed":["Defend_P"],"damage_healed":0.0,"max_hp_gain":0.0,"max_hp_loss":0.0,"gold_gain":0.0,"event_name":"Golden Wing","player_choice":"Card Removal","floor":3.0,"gold_loss":0.0,"damage_taken":7.0},{"damage_healed":0.0,"max_hp_gain":5.0,"max_hp_loss":0.0,"gold_gain":0.0,"event_name":"Big Fish","player_choice":"Donut","floor":4.0,"gold_loss":0.0,"damage_taken":0.0},{"damage_healed":0.0,"max_hp_gain":0.0,"max_hp_loss":0.0,"gold_gain":0.0,"event_name":"FaceTrader","player_choice":"Trade","floor":10.0,"gold_loss":0.0,"damage_taken":0.0,"relics_obtained":["SsserpentHead"]}],"is_beta":false,"boss_relics":[{"not_picked":["SlaversCollar","Astrolabe"],"picked":"Velvet Choker"}],"items_purged_floors":[8],"is_endless":false,"potions_floor_spawned":[5,11,12,16],"killed_by":"Shell Parasite","ascension_level":20}}