{"host":"o3b7ow6d1xe49css","time":1608245812,"event":{"mods":["2.2 Compatiblity","Act Like it!","Aspiration","BaseMod","Bestiary","Better Altar","Better Match","Better Note","Better Sensory Stone","Better Skull","Better Third Choice","Colored Powertips","Conspire","Downfall","Elementarium","Energized Spire","Force Act Four","GifTheSpireLib","Halation","Hermit","Hubris","Infinite Spire","Minty Spire (QoL Compilation)","Quick Restart","Replay The Spire","Spicy Shops","Spikes Relics","StSLib","Stuff the Spire","The Blue Laboratory","The Jungle","Wandering Minibosses","vexMod"],"gold_per_floor":[110,124,144,75,93,93,126,157,157,181,281,281,292,262,262,367,367,381,395,413,413,413,533,669,801,801,356,488,624,524,524,524,623,623,643,643,661,711,711,843,411,411,466,602,738,342,450,450,450,450,450,450,11,135,236],"floor_reached":56,"playtime":2804,"items_purged":["hubris:Disease","Strike_G","Strike_G","Decay","Backstab","Crippling Poison"],"score":2000,"play_id":"db08c6ad-905a-4285-89fc-5e4fb686482b","local_time":"20201217135652","daily_mods":["Heirloom","Flight"],"is_ascension_mode":true,"campfire_choices":[{"data":"conspire:DoublingDagger","floor":6,"key":"SMITH"},{"floor":12,"key":"REST"},{"data":"Wraith Form v2","floor":15,"key":"SMITH"},{"data":"After Image","floor":32,"key":"SMITH"},{"floor":42,"key":"RECALL"},{"data":"Storm of Steel","floor":49,"key":"SMITH"},{"data":"Accuracy","floor":52,"key":"SMITH"}],"circlet_count":0,"master_deck":["Defend_G","Defend_G","Defend_G","Defend_G","Survivor","Neutralize","Blade Dance","Acrobatics","conspire:DoublingDagger+1","Replay:Bag of Tricks","Wraith Form v2+1","Cloak And Dagger","Corpse Explosion","Sucker Punch+1","Blade Dance+1","infinitespire:Fortify","Glass Knife+1","Prepared+1","After Image+1","ReplayTheSpireMod:Speed Training+1","Storm of Steel+1","Dagger Spray+1","Cloak And Dagger+1","Accuracy+1","Flechettes+1","Pot Of Greed+1","Pot Of Greed+1","Pot Of Greed+1","Cloak And Dagger","Quick Slash+1","Terror","Wraith Form v2+1","Riddle With Holes","Pain"],"relics":["Ring of the Snake","Ring of Chaos","vexMod:RetaliationKit","ReplayTheSpireMod:CursedCoin","ReplayTheSpireMod:TigerMarble","RetroEgg","StuffTheSpire:TintedRock","MealTicket","aspiration:TomeofQuesting","WristBlade","hubris:Spice","aspiration:FrozenJewel","Gremlin Food","hubris:64BitClover","conspire:BottledYoYo","Replay:PocketPolymizer","infinitespire:Satchel","Art of War","sneckomod:BlankCard","BlackRope","hubris:TinFlute","Grinning Jar","Regal Pillow","aspiration:VileToxins","Bag of Marbles","Centennial Puzzle","Vajra","BargainBundle","Torii","hubris:ToyBattleship"],"acts_visited":[],"potions_floor_usage":[8,8,16,19,20,20,23,29,44,50,50,55,55,55,55],"damage_taken":[{"damage":0,"enemies":"Cultist","floor":1,"turns":5},{"damage":0,"enemies":"2 Louse","floor":2,"turns":3},{"damage":4,"enemies":"Jaw Worm","floor":3,"turns":4},{"damage":10,"enemies":"Lots of Slimes","floor":5,"turns":6},{"damage":46,"enemies":"3 Sentries","floor":7,"turns":5},{"damage":18,"enemies":"Lagavulin","floor":8,"turns":6},{"damage":14,"enemies":"Replay:BlueRogue","floor":11,"turns":5},{"damage":4,"enemies":"3 Louse","floor":13,"turns":4},{"damage":17,"enemies":"The Guardian","floor":16,"turns":13},{"damage":11,"enemies":"Shell Parasite","floor":18,"turns":5},{"damage":1,"enemies":"Spheric Guardian","floor":19,"turns":4},{"damage":46,"enemies":"Shelled Parasite and Fungi","floor":20,"turns":6},{"damage":12,"enemies":"Slavers","floor":23,"turns":1},{"damage":2,"enemies":"Book of Stabbing","floor":24,"turns":3},{"damage":0,"enemies":"conspire:SneckoGhost","floor":25,"turns":4},{"damage":0,"enemies":"Book of Stabbing","floor":28,"turns":2},{"damage":5,"enemies":"Nightmare","floor":29,"turns":6},{"damage":4,"enemies":"conspire:MysteriousRune","floor":33,"turns":6},{"damage":0,"enemies":"Orb Walker","floor":35,"turns":2},{"damage":0,"enemies":"3 Shapes","floor":37,"turns":5},{"damage":0,"enemies":"Mind Bloom Boss Battle","floor":38,"turns":3},{"damage":0,"enemies":"Nemesis","floor":40,"turns":7},{"damage":0,"enemies":"R_Hoarder","floor":44,"turns":5},{"damage":0,"enemies":"Giant Head","floor":45,"turns":4},{"damage":0,"enemies":"Nemesis","floor":47,"turns":3},{"damage":0,"enemies":"hubris:GrandSnecko","floor":50,"turns":6},{"damage":5,"enemies":"Shield and Spear","floor":54,"turns":4},{"damage":12,"enemies":"The Heart","floor":55,"turns":7}],"seed_played":"528464258776392178","potions_obtained":[{"floor":5,"key":"Dexterity Potion"},{"floor":7,"key":"SteroidPotion"},{"floor":13,"key":"Fire Potion"},{"floor":14,"key":"Energy Potion"},{"floor":14,"key":"blueLaboratory:ForbiddenFruitJuice"},{"floor":16,"key":"blueLaboratory:ArtistsPotion"},{"floor":20,"key":"Death Potion"},{"floor":24,"key":"ColorlessPotion"},{"floor":28,"key":"blueLaboratory:NullPotion"},{"floor":33,"key":"SpeedPotion"},{"floor":35,"key":"blueLaboratory:EnvenomedCoating"},{"floor":45,"key":"Elixir"},{"floor":47,"key":"Weak Potion"}],"is_trial":true,"path_per_floor":["M","M","M","$","M","R","E","E","T","T","E","R","M","?","R","B",null,"M","M","M","AVR","?","E","E","E","T","$","E","NM","$","?","R","B",null,"M","?","M","?","AVR","E","$","R","T","E","E","$","E","?","R","B",null,"R","$","E","B",null],"character_chosen":"THE_SILENT","items_purchased":["ReplayTheSpireMod:CursedCoin","ReplayTheSpireMod:TigerMarble","Replay:PocketPolymizer","infinitespire:Satchel","Accuracy","Flechettes+1","Grinning Jar","Regal Pillow","Centennial Puzzle","CunningPotion","Energy Potion","BargainBundle","Energy Potion","blueLaboratory:FrostheartPotion","blueLaboratory:NinjaPotion","Torii"],"campfire_rested":1,"item_purchase_floors":[4,4,27,27,41,41,41,41,46,46,46,53,53,53,53,53],"current_hp_per_floor":[70,70,66,66,56,56,40,22,22,22,8,29,25,25,25,8,55,44,43,42,50,50,38,36,36,36,51,51,46,61,61,61,57,65,65,65,65,65,65,65,68,68,68,68,68,68,68,68,68,68,68,68,68,63,51],"gold":236,"neow_bonus":"","is_daily":false,"chose_seed":false,"campfire_upgraded":5,"win_rate":0.0,"timestamp":1608245812,"path_taken":["M","M","M","?","M","R","E","E","T","?","E","R","?","?","R","BOSS","M","M","?","AVR","?","E","E","E","T","$","E","NM","$","?","R","BOSS","M","?","M","?","AVR","E","$","R","T","E","E","$","E","?","R","BOSS","R","$","E","BOSS"],"items_purchased_type":["Relic","Relic","Relic","Relic","Card","Card","Relic","Relic","Relic","Potion","Potion","Relic","Potion","Potion","Potion","Relic"],"build_version":"2020-12-13","purchased_purges":6,"victory":true,"max_hp_per_floor":[70,70,70,70,70,70,70,70,70,70,70,70,70,70,70,70,70,70,70,60,68,68,68,68,68,68,68,68,68,68,68,68,68,68,68,68,68,68,68,68,68,68,68,68,68,68,68,68,68,68,68,68,68,68,68],"card_choices":[{"not_picked":["StuffTheSpire:Injection","Dagger Spray"],"picked":"Blade Dance","floor":1},{"not_picked":["Deflect","hubris:SlightOfHand"],"picked":"Acrobatics","floor":2},{"not_picked":["Outmaneuver","Prepared"],"picked":"Crippling Poison","floor":3},{"not_picked":["Poisoned Stab","Outmaneuver"],"picked":"conspire:DoublingDagger","floor":5},{"not_picked":["Sneak Up","Underhanded Strike","StuffTheSpire:BumpUp"],"picked":"SKIP","floor":7},{"not_picked":["Poison Darts","StuffTheSpire:Fury"],"picked":"Replay:Bag of Tricks","floor":8},{"not_picked":["Cloak And Dagger","Flechettes"],"picked":"Wraith Form v2","floor":11},{"not_picked":["Quick Slash","Poisoned Stab"],"picked":"Cloak And Dagger","floor":13},{"not_picked":["Venomology","Tools of the Trade"],"picked":"Corpse Explosion","floor":16},{"not_picked":["StuffTheSpire:Python+1","Flying Knee"],"picked":"Sucker Punch","floor":18},{"not_picked":["Draining Mist+1","Tactician","Reflex+1"],"picked":"SKIP","floor":19},{"not_picked":["Deflect","Quick Slash"],"picked":"Blade Dance+1","floor":20},{"not_picked":["Calculated Gamble","Backflip"],"picked":"Backstab","floor":23},{"not_picked":["hubris:SlightOfHand","Setup","StuffTheSpire:Injection"],"picked":"SKIP","floor":24},{"not_picked":["Dagger Throw+1","Slice+1"],"picked":"Glass Knife","floor":25},{"not_picked":["Blur+1","StuffTheSpire:ClusterCrunch"],"picked":"Prepared","floor":28},{"not_picked":["StuffTheSpire:Python+1","Tools of the Trade"],"picked":"After Image","floor":29},{"not_picked":["infinitespire:Neurotoxin","Phantasmal Killer"],"picked":"Storm of Steel","floor":33},{"not_picked":["Slice+1","Crippling Poison+1","Outmaneuver+1"],"picked":"SKIP","floor":35},{"not_picked":["Hidden Blade","StuffTheSpire:Python","Poisoned Stab"],"picked":"SKIP","floor":37},{"not_picked":["Blade Dance+1","Concentrate+1"],"picked":"Dagger Spray+1","floor":38},{"not_picked":["Glass Knife","Flechettes"],"picked":"Cloak And Dagger+1","floor":40},{"not_picked":["Quick Slash","Deadly Poison+1","hubris:SlightOfHand"],"picked":"SKIP","floor":44},{"not_picked":["Deadly Poison+1","hubris:SlightOfHand"],"picked":"Quick Slash","floor":44},{"not_picked":["StuffTheSpire:Fury","StuffTheSpire:BumpUp+1"],"picked":"Terror","floor":45},{"not_picked":["Heel Hook","StuffTheSpire:MirrorStance","Slice+1"],"picked":"SKIP","floor":47},{"not_picked":["Quick Slash","Setup+1","Backflip"],"picked":"SKIP","floor":54}],"player_experience":1727110,"relics_obtained":[{"floor":7,"key":"RetroEgg"},{"floor":8,"key":"StuffTheSpire:TintedRock"},{"floor":10,"key":"MealTicket"},{"floor":11,"key":"aspiration:TomeofQuesting"},{"floor":23,"key":"aspiration:FrozenJewel"},{"floor":24,"key":"Gremlin Food"},{"floor":25,"key":"hubris:64BitClover"},{"floor":26,"key":"conspire:BottledYoYo"},{"floor":28,"key":"Art of War"},{"floor":29,"key":"sneckomod:BlankCard"},{"floor":40,"key":"hubris:TinFlute"},{"floor":44,"key":"aspiration:VileToxins"},{"floor":45,"key":"Bag of Marbles"},{"floor":47,"key":"Vajra"},{"floor":54,"key":"hubris:ToyBattleship"}],"event_choices":[{"damage_healed":0,"gold_gain":0,"player_choice":"Bought 2 Potions","damage_taken":0,"max_hp_gain":0,"max_hp_loss":0,"event_name":"The Woman in Blue","floor":14,"gold_loss":0},{"cards_removed":["Strike_G"],"damage_healed":0,"gold_gain":0,"player_choice":"Give","damage_taken":0,"max_hp_gain":0,"max_hp_loss":0,"event_name":"betterNote:BetterNote","floor":22,"gold_loss":0,"cards_obtained":["Strike_G"]},{"damage_healed":0,"gold_gain":0,"player_choice":"Cursed","damage_taken":0,"max_hp_gain":0,"max_hp_loss":0,"event_name":"Wheel of Change","floor":31,"gold_loss":0,"cards_obtained":["Decay"]},{"damage_healed":0,"gold_gain":0,"player_choice":"Fight","damage_taken":0,"max_hp_gain":0,"max_hp_loss":0,"event_name":"MindBloom","floor":38,"gold_loss":0},{"damage_healed":0,"gold_gain":0,"player_choice":"Copied","damage_taken":0,"max_hp_gain":0,"max_hp_loss":0,"event_name":"Duplicator","floor":48,"gold_loss":0,"cards_obtained":["Wraith Form v2"]}],"is_beta":false,"boss_relics":[{"not_picked":["energizedSpire:MagnifyingGlass","hubris:TerracottaHorce"],"picked":"WristBlade"},{"not_picked":["conspire:SlowCooker","StuffTheSpire:RunicHypercube","Velvet Choker"]}],"items_purged_floors":[4,21,30,39,46,53],"is_endless":true,"potions_floor_spawned":[5,7,13,16,20,24,28,33,35,45,47],"ascension_level":5}}