{"host":"f55as6l9it18gcgo","time":1608192186,"event":{"mods":["Aspiration","BaseMod","Colored Map","Colored Powertips","DeckTracker","Highlight Path","Hubris","Infinite Spire","Minty Spire (QoL Compilation)","Quick Restart","Random Character Button","Relic Sorter","Replay The Spire","StSLib","SuperFastMode","Synergy Search","The Cursed","The Disciple","The Jungle","The Runesmith","The Servant 0.9.4"],"gold_per_floor":[117,136,98,112,127,127,127,127,197,223,223,250,263,263,324,324,324],"floor_reached":16,"playtime":650,"items_purged":[],"score":110,"play_id":"f0299578-6118-46c5-93d4-94c644c60559","local_time":"20201217000306","is_ascension_mode":false,"campfire_choices":[{"data":"StarChef","floor":6,"key":"SMITH"},{"floor":8,"key":"REST"}],"circlet_count":0,"master_deck":["Strike_S","Strike_S","Strike_S","Strike_S","Defend_S","Defend_S","Defend_S","Defend_S","KidneyShot","Exchange","Runesmith:Defend_RS","TheCursedMod:Defend_TheCursed","Ricochet","Spin","StarChef+1","Defy","Snipe","Barrier","Gouge","Rearm"],"relics":["Uniform","hubris:Icosahedron","infinitespire:Lychee Nut","infinitespire:Satchel","Shuriken","infinitespire:Beetle Shell","White Beast Statue","aspiration:SeaSaltIceCream","aspiration:Nostalgia","infinitespire:DarkRift"],"acts_visited":["Exordium"],"potions_floor_usage":[16,16],"damage_taken":[{"damage":6,"enemies":"Cultist","floor":1,"turns":5},{"damage":0,"enemies":"Small Slimes","floor":2,"turns":3},{"damage":13,"enemies":"Jaw Worm","floor":4,"turns":5},{"damage":6,"enemies":"Looter","floor":5,"turns":4},{"damage":15,"enemies":"Gremlin Nob","floor":10,"turns":5},{"damage":11,"enemies":"Replay:BlueRogue","floor":12,"turns":9},{"damage":4,"enemies":"Large Slime","floor":13,"turns":9},{"damage":42,"enemies":"Slime Boss","floor":16,"turns":11}],"seed_played":"5955720835143084849","potions_obtained":[{"floor":1,"key":"Dexterity Potion"},{"floor":5,"key":"Weak Potion"},{"floor":12,"key":"Dexterity Potion"},{"floor":13,"key":"Elixir"}],"is_trial":false,"path_per_floor":["M","M","$","M","M","R","?","R","T","E","T","E","M","?","R_BF","B"],"character_chosen":"THE_SERVANT","items_purchased":["StarChef"],"campfire_rested":1,"item_purchase_floors":[3],"current_hp_per_floor":[42,47,47,38,38,38,31,45,45,34,34,29,31,31,31,0,0],"gold":324,"neow_bonus":"ONE_RARE_RELIC","is_daily":false,"chose_seed":false,"campfire_upgraded":1,"win_rate":0.0,"timestamp":1608192186,"path_taken":["M","M","?","M","M","R","?","R","T","E","?","E","M","?","R_BF","BOSS"],"items_purchased_type":["Card"],"build_version":"2020-12-13","purchased_purges":0,"victory":false,"max_hp_per_floor":[48,48,48,48,48,48,48,48,48,48,48,48,48,48,48,48,48],"card_choices":[{"not_picked":["RealityMarble","Shuttle"],"picked":"Ricochet","floor":1},{"not_picked":["ShatteredReality","Rewind"],"picked":"Spin","floor":2},{"not_picked":["RealityMarble","Unruled"],"picked":"Defy","floor":4},{"not_picked":["TheWorld","Rearm"],"picked":"Snipe","floor":5},{"not_picked":["Spin","DoubleEdge"],"picked":"Barrier","floor":10},{"not_picked":["Revamp","Shuttle"],"picked":"Gouge","floor":12},{"not_picked":["ShatteredReality","StarChef"],"picked":"Rearm","floor":13}],"player_experience":75017,"relics_obtained":[{"floor":9,"key":"Shuriken"},{"floor":10,"key":"infinitespire:Beetle Shell"},{"floor":11,"key":"White Beast Statue"},{"floor":12,"key":"aspiration:SeaSaltIceCream"}],"event_choices":[{"damage_healed":0,"gold_gain":0,"player_choice":"Success","damage_taken":7,"relics_obtained":["infinitespire:Satchel"],"max_hp_gain":0,"max_hp_loss":0,"event_name":"Scrap Ooze","floor":7,"gold_loss":0}],"is_beta":false,"boss_relics":[],"items_purged_floors":[],"is_endless":false,"potions_floor_spawned":[1,5,12,13],"killed_by":"Slime Boss","ascension_level":0}}