{"host":"2461dio7vetlq1z3","time":1608237506,"event":{"mods":["2.2 Compatiblity","AchievementEnabler","BaseMod","Better Third Choice","Hermit","Marisa????????","Minty Spire (QoL Compilation)","Relic Stats","Spicy Shops","StSLib","Waifu the Spire"],"gold_per_floor":[113,113,0,14,14,14,14,14,14,26,26,26,56,72,72,177,177,193,205,225,225,235,235,235,81,104,7,7,7,7],"floor_reached":29,"playtime":691,"items_purged":["Bite"],"score":246,"play_id":"6419983a-0534-4433-820f-a5ebb249272a","local_time":"20201217213826","is_ascension_mode":false,"campfire_choices":[{"data":"Whirlwind","floor":6,"key":"SMITH"},{"data":"Enlightenment","floor":8,"key":"SMITH"},{"data":"Carnage","floor":12,"key":"SMITH"},{"data":"Bash","floor":15,"key":"SMITH"},{"data":"True Grit","floor":23,"key":"SMITH"},{"data":"Dark Embrace","floor":28,"key":"SMITH"}],"circlet_count":0,"master_deck":["Defend_R","Defend_R","Defend_R","Defend_R+1","Bash+1","Shrug It Off","Carnage+1","Enlightenment+1","Whirlwind+1","Berserk","Blood for Blood","Demon Form+1","Metallicize","True Grit+1","Exhume","Bite","Bite","Bite","Bite","Reaper","True Grit","Dark Embrace+1"],"relics":["Burning Blood"],"acts_visited":["Exordium","TheCity"],"potions_floor_usage":[20,22,29],"damage_taken":[{"damage":3,"enemies":"Small Slimes","floor":1,"turns":3},{"damage":2,"enemies":"Jaw Worm","floor":4,"turns":4},{"damage":0,"enemies":"2 Louse","floor":10,"turns":2},{"damage":14,"enemies":"Gremlin Nob","floor":13,"turns":3},{"damage":3,"enemies":"Red Slaver","floor":14,"turns":3},{"damage":44,"enemies":"Hexaghost","floor":16,"turns":7},{"damage":0,"enemies":"3 Byrds","floor":18,"turns":4},{"damage":20,"enemies":"Shell Parasite","floor":19,"turns":6},{"damage":25,"enemies":"Shelled Parasite and Fungi","floor":20,"turns":4},{"damage":48,"enemies":"Snake Plant","floor":22,"turns":6},{"damage":49,"enemies":"Book of Stabbing","floor":29,"turns":6}],"seed_played":"-7330439390631550260","potions_obtained":[{"floor":13,"key":"Fruit Juice"},{"floor":16,"key":"BloodPotion"},{"floor":19,"key":"Energy Potion"}],"is_trial":false,"path_per_floor":["M","?","?","M","?","R","?","R","T","M","?","R","E","M","R","B",null,"M","M","M","?","M","R","?","$","T","$","R","E"],"character_chosen":"IRONCLAD","items_purchased":["Reaper","True Grit","Dark Embrace"],"campfire_rested":0,"item_purchase_floors":[25,27,27],"current_hp_per_floor":[88,88,94,94,99,99,79,79,79,85,85,85,77,80,80,42,99,99,85,66,66,29,29,29,29,29,29,29,0,0],"gold":7,"neow_bonus":"TEN_PERCENT_HP_BONUS","is_daily":false,"chose_seed":false,"campfire_upgraded":6,"win_rate":0.0,"timestamp":1608237506,"path_taken":["M","?","?","M","?","R","?","R","T","M","?","R","E","M","R","BOSS","M","M","M","?","?","R","?","$","T","$","R","E"],"items_purchased_type":["Card","Card","Card"],"build_version":"2020-12-13","purchased_purges":1,"victory":false,"max_hp_per_floor":[88,88,94,94,99,99,99,99,99,99,99,99,99,99,99,99,99,99,99,99,99,104,104,72,72,72,72,72,72,72],"relic_stats":{"counters":[11,48],"obtain_stats":[{"Burning Blood":0},{"Burning Blood":0},{"Burning Blood":0}],"Burning Blood":47},"card_choices":[{"not_picked":["Flex","Warcry"],"picked":"Shrug It Off","floor":1},{"not_picked":["Headbutt","Clash"],"picked":"Whirlwind","floor":4},{"not_picked":["Whirlwind","Seeing Red","Entrench"],"picked":"SKIP","floor":10},{"not_picked":["Headbutt","Anger"],"picked":"Berserk","floor":13},{"not_picked":["Thunderclap","Havoc"],"picked":"Blood for Blood","floor":14},{"not_picked":["Bludgeon","Limit Break"],"picked":"Demon Form","floor":16},{"not_picked":["Flex+1","Perfected Strike","Searing Blow"],"picked":"SKIP","floor":18},{"not_picked":["Havoc","Clothesline"],"picked":"Metallicize","floor":19},{"not_picked":["Pummel+1","Heavy Blade"],"picked":"True Grit","floor":20},{"not_picked":["Body Slam+1","Havoc"],"picked":"Exhume","floor":22}],"player_experience":802234,"relics_obtained":[],"event_choices":[{"damage_healed":0,"gold_gain":0,"cards_transformed":["Strike_R"],"player_choice":"Change","damage_taken":0,"max_hp_gain":0,"max_hp_loss":0,"event_name":"Living Wall","floor":2,"gold_loss":0,"cards_obtained":["Carnage"]},{"damage_healed":0,"gold_gain":0,"player_choice":"RENOUNCE","damage_taken":113,"max_hp_gain":0,"max_hp_loss":0,"event_name":"betterThird:BetterSerpent","floor":3,"gold_loss":113,"cards_obtained":["Enlightenment"]},{"damage_healed":0,"gold_gain":0,"player_choice":"Donut","damage_taken":0,"max_hp_gain":5,"max_hp_loss":0,"event_name":"Big Fish","floor":5,"gold_loss":0},{"damage_healed":99,"gold_gain":0,"player_choice":"Upgrade","damage_taken":20,"max_hp_gain":0,"max_hp_loss":99,"event_name":"betterThird:BetterShining","floor":7,"gold_loss":0,"cards_upgraded":["Strike_R","Defend_R"]},{"damage_healed":0,"gold_gain":0,"player_choice":"Ignored","damage_taken":0,"max_hp_gain":0,"max_hp_loss":0,"event_name":"Golden Idol","floor":11,"gold_loss":0},{"damage_healed":0,"gold_gain":0,"player_choice":"Forge","damage_taken":0,"max_hp_gain":0,"max_hp_loss":0,"event_name":"Accursed Blacksmith","floor":21,"gold_loss":0,"cards_upgraded":["Demon Form"]},{"damage_healed":0,"gold_gain":0,"player_choice":"Became a vampire","damage_taken":0,"max_hp_gain":0,"max_hp_loss":32,"event_name":"Vampires","floor":24,"gold_loss":0,"cards_obtained":["Bite","Bite","Bite","Bite","Bite"]}],"is_beta":false,"boss_relics":[{"not_picked":["Coffee Dripper","Runic Cube","Snecko Eye"]}],"items_purged_floors":[25],"is_endless":false,"potions_floor_spawned":[13,16,19],"killed_by":"Book of Stabbing","ascension_level":0}}