{"host":"nkolxg4se00n20yf","time":1608223267,"event":{"mods":["BaseMod","CatGirl Mod","Chen","Colored Map","Colored Powertips","Friendly Minions","Infinite Spire","Kiyohime????","Marisa????????","Minty Spire (QoL Compilation)","StSLib","Td1madao Mod","The Administrix","The Cursed","The Servant 0.9.4"],"gold_per_floor":[113,127,139,38,38,38,64,64,64,64,64,81,110,110,110,186,186,205,205,221,237,254,281,281,281,281,294,294,307,332,349,349,426,476,488,106,106,118,118,118,145,145,145,164,176,210,210,243,243,243],"floor_reached":51,"playtime":2443,"items_purged":["Writhe"],"score":1410,"play_id":"1c14ae7f-511c-4abb-befd-34ae80f3980e","local_time":"20201217174107","is_ascension_mode":true,"campfire_choices":[{"data":"Underhanded Strike","floor":6,"key":"SMITH"},{"floor":8,"key":"REST"},{"data":"Neutralize","floor":10,"key":"SMITH"},{"floor":15,"key":"REST"},{"data":"After Image","floor":24,"key":"SMITH"},{"data":"Underhanded Strike","floor":28,"key":"SMITH"},{"floor":32,"key":"REST"},{"data":"Tools of the Trade","floor":40,"key":"SMITH"},{"data":"Noxious Fumes","floor":42,"key":"SMITH"},{"floor":47,"key":"REST"},{"floor":49,"key":"REST"}],"circlet_count":0,"master_deck":["AscendersBane","Strike_G","Strike_G","Strike_G","Strike_G","Defend_G","Defend_G","Defend_G+1","Defend_G","Defend_G","Survivor+1","Neutralize+1","Blade Dance","Deflect+1","Bane","Underhanded Strike+1","Deflect+1","Underhanded Strike+1","Prepared+1","After Image+1","PiercingWail+1","Terror+1","Masterful Stab","Poisoned Stab","Expertise+1","Cloak And Dagger+1","Dagger Throw","Quick Slash+1","Tools of the Trade+1","Backstab","Flying Knee+1","Masterful Stab","Noxious Fumes+1","Venomology+1","Noxious Fumes","Outmaneuver+1"],"relics":["Ring of the Snake","Gambling Chip","Toxic Egg 2","Ginger","Mercury Hourglass","StrikeDummy","HoveringKite","TwistedFunnel","Vajra","Shuriken","Prayer Wheel","Tiny House","Pen Nib","Ninja Scroll","Darkstone Periapt","CeramicFish","Pantograph","Molten Egg 2"],"acts_visited":["TheCity","TheBeyond"],"potions_floor_usage":[13,22,23,27,33,38,44,46,48,50,50,50],"damage_taken":[{"damage":2,"enemies":"2 Louse","floor":1,"turns":5},{"damage":0,"enemies":"Small Slimes","floor":2,"turns":4},{"damage":0,"enemies":"Cultist","floor":3,"turns":4},{"damage":31,"enemies":"Lagavulin","floor":7,"turns":8},{"damage":0,"enemies":"Gremlin Gang","floor":12,"turns":3},{"damage":8,"enemies":"Gremlin Nob","floor":13,"turns":4},{"damage":17,"enemies":"Hexaghost","floor":16,"turns":10},{"damage":0,"enemies":"Spheric Guardian","floor":18,"turns":3},{"damage":0,"enemies":"Chosen","floor":20,"turns":4},{"damage":2,"enemies":"3 Cultists","floor":21,"turns":4},{"damage":0,"enemies":"Cultist and Chosen","floor":22,"turns":4},{"damage":9,"enemies":"Book of Stabbing","floor":23,"turns":5},{"damage":4,"enemies":"Snecko","floor":27,"turns":3},{"damage":0,"enemies":"Centurion and Healer","floor":29,"turns":4},{"damage":8,"enemies":"Slavers","floor":30,"turns":4},{"damage":2,"enemies":"Cultist and Chosen","floor":31,"turns":2},{"damage":25,"enemies":"Collector","floor":33,"turns":6},{"damage":0,"enemies":"Orb Walker","floor":35,"turns":3},{"damage":0,"enemies":"3 Darklings","floor":38,"turns":2},{"damage":0,"enemies":"Reptomancer","floor":41,"turns":3},{"damage":0,"enemies":"Sphere and 2 Shapes","floor":44,"turns":1},{"damage":0,"enemies":"Jaw Worm Horde","floor":45,"turns":2},{"damage":46,"enemies":"Nemesis","floor":46,"turns":5},{"damage":3,"enemies":"Giant Head","floor":48,"turns":6},{"damage":58,"enemies":"Awakened One","floor":50,"turns":9}],"seed_played":"5132659590874722192","potions_obtained":[{"floor":7,"key":"LiquidMemories"},{"floor":13,"key":"Regen Potion"},{"floor":16,"key":"Energy Potion"},{"floor":20,"key":"SkillPotion"},{"floor":23,"key":"SkillPotion"},{"floor":29,"key":"Regen Potion"},{"floor":33,"key":"FearPotion"},{"floor":34,"key":"CunningPotion"},{"floor":41,"key":"Poison Potion"},{"floor":46,"key":"CultistPotion"}],"is_trial":false,"path_per_floor":["M","M","M","$","?","R","E","R","T","R","?","M","E","?","R","B",null,"M","AVR","M","M","M","E","R","?","T","M","R","M","E","M","R","B",null,"M","$","?","M","$","R","E","R","T","M","M","E","R","E","R","B",null],"character_chosen":"THE_SILENT","items_purchased":["Underhanded Strike","Pen Nib","Ninja Scroll"],"campfire_rested":5,"item_purchase_floors":[4,36,36],"current_hp_per_floor":[57,57,57,57,54,54,23,42,42,42,29,29,21,21,40,23,55,55,55,55,53,58,49,49,49,49,45,45,45,37,35,54,43,65,65,65,65,65,65,65,65,65,65,65,65,19,40,37,58,13],"gold":243,"neow_bonus":"ONE_RARE_RELIC","is_daily":false,"chose_seed":false,"campfire_upgraded":6,"win_rate":0.0,"timestamp":1608223267,"path_taken":["M","M","M","$","?","R","E","R","T","R","?","M","E","?","R","BOSS","M","AVR","?","?","?","E","R","?","T","M","R","M","E","M","R","BOSS","M","$","?","M","?","R","E","R","T","M","M","E","R","E","R","BOSS"],"items_purchased_type":["Card","Relic","Relic"],"build_version":"2020-12-13","purchased_purges":1,"victory":true,"max_hp_per_floor":[66,66,66,66,66,66,66,66,66,66,66,66,66,66,66,66,66,66,66,66,66,66,66,66,66,66,66,66,66,66,66,66,66,71,71,71,71,71,71,71,71,71,71,71,71,71,71,71,71,71],"card_choices":[{"not_picked":["Deflect","Dagger Spray"],"picked":"Blade Dance","floor":1},{"not_picked":["Finisher","Backflip"],"picked":"Deflect","floor":2},{"not_picked":["Skewer","Outmaneuver"],"picked":"Bane","floor":3},{"not_picked":["Slice","Catalyst+1"],"picked":"Deflect+1","floor":7},{"not_picked":["Sucker Punch","Backflip+1"],"picked":"Underhanded Strike","floor":12},{"not_picked":["Flying Knee","Dagger Throw"],"picked":"Prepared+1","floor":13},{"not_picked":["A Thousand Cuts","Wraith Form v2"],"picked":"After Image","floor":16},{"not_picked":["Deflect+1","Deadly Poison+1"],"picked":"PiercingWail+1","floor":18},{"not_picked":["Infinite Blades","Catalyst+1"],"picked":"Terror+1","floor":20},{"not_picked":["Predator","Well Laid Plans"],"picked":"Masterful Stab","floor":21},{"not_picked":["PiercingWail+1","Acrobatics+1"],"picked":"Poisoned Stab","floor":22},{"not_picked":["Catalyst+1","Dagger Spray"],"picked":"Expertise+1","floor":23},{"not_picked":["Deflect+1","Masterful Stab"],"picked":"Cloak And Dagger+1","floor":27},{"not_picked":["Acrobatics+1","Predator"],"picked":"Dagger Throw","floor":29},{"not_picked":["Backflip+1","Cloak And Dagger+1"],"picked":"Quick Slash+1","floor":30},{"not_picked":["Sucker Punch","Blur+1","Concentrate+1"],"picked":"SKIP","floor":31},{"not_picked":["Quick Slash","Dagger Spray","Bane"],"picked":"SKIP","floor":31},{"not_picked":["Unload","Wraith Form v2"],"picked":"Tools of the Trade","floor":33},{"not_picked":["Quick Slash","Distraction+1"],"picked":"Backstab","floor":34},{"not_picked":["Bane","Backflip+1"],"picked":"Flying Knee+1","floor":35},{"not_picked":["Accuracy","Outmaneuver+1"],"picked":"Masterful Stab","floor":35},{"not_picked":["Backflip+1","Blade Dance+1"],"picked":"Noxious Fumes","floor":38},{"not_picked":["Dagger Throw","Dash","Dodge and Roll+1"],"picked":"SKIP","floor":38},{"not_picked":["Expertise+1","Poisoned Stab"],"picked":"Venomology+1","floor":41},{"not_picked":["Bane","Eviscerate"],"picked":"Noxious Fumes","floor":44},{"not_picked":["Dagger Spray","Deadly Poison+1","Bane"],"picked":"SKIP","floor":44},{"not_picked":["Concentrate+1","Blade Dance+1","Heel Hook"],"picked":"SKIP","floor":45},{"not_picked":["Outmaneuver+1","Dagger Spray","Quick Slash"],"picked":"SKIP","floor":45},{"not_picked":["Prepared+1","Acrobatics+1"],"picked":"Outmaneuver+1","floor":46},{"not_picked":["Prepared+1","Flechettes+1","Terror+1"],"picked":"SKIP","floor":48}],"player_experience":1018874,"relics_obtained":[{"floor":7,"key":"Ginger"},{"floor":9,"key":"Mercury Hourglass"},{"floor":13,"key":"StrikeDummy"},{"floor":23,"key":"Vajra"},{"floor":26,"key":"Shuriken"},{"floor":30,"key":"Prayer Wheel"},{"floor":41,"key":"Darkstone Periapt"},{"floor":43,"key":"CeramicFish"},{"floor":46,"key":"Pantograph"},{"floor":48,"key":"Molten Egg 2"}],"event_choices":[{"damage_healed":0,"gold_gain":0,"player_choice":"Success","damage_taken":3,"relics_obtained":["Toxic Egg 2"],"max_hp_gain":0,"max_hp_loss":0,"event_name":"Scrap Ooze","floor":5,"gold_loss":0},{"damage_healed":0,"gold_gain":0,"player_choice":"Entered Light","damage_taken":13,"max_hp_gain":0,"max_hp_loss":0,"event_name":"Shining Light","floor":11,"gold_loss":0,"cards_upgraded":["Defend_G","Survivor"]},{"damage_healed":0,"gold_gain":0,"player_choice":"Bought 0 Potions","damage_taken":0,"max_hp_gain":0,"max_hp_loss":0,"event_name":"The Woman in Blue","floor":14,"gold_loss":0},{"damage_healed":0,"gold_gain":0,"player_choice":"Ignored","damage_taken":0,"max_hp_gain":0,"max_hp_loss":0,"event_name":"Vampires","floor":25,"gold_loss":0},{"cards_removed":["Strike_G"],"damage_healed":0,"gold_gain":0,"player_choice":"Offered Basic","damage_taken":0,"max_hp_gain":0,"max_hp_loss":0,"event_name":"Bonfire Elementals","floor":37,"gold_loss":0}],"is_beta":false,"boss_relics":[{"not_picked":["Runic Dome","Runic Pyramid"],"picked":"HoveringKite"},{"not_picked":["Calling Bell","Snecko Eye"],"picked":"Tiny House"}],"items_purged_floors":[4],"is_endless":false,"potions_floor_spawned":[7,13,16,20,21,23,29,33,41,44,46],"ascension_level":14}}