{"host":"grli52lbdph2722t","time":1608186414,"event":{"mods":["AchievementEnabler","BaseMod","Downfall","Minty Spire (QoL Compilation)","Quick Restart","StSLib"],"gold_per_floor":[99,99,132,57,357,390,472,472,483,516,531,531,544,558,575,575,575],"floor_reached":16,"playtime":536,"items_purged":[],"score":221,"play_id":"5b77fdd2-a6cb-4bec-9d2e-84ca7aded1b3","local_time":"20201217072654","is_ascension_mode":true,"campfire_choices":[{"floor":1,"key":"RECALL"},{"data":"champ:GladiatorStyle","floor":4,"key":"SMITH"}],"circlet_count":0,"master_deck":["champ:Strike","champ:Strike","champ:Strike","champ:Strike","champ:Defend","champ:Defend","champ:Defend","champ:Defend","champ:Execute","champ:Taunt","champ:IronFortress+1","champ:GladiatorStyle+1","Slimebound:Icky","Slimebound:Icky","champ:SwordSigil","champ:EnchantCrown","champ:Balance","champ:EndlessRage","champ:ViciousMockery"],"relics":["champ:ChampionCrown","downfall:HeartsMalice","Strawberry","downfall:HeartBlessingRed","Matryoshka","Smiling Mask","Mercury Hourglass","Pantograph","downfall:BrokenWingStatue"],"acts_visited":["Exordium"],"potions_floor_usage":[10,10,15,16,16],"damage_taken":[{"damage":0,"enemies":"Small Slimes","floor":2,"turns":1},{"damage":0,"enemies":"Gremlin Nob","floor":3,"turns":1},{"damage":0,"enemies":"3 Sentries","floor":6,"turns":1},{"damage":5,"enemies":"Cultist","floor":9,"turns":3},{"damage":29,"enemies":"Gremlin Nob","floor":10,"turns":4},{"damage":10,"enemies":"2 Louse","floor":11,"turns":3},{"damage":27,"enemies":"Lots of Slimes","floor":13,"turns":3},{"damage":5,"enemies":"3 Louse","floor":14,"turns":4},{"damage":15,"enemies":"Lots of Slimes","floor":15,"turns":3},{"damage":44,"enemies":"downfall:Silent","floor":16,"turns":7}],"seed_played":"-3696453387180650353","potions_obtained":[{"floor":3,"key":"SneckoOil"},{"floor":6,"key":"Energy Potion"},{"floor":10,"key":"PowerPotion"},{"floor":11,"key":"champ:TechniquePotion"},{"floor":14,"key":"sneckomod:MuddlingPotion"}],"is_trial":false,"path_per_floor":["R","M","E","R","?","E","T","?","M","E","M","?","M","M","M","B"],"character_chosen":"THE_CHAMP","items_purchased":[],"campfire_rested":0,"item_purchase_floors":[],"current_hp_per_floor":[81,81,88,88,88,88,88,88,88,69,59,59,37,32,17,0,0],"gold":575,"neow_bonus":"THREE_ENEMY_KILL","is_daily":false,"chose_seed":false,"campfire_upgraded":1,"win_rate":0.0,"timestamp":1608186414,"path_taken":["R","M","E","R","?","E","T","?","?","E","M","?","M","M","M","BOSS"],"items_purchased_type":[],"build_version":"2020-12-13","purchased_purges":0,"victory":false,"max_hp_per_floor":[90,90,97,97,97,97,97,97,97,97,97,97,97,97,97,97,97],"card_choices":[{"not_picked":["champ:BringItOn","champ:RageSigil"],"picked":"champ:IronFortress","floor":2},{"not_picked":["champ:ShieldThrow","champ:BladeFlurry"],"picked":"champ:GladiatorStyle","floor":3},{"not_picked":["champ:Circumvent","champ:FocusedBerserking"],"picked":"champ:SwordSigil","floor":6},{"not_picked":["champ:PerfectedStrike","champ:HeartStrike","champ:ShieldSigil"],"picked":"SKIP","floor":9},{"not_picked":["champ:Encircle","champ:DefensiveStyle"],"picked":"champ:EnchantCrown","floor":10},{"not_picked":["champ:Backstep","champ:DefensiveShout","champ:BladeFlurry"],"picked":"SKIP","floor":11},{"not_picked":["champ:CrookedStrike","champ:RecklessLeap"],"picked":"champ:Balance","floor":13},{"not_picked":["champ:FalseCounter","champ:ShieldSigil"],"picked":"champ:EndlessRage","floor":14},{"not_picked":["champ:RisingSlash","champ:RageSigil"],"picked":"champ:ViciousMockery","floor":15}],"player_experience":4820549,"relics_obtained":[{"floor":3,"key":"Strawberry"},{"floor":6,"key":"Matryoshka"},{"floor":7,"key":"Smiling Mask"},{"floor":7,"key":"Mercury Hourglass"},{"floor":10,"key":"Pantograph"}],"event_choices":[{"damage_healed":0,"gold_gain":0,"player_choice":"Upgraded","damage_taken":0,"max_hp_gain":0,"max_hp_loss":0,"event_name":"Upgrade Shrine","floor":8,"gold_loss":0,"cards_upgraded":["champ:IronFortress"]}],"is_beta":false,"boss_relics":[],"items_purged_floors":[],"is_endless":false,"potions_floor_spawned":[3,6,10,11,14],"killed_by":"downfall:Silent","ascension_level":6}}