{"host":"dlyy4wv9zatha4f7","time":1608237431,"event":{"mods":["BaseMod","Better Third Choice","Colored Map","GifTheSpireLib","Minty Spire (QoL Compilation)","Spicy Shops","StSLib","SuperFastMode","Unceasing Turn Reminder"],"gold_per_floor":[210,221,72,95,117,159,159,203,249,433,433,433,433,466,466,466,466],"floor_reached":16,"playtime":668,"items_purged":[],"score":171,"play_id":"a19aef3f-e319-4f52-be3b-0431b02c52c0","local_time":"20201217223711","is_ascension_mode":true,"campfire_choices":[{"floor":13,"key":"REST"},{"data":"Neutralize","floor":15,"key":"SMITH"}],"circlet_count":0,"master_deck":["Strike_G","Strike_G","Strike_G","Strike_G","Strike_G","Defend_G","Defend_G","Defend_G","Defend_G","Defend_G","Survivor","Neutralize+1","Deflect","Quick Slash","Cloak And Dagger","Die Die Die","Poisoned Stab","Deadly Poison"],"relics":["Ring of the Snake","CeramicFish","Smiling Mask","Golden Idol","Darkstone Periapt","Boot","Bag of Preparation","Dream Catcher"],"acts_visited":["Exordium"],"potions_floor_usage":[6,16],"damage_taken":[{"damage":1,"enemies":"Cultist","floor":1,"turns":4},{"damage":0,"enemies":"2 Louse","floor":2,"turns":4},{"damage":0,"enemies":"Small Slimes","floor":4,"turns":3},{"damage":1,"enemies":"2 Fungi Beasts","floor":5,"turns":4},{"damage":10,"enemies":"Lagavulin","floor":6,"turns":7},{"damage":25,"enemies":"3 Sentries","floor":8,"turns":8},{"damage":15,"enemies":"Lagavulin","floor":14,"turns":7},{"damage":27,"enemies":"Hexaghost","floor":16,"turns":9}],"seed_played":"3052601312235064579","potions_obtained":[{"floor":2,"key":"SmokeBomb"},{"floor":4,"key":"LiquidBronze"},{"floor":5,"key":"CultistPotion"}],"is_trial":false,"path_per_floor":["M","M","$","M","M","E","?","E","T","?","?","?","R","E","R","B"],"character_chosen":"THE_SILENT","items_purchased":["CeramicFish"],"campfire_rested":1,"item_purchase_floors":[3],"current_hp_per_floor":[62,62,62,62,61,51,51,26,26,32,25,18,39,24,24,0,0],"gold":466,"neow_bonus":"HUNDRED_GOLD","is_daily":false,"chose_seed":false,"campfire_upgraded":1,"win_rate":0.0,"timestamp":1608237431,"path_taken":["M","M","$","M","?","E","?","E","T","?","?","?","R","E","R","BOSS"],"items_purchased_type":["Relic"],"build_version":"2020-12-13","purchased_purges":0,"victory":false,"max_hp_per_floor":[70,70,70,70,70,70,65,65,65,71,71,71,71,71,71,71,71],"card_choices":[{"not_picked":["Dodge and Roll","Concentrate"],"picked":"Deflect","floor":1},{"not_picked":["Backflip","Slice"],"picked":"Quick Slash","floor":2},{"not_picked":["Outmaneuver","Backflip"],"picked":"Cloak And Dagger","floor":4},{"not_picked":["Dash","Flying Knee"],"picked":"Die Die Die","floor":5},{"not_picked":["Slice","Storm of Steel"],"picked":"Poisoned Stab","floor":6},{"not_picked":["Slice","Prepared"],"picked":"Deadly Poison","floor":8},{"not_picked":["Reflex","Cloak And Dagger","Poisoned Stab"],"picked":"SKIP","floor":14}],"player_experience":2210762,"relics_obtained":[{"floor":6,"key":"Smiling Mask"},{"floor":8,"key":"Darkstone Periapt"},{"floor":9,"key":"Boot"},{"floor":14,"key":"Dream Catcher"}],"event_choices":[{"damage_healed":0,"gold_gain":0,"player_choice":"Lose Max HP","damage_taken":0,"relics_obtained":["Golden Idol"],"max_hp_gain":0,"max_hp_loss":5,"event_name":"Golden Idol","floor":7,"gold_loss":0},{"damage_healed":0,"gold_gain":175,"player_choice":"AGREE","damage_taken":249,"max_hp_gain":0,"max_hp_loss":0,"event_name":"betterThird:BetterSerpent","floor":10,"gold_loss":0},{"damage_healed":0,"gold_gain":0,"player_choice":"Relic ","damage_taken":7,"max_hp_gain":0,"max_hp_loss":0,"event_name":"betterThird:BetterScrap","floor":11,"gold_loss":0,"cards_obtained":["Reckless Charge"]},{"cards_removed":["Doubt"],"damage_healed":0,"gold_gain":0,"player_choice":"Card Removal","damage_taken":7,"max_hp_gain":0,"max_hp_loss":0,"event_name":"Golden Wing","floor":12,"gold_loss":0}],"is_beta":false,"boss_relics":[],"items_purged_floors":[],"is_endless":false,"potions_floor_spawned":[2,4,5],"killed_by":"Hexaghost","ascension_level":9}}