{"host":"kw4o7b3ro2ktmmbe","time":1608187293,"event":{"mods":["BaseMod","Lobotomy","Minty Spire (QoL Compilation)","Treasure Hunter"],"gold_per_floor":[110,110,110,124,139,169,17,17,17,29,43,0,14,34,34,136,136,151,151,151],"floor_reached":19,"playtime":2369,"items_purged":["Hod"],"score":196,"play_id":"a55d2ca3-7580-4c56-bd84-ce8cd03b18f3","local_time":"20201217194133","is_ascension_mode":false,"campfire_choices":[],"circlet_count":0,"master_deck":["SpecialBullet","SpecialBullet","SpecialBullet","SpecialBullet","SpecialBullet","SpecialBullet","SpecialBullet","SpecialBullet","TrainingCode","SecurityCode","CrumblingArmor","Noise","SomewhereSpear","WristCuter","DreamingCurrent","TH:Mimic","Ecstasy","TH:Mimic","OldLady","Heaven","SingingMachine","Soda","Alriune","Regret_ego","BlackSwan","PunishingBird","TH:BikiniMail","GoldRush","SpecialBullet","WhitesApple","CherryBlossom","SpecialBullet"],"relics":["CogitoBucket","Mummified Hand","OrangePellets","Shuriken","LuminousBracelet","Black Star"],"acts_visited":["Exordium","TheCity"],"potions_floor_usage":[6,11],"damage_taken":[{"damage":11,"enemies":"Jaw Worm","floor":1,"turns":2},{"damage":0,"enemies":"Cultist","floor":4,"turns":2},{"damage":8,"enemies":"Small Slimes","floor":5,"turns":2},{"damage":43,"enemies":"3 Sentries","floor":6,"turns":5},{"damage":19,"enemies":"3 Louse","floor":10,"turns":3},{"damage":78,"enemies":"Blue Slaver","floor":11,"turns":8},{"damage":10,"enemies":"Exordium Wildlife","floor":13,"turns":2},{"damage":29,"enemies":"Exordium Thugs","floor":14,"turns":4},{"damage":78,"enemies":"Hexaghost","floor":16,"turns":7},{"damage":16,"enemies":"Chosen","floor":18,"turns":3},{"damage":118,"enemies":"Spheric Guardian","floor":19,"turns":3}],"seed_played":"172558392343731440","potions_obtained":[{"floor":1,"key":"PowerPotion"},{"floor":4,"key":"Fire Potion"},{"floor":10,"key":"Explosive Potion"}],"is_trial":false,"path_per_floor":["M","?","$","M","M","E","$","R","T","M","M","$","M","M","R","B",null,"M","M"],"character_chosen":"Angela","items_purchased":["OrangePellets"],"campfire_rested":0,"item_purchase_floors":[7],"current_hp_per_floor":[74,77,77,77,77,42,42,42,42,53,53,53,72,84,84,75,92,92,0,0],"gold":151,"neow_bonus":"TEN_PERCENT_HP_BONUS","is_daily":false,"chose_seed":false,"campfire_upgraded":0,"win_rate":0.0,"timestamp":1608187293,"path_taken":["M","?","?","?","?","E","$","R","T","?","M","?","M","M","R","BOSS","M","M"],"items_purchased_type":["Relic"],"build_version":"2020-12-13","purchased_purges":1,"victory":false,"max_hp_per_floor":[77,77,77,77,77,77,77,77,77,77,92,92,92,92,92,92,92,92,92,92],"card_choices":[{"not_picked":["SpiderBud","MeatLantern"],"picked":"CrumblingArmor","floor":1},{"not_picked":["FrostShard"],"picked":"Noise","floor":1},{"not_picked":["RapturousDream"],"picked":"SomewhereSpear","floor":4},{"not_picked":["Amita"],"picked":"WristCuter","floor":5},{"not_picked":["Laetitia","PunishingBird"],"picked":"DreamingCurrent","floor":6},{"not_picked":["TH:TreasureMap"],"picked":"TH:Mimic","floor":6},{"not_picked":["FourthMatchFlame"],"picked":"Ecstasy","floor":6},{"not_picked":["TH:CopperCoins"],"picked":"TH:Mimic","floor":9},{"not_picked":["CherryBlossoms","MeatLantern"],"picked":"OldLady","floor":10},{"not_picked":["CrimsonScar"],"picked":"Heaven","floor":10},{"not_picked":["BigBird","WallGazer"],"picked":"SingingMachine","floor":11},{"not_picked":["Amita"],"picked":"Soda","floor":11},{"not_picked":["SpiderBud","LongBird"],"picked":"Alriune","floor":13},{"not_picked":["Hypocrisy"],"picked":"Regret_ego","floor":13},{"not_picked":["DespairKnight","LaLuna"],"picked":"BlackSwan","floor":14},{"not_picked":["Galaxy","ScreamingWedge"],"picked":"SKIP","floor":14},{"not_picked":["Galaxy","ScreamingWedge"],"picked":"SKIP","floor":14},{"not_picked":["Porccubus","VoidDream"],"picked":"PunishingBird","floor":16},{"not_picked":["TH:PixieDust"],"picked":"TH:BikiniMail","floor":16},{"not_picked":["Twilight"],"picked":"GoldRush","floor":16},{"not_picked":["RedShoes","HappyTeddy"],"picked":"WhitesApple","floor":18},{"not_picked":["InTheNameOfLoveAndHate"],"picked":"CherryBlossom","floor":18}],"player_experience":1747694,"relics_obtained":[{"floor":6,"key":"Mummified Hand"},{"floor":9,"key":"Shuriken"}],"event_choices":[{"cards_removed":["InformationCode"],"damage_healed":5,"gold_gain":0,"player_choice":"Offered Special","damage_taken":0,"max_hp_gain":0,"max_hp_loss":0,"event_name":"Bonfire Elementals","floor":2,"gold_loss":0}],"is_beta":false,"boss_relics":[{"not_picked":["SacredBark","Snecko Eye"],"picked":"Black Star"}],"items_purged_floors":[12],"is_endless":false,"potions_floor_spawned":[1,4,10],"killed_by":"Spheric Guardian","ascension_level":0}}