{"host":"soyfmymeou4emntr","time":1608164199,"event":{"mods":["BaseMod","Minty Spire (QoL Compilation)","Relic Sorter","Relic Stats","StSLib"],"gold_per_floor":[115,40,40,53,64,64,96,108,132,149,179,197,226,280,280,357,357,367,367,6,23,41,69,69,69,149,149,149],"floor_reached":27,"playtime":1351,"items_purged":[],"score":756,"play_id":"fe616517-9b70-4c67-b112-208c2879de8b","local_time":"20201216171639","is_ascension_mode":true,"campfire_choices":[{"data":"Hemokinesis","floor":6.0,"key":"SMITH"},{"data":"Demon Form","floor":15.0,"key":"SMITH"},{"data":"Rupture","floor":24,"key":"SMITH"}],"circlet_count":0,"master_deck":["AscendersBane","Strike_R+1","Strike_R+1","Strike_R+1","Strike_R+1","Defend_R+1","Defend_R+1","Defend_R+1","Defend_R+1","Bash","Cleave","Carnage","Hemokinesis+1","Shockwave","Anger","Rampage","Demon Form+1","Feed","Rupture+1","Battle Trance","Burning Pact","Hemokinesis","Fire Breathing"],"relics":["Burning Blood","Dream Catcher","Omamori","Oddly Smooth Stone","Toy Ornithopter","Girya","Tiny Chest","Coffee Dripper","White Beast Statue","Bag of Marbles","WarpedTongs","Pantograph"],"acts_visited":["Exordium","TheCity"],"potions_floor_usage":[23,23,27],"damage_taken":[{"damage":7.0,"enemies":"Small Slimes","floor":1.0,"turns":4.0},{"damage":9.0,"enemies":"Jaw Worm","floor":4.0,"turns":4.0},{"damage":0.0,"enemies":"2 Louse","floor":5.0,"turns":2.0},{"damage":20.0,"enemies":"3 Sentries","floor":7.0,"turns":7.0},{"damage":2.0,"enemies":"2 Fungi Beasts","floor":8.0,"turns":2.0},{"damage":17.0,"enemies":"Gremlin Gang","floor":10.0,"turns":5.0},{"damage":2.0,"enemies":"Gremlin Nob","floor":11.0,"turns":2.0},{"damage":14.0,"enemies":"Large Slime","floor":12.0,"turns":5.0},{"damage":16.0,"enemies":"3 Sentries","floor":13.0,"turns":5.0},{"damage":32.0,"enemies":"Slime Boss","floor":16.0,"turns":9.0},{"damage":40.0,"enemies":"Shell Parasite","floor":18.0,"turns":4.0},{"damage":2.0,"enemies":"3 Byrds","floor":21.0,"turns":4.0},{"damage":10.0,"enemies":"Snecko","floor":22.0,"turns":4.0},{"damage":33,"enemies":"Book of Stabbing","floor":23,"turns":4},{"damage":16,"enemies":"Shelled Parasite and Fungi","floor":27,"turns":3}],"seed_played":"6255277619412051476","potions_obtained":[{"floor":1.0,"key":"BlessingOfTheForge"},{"floor":5.0,"key":"PowerPotion"},{"floor":10.0,"key":"Strength Potion"},{"floor":12.0,"key":"SpeedPotion"},{"floor":18.0,"key":"Strength Potion"},{"floor":21.0,"key":"SteroidPotion"},{"floor":22,"key":"AttackPotion"},{"floor":23,"key":"EssenceOfSteel"}],"is_trial":false,"path_per_floor":["M","?","$","M","M","R","E","M","T","M","E","M","E","T","R","B",null,"M","?","$","M","M","E","R","?","T","M"],"character_chosen":"IRONCLAD","items_purchased":["White Beast Statue","Battle Trance"],"campfire_rested":0,"item_purchase_floors":[20,20],"current_hp_per_floor":[67,67,67,64,70,70,56,60,60,49,53,45,35,35,35,19,61,27,27,27,31,27,10,10,10,10,0,0],"gold":149,"neow_bonus":"RANDOM_COMMON_RELIC","is_daily":false,"chose_seed":false,"campfire_upgraded":3,"win_rate":0.0,"timestamp":1608164199,"path_taken":["M","?","$","M","M","R","E","M","T","M","E","M","E","?","R","BOSS","M","?","$","M","M","E","R","?","T","?"],"items_purchased_type":["Relic","Card"],"build_version":"2020-12-13","purchased_purges":0,"victory":false,"max_hp_per_floor":[75,75,75,75,75,75,75,75,75,75,75,75,75,75,75,75,75,75,75,75,75,75,75,75,75,75,75,75],"relic_stats":{"Dream Catcher":0,"counters":[15,64],"Pantograph":0,"Tiny Chest":0,"obtain_stats":[{"Girya":13,"Dream Catcher":0,"Pantograph":26,"Oddly Smooth Stone":9,"Tiny Chest":14,"Omamori":7,"Coffee Dripper":17,"Bag of Marbles":23,"Burning Blood":0,"Toy Ornithopter":11,"White Beast Statue":20,"WarpedTongs":25},{"Girya":9,"Dream Catcher":0,"Pantograph":14,"Oddly Smooth Stone":5,"Tiny Chest":9,"Omamori":4,"Coffee Dripper":10,"Bag of Marbles":14,"Burning Blood":0,"Toy Ornithopter":7,"White Beast Statue":11,"WarpedTongs":14},{"Girya":36,"Dream Catcher":0,"Pantograph":61,"Oddly Smooth Stone":19,"Tiny Chest":36,"Omamori":17,"Coffee Dripper":45,"Bag of Marbles":61,"Burning Blood":0,"Toy Ornithopter":26,"White Beast Statue":49,"WarpedTongs":61}],"Burning Blood":84,"Toy Ornithopter":25,"WarpedTongs":[3]},"card_choices":[{"not_picked":["Reckless Charge","Twin Strike"],"picked":"Cleave","floor":1.0},{"not_picked":["Pommel Strike","Twin Strike"],"picked":"Carnage","floor":4.0},{"not_picked":["Flex","Entrench"],"picked":"Hemokinesis","floor":5.0},{"not_picked":["Body Slam","Exhume"],"picked":"Shockwave","floor":7.0},{"not_picked":["Sever Soul","Dark Embrace","Warcry"],"picked":"SKIP","floor":8.0},{"not_picked":["Infernal Blade","Headbutt"],"picked":"Anger","floor":10.0},{"not_picked":["Body Slam","Shrug It Off","Headbutt"],"picked":"SKIP","floor":11.0},{"not_picked":["Cleave","Searing Blow"],"picked":"Rampage","floor":12.0},{"not_picked":["Dropkick","Pommel Strike"],"picked":"Demon Form","floor":13.0},{"not_picked":["Impervious","Exhume"],"picked":"Feed","floor":16.0},{"not_picked":["Power Through","Pummel"],"picked":"Rupture","floor":18.0},{"not_picked":["Dark Embrace","Anger"],"picked":"Burning Pact","floor":21.0},{"not_picked":["Heavy Blade","Thunderclap"],"picked":"Hemokinesis","floor":22},{"not_picked":["Wild Strike","Twin Strike"],"picked":"Fire Breathing","floor":23}],"player_experience":2575323,"relics_obtained":[{"floor":7.0,"key":"Omamori"},{"floor":9.0,"key":"Oddly Smooth Stone"},{"floor":11.0,"key":"Toy Ornithopter"},{"floor":13.0,"key":"Girya"},{"floor":14.0,"key":"Tiny Chest"},{"floor":23,"key":"Bag of Marbles"},{"floor":26,"key":"Pantograph"}],"event_choices":[{"cards_removed":["Strike_R"],"damage_healed":0.0,"max_hp_gain":0.0,"max_hp_loss":0.0,"gold_gain":0.0,"event_name":"The Cleric","player_choice":"Card Removal","floor":2.0,"gold_loss":75.0,"damage_taken":0.0},{"damage_healed":0.0,"max_hp_gain":0.0,"max_hp_loss":0.0,"gold_gain":0.0,"event_name":"Back to Basics","player_choice":"Simplicity","floor":19.0,"gold_loss":0.0,"damage_taken":0.0,"cards_upgraded":["Strike_R","Strike_R","Strike_R","Strike_R","Defend_R","Defend_R","Defend_R","Defend_R"]},{"damage_healed":0,"gold_gain":0,"player_choice":"Rummage","damage_taken":0,"relics_obtained":["WarpedTongs"],"max_hp_gain":0,"max_hp_loss":0,"event_name":"Accursed Blacksmith","floor":25,"gold_loss":0,"cards_obtained":["Pain"]}],"is_beta":false,"boss_relics":[{"not_picked":["SlaversCollar","Empty Cage"],"picked":"Coffee Dripper"}],"items_purged_floors":[],"is_endless":false,"potions_floor_spawned":[1,5,10,12,13,18,21,22,23],"killed_by":"Shelled Parasite and Fungi","ascension_level":20}}