{"host":"jgyoyy5iuhtvyvtg","time":1608195237,"event":{"mods":["2.2 Compatiblity","BaseMod","Challenge The Spire","Colored Map","Conspire","Downfall","Hermit","Highlight Path","Infinite Spire","Lobotomy","LobotomyExtend","Minty Spire (QoL Compilation)","Quick Restart","Replay The Spire","Spikes Relics","StSLib","The Construct","The Disciple","The Jungle","Yuri Mod"],"gold_per_floor":[117,127,138,149,32,32,46,10,10,20,20,20],"floor_reached":11,"playtime":424,"items_purged":[],"score":67,"play_id":"415a51ac-5be9-4c70-8e60-278d847390ad","local_time":"20201217005357","is_ascension_mode":false,"campfire_choices":[{"data":"champ:Taunt","floor":6,"key":"SMITH"}],"circlet_count":0,"master_deck":["champ:Strike","champ:Strike","champ:Strike","champ:Strike","champ:Defend","champ:Defend","champ:Defend","champ:Defend","champ:Execute","champ:Taunt+1","UniverseFragment","champ:StanceDance","champ:FanOfKnives","champ:Devastate","champ:RapidStrikes","champ:EndlessRage","champ:Circumvent+1","champ:BerserkersShout","ReplayTheSpireMod:Faulty Equipment","champ:IronFortress","champ:BladeFlurry","champ:StanceDance","Woodsman","champ:AdrenalArmor"],"relics":["champ:ChampionCrown","CogitoBucket","RabbitCall","LetterFromLob","ReplayTheSpireMod:CursedCoin","Ornamental Fan"],"acts_visited":["Exordium"],"potions_floor_usage":[10],"damage_taken":[{"damage":5,"enemies":"2 Louse","floor":1,"turns":2},{"damage":9,"enemies":"Cultist","floor":2,"turns":6},{"damage":9,"enemies":"Jaw Worm","floor":3,"turns":4},{"damage":5,"enemies":"Looter","floor":4,"turns":3},{"damage":3,"enemies":"Exordium Wildlife","floor":7,"turns":4},{"damage":56,"enemies":"Blue Slaver","floor":10,"turns":7},{"damage":46,"enemies":"Gremlin Nob","floor":11,"turns":4}],"seed_played":"-8242393013518873722","potions_obtained":[{"floor":3,"key":"Adrenaline Potion"}],"is_trial":false,"path_per_floor":["M","M","M","M","$","R","M","$","T","M","E"],"character_chosen":"THE_CHAMP","items_purchased":["champ:EndlessRage","champ:Circumvent+1","ReplayTheSpireMod:CursedCoin","champ:IronFortress","champ:BladeFlurry","champ:StanceDance"],"campfire_rested":0,"item_purchase_floors":[5,5,8,8,8,8],"current_hp_per_floor":[90,89,88,88,88,88,89,89,89,45,0,0],"gold":20,"neow_bonus":"","is_daily":false,"chose_seed":false,"campfire_upgraded":1,"win_rate":0.0,"timestamp":1608195237,"path_taken":["M","M","M","M","$","R","M","$","T","M","E"],"items_purchased_type":["Card","Card","Relic","Card","Card","Card"],"build_version":"2020-12-13","purchased_purges":0,"victory":false,"max_hp_per_floor":[90,90,90,90,90,90,90,90,90,90,90,90],"card_choices":[{"not_picked":["Murderer","CENSORED"],"picked":"UniverseFragment","floor":1},{"not_picked":["champ:Backstep","champ:Aggression"],"picked":"champ:StanceDance","floor":1},{"not_picked":["HeroicMonk","Wellcheers","DespairKnight"],"picked":"Singing Bowl","floor":2},{"not_picked":["champ:BringItOn","champ:DefensiveShout"],"picked":"champ:FanOfKnives","floor":2},{"not_picked":["QueenBee","FairyFestival","Murderer"],"picked":"Singing Bowl","floor":3},{"not_picked":["champ:BerserkersShout","champ:BringItOn"],"picked":"champ:Devastate","floor":3},{"not_picked":["Bloodbath","Wellcheers","ShyLook"],"picked":"Singing Bowl","floor":4},{"not_picked":["champ:Riposte","champ:Encircle"],"picked":"champ:RapidStrikes","floor":4},{"not_picked":["DreamingCurrent","ShyLook","Wellcheers"],"picked":"Singing Bowl","floor":7},{"not_picked":["champ:FlashCut","champ:GladiatorsShout"],"picked":"champ:BerserkersShout","floor":7},{"not_picked":["VoidDream","GreedKing","SnowQueen"],"picked":"Singing Bowl","floor":10},{"not_picked":["SpiderBud","BlackSwan"],"picked":"Woodsman","floor":10},{"not_picked":["champ:RageSigil","champ:BringItOn"],"picked":"champ:AdrenalArmor","floor":10}],"player_experience":3141399,"relics_obtained":[{"floor":1,"key":"LetterFromLob"},{"floor":9,"key":"Ornamental Fan"}],"event_choices":[],"is_beta":false,"boss_relics":[],"items_purged_floors":[],"is_endless":false,"potions_floor_spawned":[3],"killed_by":"Gremlin Nob","ascension_level":0}}