{"host":"5gc11emcm5chfr5t","time":1608234755,"event":{"mods":["2.2 Compatiblity","AchievementEnabler","BaseMod","Bestiary","Better Note","Colored Map","Colored Powertips","Downfall","Googly Eyes","Minty Spire (QoL Compilation)","Rare Cards Sparkle","StSLib"],"gold_per_floor":[99,128,128,163,263,283,283,283,311,161,216,227,237,63,76,76,76],"floor_reached":16,"playtime":677,"items_purged":["Regret"],"score":252,"play_id":"404672aa-1678-4a5a-b7ba-c34db0d4a201","local_time":"20201217145235","is_ascension_mode":true,"campfire_choices":[{"floor":1,"key":"RECALL"},{"data":"sneckomod:SnekBite","floor":10,"key":"SMITH"}],"circlet_count":0,"master_deck":["AscendersBane","sneckomod:Strike","sneckomod:Strike","sneckomod:Strike","sneckomod:Defend","sneckomod:Defend+1","sneckomod:Defend","sneckomod:TailWhip","sneckomod:SnekBite+1","sneckomod:Unknown","sneckomod:Unknown+1","sneckomod:IronFang","sneckomod:WideSting+1","sneckomod:UnknownEthereal","sneckomod:SoulRoll","sneckomod:Nope","sneckomod:Transmogrify","sneckomod:UnknownRareAttack","sneckomod:UnknownClassGUARDIAN","sneckomod:SlitherStrike","expansioncontent:DarkVoid","sneckomod:QuickMove"],"relics":["sneckomod:SneckoSoul","downfall:HeartsMalice","Tiny Chest","Darkstone Periapt","Frozen Egg 2","downfall:HeartBlessingRed","downfall:HeartBlessingGreen","Orichalcum"],"acts_visited":["Exordium"],"potions_floor_usage":[11,15,16,16],"damage_taken":[{"damage":0,"enemies":"Lagavulin","floor":2,"turns":1},{"damage":0,"enemies":"Small Slimes","floor":3,"turns":1},{"damage":0,"enemies":"Gremlin Nob","floor":4,"turns":1},{"damage":5,"enemies":"2 Louse","floor":6,"turns":4},{"damage":28,"enemies":"3 Sentries","floor":9,"turns":8},{"damage":18,"enemies":"3 Sentries","floor":11,"turns":6},{"damage":0,"enemies":"Cultist","floor":12,"turns":3},{"damage":7,"enemies":"Blue Slaver","floor":13,"turns":5},{"damage":2,"enemies":"downfall:FleeingMerchant","floor":14,"turns":4},{"damage":4,"enemies":"2 Fungi Beasts","floor":15,"turns":2},{"damage":45,"enemies":"downfall:Silent","floor":16,"turns":4}],"seed_played":"-3587373517715355286","potions_obtained":[{"floor":4,"key":"Regen Potion"},{"floor":6,"key":"BlessingOfTheForge"},{"floor":13,"key":"AttackPotion"},{"floor":15,"key":"DistilledChaos"}],"is_trial":false,"path_per_floor":["R","E","M","E","?","M","T","?","E","R","?","M","M","$","M","B"],"character_chosen":"THE_SNECKO","items_purchased":["expansioncontent:DarkVoid"],"campfire_rested":0,"item_purchase_floors":[14],"current_hp_per_floor":[81,81,81,82,82,77,77,83,55,55,52,53,47,45,41,0,0],"gold":76,"neow_bonus":"THREE_ENEMY_KILL","is_daily":false,"chose_seed":false,"campfire_upgraded":1,"win_rate":0.0,"timestamp":1608234755,"path_taken":["R","E","M","E","?","M","T","?","E","R","?","M","M","$","M","BOSS"],"items_purchased_type":["Card"],"build_version":"2020-12-13","purchased_purges":1,"victory":false,"max_hp_per_floor":[90,90,90,91,91,91,91,97,97,97,97,98,99,99,99,99,99],"card_choices":[{"not_picked":["sneckomod:QuickBite","sneckomod:UnknownClassTHE_CHAMP_GRAY"],"picked":"sneckomod:IronFang","floor":2},{"not_picked":["sneckomod:SoulDraw","sneckomod:UnknownBlock"],"picked":"sneckomod:WideSting","floor":3},{"not_picked":["sneckomod:DiceBlock","sneckomod:Unknown0Cost"],"picked":"sneckomod:UnknownEthereal","floor":4},{"not_picked":["sneckomod:UnknownCommonSkill","sneckomod:WideSting"],"picked":"sneckomod:SoulRoll","floor":6},{"not_picked":["sneckomod:UnknownVulnerable","sneckomod:RainOfDice"],"picked":"sneckomod:Nope","floor":9},{"not_picked":["sneckomod:MixItUp","sneckomod:IronFang"],"picked":"sneckomod:Transmogrify","floor":11},{"not_picked":["sneckomod:RainOfDice","sneckomod:Nope"],"picked":"sneckomod:UnknownRareAttack","floor":12},{"not_picked":["sneckomod:Unknown1Cost","sneckomod:PureSnecko"],"picked":"sneckomod:UnknownClassGUARDIAN","floor":13},{"not_picked":["sneckomod:UnknownUncommonSkill","sneckomod:QuickMove"],"picked":"sneckomod:SlitherStrike","floor":14},{"not_picked":["sneckomod:DiceBlock","sneckomod:SoulRoll"],"picked":"sneckomod:QuickMove","floor":15}],"player_experience":404033,"relics_obtained":[{"floor":2,"key":"Tiny Chest"},{"floor":4,"key":"Darkstone Periapt"},{"floor":7,"key":"Frozen Egg 2"},{"floor":9,"key":"sneckomod:BlankCard"},{"floor":11,"key":"Bottled Lightning"},{"floor":12,"key":"Orichalcum"},{"floor":13,"key":"Orichalcum"},{"floor":14,"key":"Orichalcum"}],"event_choices":[],"is_beta":false,"boss_relics":[],"items_purged_floors":[14],"is_endless":false,"potions_floor_spawned":[4,6,13,15],"killed_by":"downfall:Silent","ascension_level":10}}