{"host":"qyjrmrr57odine7m","time":1608194174,"event":{"mods":["AchievementEnabler","BaseMod","Bestiary","Block Reminder","Card Forge","Highlight Path","Minty Spire (QoL Compilation)","Permanent Neow","StSLib"],"gold_per_floor":[112,125,139,152,172,206,219,185,264,294,294,294,311,321,321,422,422,434,461,461,477,492,521,536,552,552,321,321,356,374,392,392,491,491,510,510,510,262,279,279,290,290,365,71,71,81,96,96,96,96],"floor_reached":51,"playtime":2858,"items_purged":[],"score":805,"play_id":"9772e174-0820-4297-8d02-872644a973f6","local_time":"20201217083614","is_ascension_mode":false,"campfire_choices":[{"floor":15.0,"key":"REST"},{"floor":32.0,"key":"REST"},{"floor":40.0,"key":"REST"},{"floor":49.0,"key":"REST"}],"circlet_count":0,"master_deck":["Defend_P+1","Vigilance+1","Consecrate+1","Worship+1","FlyingSleeves+1","WaveOfTheHand+1","Pray+1","TalkToTheHand+1","SpiritShield+1","Establishment+1","Evaluate+1","FlyingSleeves+1","Evaluate+1","FlyingSleeves+1","SandsOfTime+1"],"relics":["Hammer of Thor","Seething Fire","Anvil of the Gods","Fusion Hammer","Gremlin Horn","Omamori","Sozu","Oddly Smooth Stone","Vajra","DollysMirror","Happy Flower","Calling Bell","Strawberry","Matryoshka","Torii","Bottled Lightning","Kunai","Darkstone Periapt","Dream Catcher","Medical Kit"],"acts_visited":["Exordium","TheCity","TheBeyond"],"potions_floor_usage":[],"damage_taken":[{"damage":0.0,"enemies":"Jaw Worm","floor":1.0,"turns":2.0},{"damage":0.0,"enemies":"2 Louse","floor":2.0,"turns":1.0},{"damage":0.0,"enemies":"Cultist","floor":3.0,"turns":2.0},{"damage":0.0,"enemies":"Exordium Thugs","floor":4.0,"turns":2.0},{"damage":0.0,"enemies":"Large Slime","floor":5.0,"turns":4.0},{"damage":0.0,"enemies":"3 Sentries","floor":6.0,"turns":5.0},{"damage":0.0,"enemies":"2 Fungi Beasts","floor":7.0,"turns":4.0},{"damage":46.0,"enemies":"Gremlin Nob","floor":10.0,"turns":5.0},{"damage":0.0,"enemies":"Gremlin Gang","floor":13.0,"turns":3.0},{"damage":0.0,"enemies":"Exordium Thugs","floor":14.0,"turns":6.0},{"damage":0.0,"enemies":"Slime Boss","floor":16.0,"turns":6.0},{"damage":0.0,"enemies":"Shell Parasite","floor":18.0,"turns":8.0},{"damage":6.0,"enemies":"Chosen","floor":21.0,"turns":8.0},{"damage":0.0,"enemies":"Snecko","floor":22.0,"turns":4.0},{"damage":0.0,"enemies":"Gremlin Leader","floor":23.0,"turns":7.0},{"damage":0.0,"enemies":"Shelled Parasite and Fungi","floor":24.0,"turns":4.0},{"damage":0.0,"enemies":"Snake Plant","floor":25.0,"turns":6.0},{"damage":4.0,"enemies":"Slavers","floor":29.0,"turns":6.0},{"damage":2.0,"enemies":"Centurion and Healer","floor":30.0,"turns":5.0},{"damage":0.0,"enemies":"Snecko","floor":31.0,"turns":4.0},{"damage":9.0,"enemies":"Champ","floor":33.0,"turns":9.0},{"damage":0.0,"enemies":"3 Darklings","floor":35.0,"turns":4.0},{"damage":0.0,"enemies":"3 Shapes","floor":39.0,"turns":6.0},{"damage":1.0,"enemies":"Transient","floor":41.0,"turns":5.0},{"damage":4.0,"enemies":"4 Shapes","floor":46.0,"turns":6.0},{"damage":11.0,"enemies":"Jaw Worm Horde","floor":47.0,"turns":4.0},{"damage":15.0,"enemies":"Time Eater","floor":50.0,"turns":11.0}],"seed_played":"-6521106919427138661","potions_obtained":[{"floor":2.0,"key":"PowerPotion"},{"floor":5.0,"key":"StancePotion"},{"floor":7.0,"key":"Fruit Juice"},{"floor":10.0,"key":"Weak Potion"},{"floor":14.0,"key":"BlessingOfTheForge"},{"floor":16.0,"key":"StancePotion"}],"is_trial":false,"path_per_floor":["M","M","M","M","M","E","M","$","T","E","?","?","M","M","R","B",null,"M","T","$","M","M","E","M","M","T","$","?","E","M","M","R","B",null,"M","$","?","$","M","R","M","?","T","$","?","M","M","$","R","B",null],"character_chosen":"WATCHER","items_purchased":["Pray","DollysMirror","WindmillStrike","Bottled Lightning","Dream Catcher","Medical Kit"],"campfire_rested":4,"item_purchase_floors":[8,27,27,38,44,44],"current_hp_per_floor":[72,72,72,72,72,72,77,77,77,31,31,87,87,87,87,87,87,87,87,87,81,81,81,81,81,81,81,81,77,75,75,87,78,94,94,94,94,94,94,94,93,93,93,93,94,90,79,79,94,79],"gold":96,"neow_bonus":"BOSS_RELIC","is_daily":false,"chose_seed":false,"campfire_upgraded":0,"win_rate":0.0,"timestamp":1608194174,"path_taken":["M","M","M","M","M","E","M","$","T","E","?","?","M","M","R","BOSS","M","?","$","M","M","E","M","M","T","?","?","E","M","M","R","BOSS","M","$","?","$","?","R","M","?","T","?","?","M","M","?","R","BOSS"],"items_purchased_type":["Card","Relic","Card","Relic","Relic","Relic"],"build_version":"2020-12-13","purchased_purges":0,"victory":true,"max_hp_per_floor":[72,72,72,72,72,72,77,77,77,77,77,87,87,87,87,87,87,87,87,87,87,87,87,87,87,87,87,87,87,87,87,87,87,94,94,94,94,94,94,94,94,94,94,94,94,94,94,94,94,94],"card_choices":[{"not_picked":["Halt","DeceiveReality"],"picked":"Consecrate","floor":1.0},{"not_picked":["FlyingSleeves","SashWhip"],"picked":"Consecrate","floor":2.0},{"not_picked":["CrushJoints","FlyingSleeves"],"picked":"SpiritShield","floor":3.0},{"not_picked":["Nirvana","PathToVictory"],"picked":"Worship","floor":4.0},{"not_picked":["Crescendo","Protect","JustLucky"],"picked":"SKIP","floor":5.0},{"not_picked":["EmptyBody","FollowUp"],"picked":"FlyingSleeves","floor":6.0},{"not_picked":["CrushJoints","Tantrum"],"picked":"WaveOfTheHand","floor":7.0},{"not_picked":["Scrawl","Crescendo"],"picked":"TalkToTheHand","floor":10.0},{"not_picked":["Consecrate","Crescendo","Nirvana"],"picked":"SKIP","floor":13.0},{"not_picked":["Protect","EmptyBody","Fasting2"],"picked":"SKIP","floor":14.0},{"not_picked":["BowlingBash","ThirdEye","MentalFortress"],"picked":"SKIP","floor":18.0},{"not_picked":["Study","EmptyMind+1"],"picked":"Evaluate","floor":21.0},{"not_picked":["Crescendo","ThirdEye+1"],"picked":"FlyingSleeves+1","floor":22.0},{"not_picked":["CrushJoints","Nirvana+1","Vault"],"picked":"SKIP","floor":23.0},{"not_picked":["Crescendo","WheelKick","Consecrate"],"picked":"SKIP","floor":24.0},{"not_picked":["Prostrate","EmptyBody","BowlingBash"],"picked":"SKIP","floor":25.0},{"not_picked":["EmptyMind","Vault"],"picked":"FlyingSleeves","floor":29.0},{"not_picked":["FollowUp+1","CrushJoints","DeceiveReality"],"picked":"SKIP","floor":30.0},{"not_picked":["Evaluate","FlyingSleeves","Swivel+1"],"picked":"SKIP","floor":31.0},{"not_picked":["Crescendo","Vengeance","ClearTheMind"],"picked":"SKIP","floor":35.0},{"not_picked":["ConjureBlade","LikeWater+1","Adaptation+1"],"picked":"SKIP","floor":39.0},{"not_picked":["WindmillStrike","InnerPeace+1","EmptyFist+1"],"picked":"SKIP","floor":41.0},{"not_picked":["EmptyMind","Halt","CutThroughFate"],"picked":"SKIP","floor":46.0},{"not_picked":["EmptyBody+1","ClearTheMind","BattleHymn"],"picked":"SKIP","floor":47.0},{"not_picked":["InnerPeace+1","FlyingSleeves"],"picked":"SandsOfTime","floor":49.0}],"player_experience":1166090,"relics_obtained":[{"floor":6.0,"key":"Gremlin Horn"},{"floor":10.0,"key":"Omamori"},{"floor":19.0,"key":"Oddly Smooth Stone"},{"floor":26.0,"key":"Vajra"},{"floor":29.0,"key":"Happy Flower"},{"floor":34.0,"key":"Strawberry"},{"floor":34.0,"key":"Matryoshka"},{"floor":34.0,"key":"Torii"},{"floor":43.0,"key":"Kunai"},{"floor":43.0,"key":"Darkstone Periapt"}],"event_choices":[{"damage_healed":0.0,"max_hp_gain":0.0,"max_hp_loss":0.0,"gold_gain":0.0,"event_name":"Golden Wing","player_choice":"Ignored","floor":11.0,"gold_loss":0.0,"damage_taken":0.0},{"cards_removed":["SpiritShield"],"damage_healed":46.0,"max_hp_gain":10.0,"max_hp_loss":0.0,"gold_gain":0.0,"event_name":"Bonfire Elementals","player_choice":"Offered Rare","floor":12.0,"gold_loss":0.0,"damage_taken":0.0},{"damage_healed":0.0,"max_hp_gain":0.0,"max_hp_loss":0.0,"gold_gain":0.0,"event_name":"Vampires","player_choice":"Ignored","floor":28.0,"gold_loss":0.0,"damage_taken":0.0},{"damage_healed":0.0,"max_hp_gain":0.0,"max_hp_loss":0.0,"gold_gain":0.0,"event_name":"Wheel of Change","player_choice":"Full Heal","floor":37.0,"gold_loss":0.0,"damage_taken":0.0},{"damage_healed":0.0,"max_hp_gain":0.0,"max_hp_loss":0.0,"gold_gain":0.0,"event_name":"SecretPortal","player_choice":"Ignored","floor":42.0,"gold_loss":0.0,"damage_taken":0.0},{"damage_healed":24.0,"max_hp_gain":0.0,"max_hp_loss":0.0,"gold_gain":0.0,"event_name":"Winding Halls","player_choice":"Writhe","floor":45.0,"gold_loss":0.0,"damage_taken":0.0,"cards_obtained":["Writhe"]}],"is_beta":false,"boss_relics":[{"not_picked":["Busted Crown","Philosopher\u0027s Stone"],"picked":"Sozu"},{"not_picked":["Black Star","Velvet Choker"],"picked":"Calling Bell"}],"items_purged_floors":[],"is_endless":false,"potions_floor_spawned":[2,5,7,10,14,16,18,22,23,25,39],"ascension_level":0}}