{"host":"deadgod","time":1608193993,"event":{"mods":["2.2 Compatiblity","BaseMod","Bestiary","Colored Map","GungeonMod","HololiveMod","Minty Spire (QoL Compilation)","Permanent Neow","Relic Filter","Relic Sorter","StSLib","The Alterego","The Dragon Tamer","UnlockEverythingMod","Waifu the Spire","【?物卡牌】REMEMod"],"gold_per_floor":[116,116,131,8,25,51,51,65,90,90,126,11,11,32,32,143,143,162,162,226,30,47,47,71,71,71,93,93,93,108,143,143,238,238,252,4,54,74,74,74,113,137,137,137,137,172,199,44,44,44,44,44,44,90,90],"floor_reached":56,"playtime":5603,"items_purged":["DemoMod:Strike_Huntress"],"score":1352,"play_id":"b217f5ed-fc86-4ff6-90e3-855c9d44cd50","local_time":"20201217163313","is_ascension_mode":false,"campfire_choices":[{"data":"DemoMod:TableSutra","floor":7.0,"key":"SMITH"},{"data":"DemoMod:ChanceBullets","floor":10.0,"key":"SMITH"},{"data":"DemoMod:ManualReload","floor":13.0,"key":"SMITH"},{"data":"DemoMod:BSG","floor":15.0,"key":"SMITH"},{"data":"DemoMod:FeignSurrender","floor":23.0,"key":"SMITH"},{"data":"DemoMod:HungryBullets","floor":25.0,"key":"SMITH"},{"data":"DemoMod:FinishedGun","floor":28.0,"key":"SMITH"},{"data":"DemoMod:ProbeStrike","floor":32.0,"key":"SMITH"},{"data":"DemoMod:GunShield","floor":40.0,"key":"SMITH"},{"floor":44.0,"key":"RECALL"},{"data":"REME_AllRoundStrike","floor":49,"key":"SMITH"},{"data":"DemoMod:BlankBullets","floor":52,"key":"SMITH"}],"circlet_count":0,"master_deck":["DemoMod:Defend_Huntress","DemoMod:Roll","DemoMod:ManualReload+1","DemoMod:RustySidearm","DemoMod:CrossBow","DemoMod:TableSutra+1","DemoMod:HardPowerCard","DemoMod:BlankBullets+1","DemoMod:ChanceBullets+1","DemoMod:BSG+1","DemoMod:FinishedGun+1","DemoMod:ShadowBullets+1","DemoMod:FeignSurrender+1","DemoMod:HungryBullets+1","DemoMod:SniperShot","DemoMod:ProbeStrike+1","DemoMod:BulletBore","DemoMod:FastSwitch+1","DemoMod:GunShield+1","DemoMod:FortunesFavor+1","Madness","Madness","REME_AllRoundStrike+1","Mayhem","DemoMod:MegaHand+1","DemoMod:ZorGun+1","DemoMod:DoubleSwitch"],"relics":["DemoMod:Dog","REME_ComplimentaryCards","DemoMod:GundromedaStrain","REME_HandOfSuture","Lizard Tail","Smiling Mask","Regal Pillow","DemoMod:GnawedKey","DemoMod:ElasticCartridgeClip","alterego_mod:SomeoneToFightFor","DemoMod:Metronome","DemoMod:PinkGuonStone","HornCleat","DemoMod:Test1","Kunai","Thread and Needle","DemoMod:GreenGuonStone","Nunchaku","Art of War","ClockworkSouvenir","Shuriken"],"acts_visited":["Exordium","TheCity","TheBeyond","TheEnding"],"potions_floor_usage":[],"damage_taken":[{"damage":3.0,"enemies":"2 Louse","floor":1.0,"turns":6.0},{"damage":0.0,"enemies":"Cultist","floor":3.0,"turns":3.0},{"damage":0.0,"enemies":"Small Slimes","floor":5.0,"turns":5.0},{"damage":30.0,"enemies":"Gremlin Nob","floor":6.0,"turns":5.0},{"damage":0.0,"enemies":"Looter","floor":8.0,"turns":5.0},{"damage":0.0,"enemies":"Lots of Slimes","floor":11.0,"turns":30.0},{"damage":0.0,"enemies":"3 Louse","floor":14.0,"turns":3.0},{"damage":0.0,"enemies":"Slime Boss","floor":16.0,"turns":5.0},{"damage":0.0,"enemies":"Chosen","floor":18.0,"turns":2.0},{"damage":0.0,"enemies":"2 Thieves","floor":20.0,"turns":2.0},{"damage":0.0,"enemies":"Chosen and Byrds","floor":22.0,"turns":3.0},{"damage":0.0,"enemies":"3 Cultists","floor":24.0,"turns":2.0},{"damage":10.0,"enemies":"Shelled Parasite and Fungi","floor":27.0,"turns":2.0},{"damage":0.0,"enemies":"Snake Plant","floor":30.0,"turns":1.0},{"damage":0.0,"enemies":"Slavers","floor":31.0,"turns":3.0},{"damage":6.0,"enemies":"Champ","floor":33.0,"turns":6.0},{"damage":13.0,"enemies":"3 Darklings","floor":35.0,"turns":2.0},{"damage":0.0,"enemies":"Mind Bloom Boss Battle","floor":37.0,"turns":2.0},{"damage":0.0,"enemies":"3 Shapes","floor":38.0,"turns":2.0},{"damage":0.0,"enemies":"Nemesis","floor":41.0,"turns":5.0},{"damage":0.0,"enemies":"Sphere and 2 Shapes","floor":42.0,"turns":1.0},{"damage":0.0,"enemies":"Giant Head","floor":46.0,"turns":1.0},{"damage":0,"enemies":"3 Darklings","floor":47,"turns":3},{"damage":0,"enemies":"Donu and Deca","floor":50,"turns":6},{"damage":1,"enemies":"Shield and Spear","floor":54,"turns":2},{"damage":22,"enemies":"The Heart","floor":55,"turns":3}],"seed_played":"-6208390374097779163","potions_obtained":[{"floor":6.0,"key":"FearPotion"},{"floor":14.0,"key":"Swift Potion"},{"floor":16.0,"key":"SmokeBomb"},{"floor":18.0,"key":"Weak Potion"},{"floor":35.0,"key":"DistilledChaos"}],"is_trial":false,"path_per_floor":["M","?","M","?","M","E","R","M","T","R","M","$","R","M","R","B",null,"M","?","M","$","M","R","M","R","T","M","R","?","M","E","R","B",null,"M","$","?","M","?","R","E","M","T","R","?","E","M","$","R","B",null,"R","$","E","B",null],"character_chosen":"HUNTRESS","items_purchased":["DemoMod:GnawedKey","DemoMod:Metronome","Kunai","ClockworkSouvenir"],"campfire_rested":0,"item_purchase_floors":[12,21,36,48],"current_hp_per_floor":[60,57,57,57,57,27,27,27,27,27,27,27,27,27,27,27,63,63,63,63,63,63,63,63,63,70,67,67,67,67,67,67,68,70,70,70,70,70,61,61,61,70,70,70,65,65,65,65,65,65,70,70,70,69,69],"gold":90,"neow_bonus":"REMOVE_TWO","is_daily":false,"chose_seed":false,"campfire_upgraded":11,"win_rate":0.0,"timestamp":1608193993,"path_taken":["M","?","M","?","?","E","R","M","T","R","M","$","R","M","R","BOSS","M","?","M","$","M","R","M","R","T","M","R","?","?","E","R","BOSS","M","$","?","M","?","R","E","M","T","R","?","E","M","?","R","BOSS","R","$","E","BOSS"],"items_purchased_type":["Relic","Relic","Relic","Relic"],"build_version":"2020-11-17","purchased_purges":1,"victory":true,"max_hp_per_floor":[63,63,63,63,63,63,63,63,63,63,63,63,63,63,63,63,63,63,63,63,63,63,63,63,63,70,70,70,70,70,70,70,70,70,70,70,70,70,70,70,70,70,70,70,70,70,70,70,70,70,70,70,70,70,70],"card_choices":[{"not_picked":["DemoMod:Ejector","DemoMod:DirectionalPad"],"picked":"DemoMod:TableSutra","floor":1.0},{"not_picked":["DemoMod:PotionOfGunFriendShip","DemoMod:CursedBullets"],"picked":"DemoMod:HardPowerCard","floor":3.0},{"not_picked":["DemoMod:TripleGun","DemoMod:HighKaliber"],"picked":"DemoMod:Purify","floor":5.0},{"not_picked":["DemoMod:JK47","DemoMod:PotionOfGunFriendShip"],"picked":"DemoMod:BlankBullets","floor":6.0},{"not_picked":["DemoMod:MachoBrace","DemoMod:TableSutra"],"picked":"DemoMod:ChanceBullets","floor":8.0},{"not_picked":["DemoMod:DoubleSwitch","DemoMod:DirectionalPad"],"picked":"DemoMod:Purify","floor":11.0},{"not_picked":["DemoMod:FastSwitch","DemoMod:EasyReloadBullets"],"picked":"DemoMod:BSG","floor":14.0},{"not_picked":["DemoMod:GunslingerForm","DemoMod:BlankBullets"],"picked":"DemoMod:FinishedGun","floor":16.0},{"not_picked":["DemoMod:AC15","DemoMod:MachoBrace+1"],"picked":"DemoMod:ShadowBullets+1","floor":18.0},{"not_picked":["DemoMod:JK47","DemoMod:BoxingGlove+1","DemoMod:Polaris+1"],"picked":"SKIP","floor":20.0},{"not_picked":["DemoMod:AC15","DemoMod:Ejector"],"picked":"DemoMod:FeignSurrender","floor":22.0},{"not_picked":["DemoMod:FastSwitch","DemoMod:SAA"],"picked":"DemoMod:HungryBullets","floor":24.0},{"not_picked":["DemoMod:AC15","DemoMod:DoubleSwitch"],"picked":"DemoMod:SniperShot","floor":27.0},{"not_picked":["DemoMod:Ejector","DemoMod:GunstockTap"],"picked":"DemoMod:ProbeStrike","floor":30.0},{"not_picked":["DemoMod:DirectionalPad","DemoMod:HuntsMan+1","DemoMod:GunslingerForm"],"picked":"SKIP","floor":31.0},{"not_picked":["DemoMod:Elimentaler","DemoMod:BalloonGun"],"picked":"DemoMod:BulletBore","floor":33.0},{"not_picked":["DemoMod:GunstockTap","DemoMod:Ejector+1"],"picked":"DemoMod:FastSwitch+1","floor":35.0},{"not_picked":["DemoMod:TripleGun+1","DemoMod:Unity+1"],"picked":"DemoMod:GunShield","floor":37.0},{"not_picked":["DemoMod:ZorGun+1","DemoMod:HighKaliber"],"picked":"DemoMod:FortunesFavor+1","floor":38.0},{"not_picked":["DemoMod:GunstockTap+1","DemoMod:MachoBrace+1","DemoMod:TeaPot+1"],"picked":"SKIP","floor":41.0},{"not_picked":["DemoMod:AC15+1","DemoMod:PotionOfGunFriendShip+1","DemoMod:AWP+1"],"picked":"SKIP","floor":42.0},{"not_picked":["Forethought","Bandage Up"],"picked":"REME_AllRoundStrike","floor":45.0},{"not_picked":["Enlightenment","Forethought"],"picked":"Mayhem","floor":45.0},{"not_picked":["DemoMod:FastSwitch+1","DemoMod:DoubleSwitch"],"picked":"DemoMod:MegaHand+1","floor":46.0},{"not_picked":["DemoMod:HardPowerCard","DemoMod:AbyssalTentacle"],"picked":"DemoMod:ZorGun+1","floor":47},{"not_picked":["DemoMod:Unmoved","DemoMod:ChanceBullets+1"],"picked":"DemoMod:DoubleSwitch","floor":47},{"not_picked":["DemoMod:TableSutra","DemoMod:Ejector","DemoMod:TripleGun+1"],"picked":"SKIP","floor":54}],"player_experience":20220,"relics_obtained":[{"floor":6.0,"key":"Lizard Tail"},{"floor":8.0,"key":"Smiling Mask"},{"floor":9.0,"key":"Regal Pillow"},{"floor":26.0,"key":"DemoMod:PinkGuonStone"},{"floor":31.0,"key":"HornCleat"},{"floor":37.0,"key":"Thread and Needle"},{"floor":37.0,"key":"DemoMod:GreenGuonStone"},{"floor":41.0,"key":"Nunchaku"},{"floor":46.0,"key":"Art of War"},{"floor":54,"key":"Shuriken"}],"event_choices":[{"damage_healed":0.0,"max_hp_gain":0.0,"max_hp_loss":0.0,"gold_gain":0.0,"event_name":"Scrap Ooze","player_choice":"Success","floor":2.0,"gold_loss":0.0,"damage_taken":3.0,"relics_obtained":["DemoMod:GundromedaStrain"]},{"damage_healed":0.0,"max_hp_gain":0.0,"max_hp_loss":0.0,"gold_gain":0.0,"event_name":"WeMeetAgain","player_choice":"Paid Gold","floor":4.0,"gold_loss":123.0,"damage_taken":0.0,"relics_obtained":["REME_HandOfSuture"]},{"damage_healed":0.0,"max_hp_gain":0.0,"max_hp_loss":0.0,"gold_gain":0.0,"event_name":"?的神圣花?","player_choice":"Choice 2","floor":19.0,"gold_loss":0.0,"damage_taken":0.0,"relics_obtained":["alterego_mod:SomeoneToFightFor"]},{"cards_removed":["DemoMod:Defend_Huntress"],"damage_healed":0.0,"max_hp_gain":0.0,"max_hp_loss":0.0,"gold_gain":0.0,"event_name":"Bonfire Elementals","player_choice":"Offered Basic","floor":29.0,"gold_loss":0.0,"damage_taken":0.0},{"damage_healed":0.0,"max_hp_gain":0.0,"max_hp_loss":0.0,"gold_gain":0.0,"event_name":"MindBloom","player_choice":"Fight","floor":37.0,"gold_loss":0.0,"damage_taken":0.0},{"damage_healed":0.0,"max_hp_gain":0.0,"max_hp_loss":0.0,"gold_gain":0.0,"event_name":"Winding Halls","player_choice":"Embrace Madness","floor":39.0,"gold_loss":0.0,"damage_taken":9.0,"cards_obtained":["Madness","Madness"]},{"damage_healed":0.0,"max_hp_gain":0.0,"max_hp_loss":0.0,"gold_gain":0.0,"event_name":"SensoryStone","player_choice":"Memory 2","floor":45.0,"gold_loss":0.0,"damage_taken":5.0}],"is_beta":true,"boss_relics":[{"not_picked":["Hololive_TopUpMoneyS","REME_LowDesire"],"picked":"DemoMod:ElasticCartridgeClip"},{"not_picked":["Snecko Eye","Velvet Choker"],"picked":"DemoMod:Test1"}],"items_purged_floors":[21],"is_endless":false,"potions_floor_spawned":[6,14,16,18,30,31,35,37,46],"ascension_level":0}}