{"host":"xz534terrkr331jc","time":1608196863,"event":{"mods":["BaseMod","Better Third Choice","Downfall","Hermit","Jorbs\u0027s Wanderer Trilogy","Marisa????????","Minty Spire (QoL Compilation)","Shade Mod","StSLib","The Cursed","The Hierophant","The Servant 0.9.4","The Wild Card"],"gold_per_floor":[112,37,137,148,163,182,199,234,258,273,273,284,318,318,318,441,441,455,473,473,130,130,130,160,7,7,7,21,21,33,43,43,43,43],"floor_reached":33,"playtime":1502,"items_purged":["Strike_R","Strike_R"],"score":279,"play_id":"ca3fe84d-c344-4774-a9b6-50bf6155c664","local_time":"20201217102103","is_ascension_mode":false,"campfire_choices":[{"data":"Body Slam","floor":11,"key":"SMITH"},{"floor":15,"key":"REST"},{"floor":23,"key":"RECALL"},{"data":"Demon Form","floor":27,"key":"SMITH"},{"floor":29,"key":"REST"},{"data":"Heavy Blade","floor":32,"key":"SMITH"}],"circlet_count":0,"master_deck":["Strike_R","Strike_R","Strike_R","Defend_R","Defend_R","Defend_R","Defend_R","Bash","Heavy Blade+1","Cleave","Twin Strike","Body Slam+1","Shrug It Off+1","Demon Form+1","True Grit+1"],"relics":["Burning Blood","Pear","Bronze Scales","Blood Vial","Bloody Idol","Velvet Choker","Paper Frog","Smiling Mask","Turnip"],"acts_visited":["Exordium","TheCity"],"potions_floor_usage":[16,28,33],"damage_taken":[{"damage":2,"enemies":"Small Slimes","floor":1,"turns":3},{"damage":5,"enemies":"Cultist","floor":4,"turns":4},{"damage":0,"enemies":"2 Louse","floor":5,"turns":3},{"damage":10,"enemies":"2 Fungi Beasts","floor":6,"turns":3},{"damage":0,"enemies":"3 Louse","floor":7,"turns":2},{"damage":40,"enemies":"Lagavulin","floor":8,"turns":5},{"damage":4,"enemies":"Blue Slaver","floor":10,"turns":3},{"damage":11,"enemies":"Exordium Thugs","floor":12,"turns":4},{"damage":20,"enemies":"Gremlin Nob","floor":13,"turns":4},{"damage":61,"enemies":"Slime Boss","floor":16,"turns":10},{"damage":31,"enemies":"2 Thieves","floor":18,"turns":4},{"damage":9,"enemies":"Spheric Guardian","floor":19,"turns":4},{"damage":61,"enemies":"Slavers","floor":24,"turns":5},{"damage":19,"enemies":"Centurion and Healer","floor":28,"turns":4},{"damage":4,"enemies":"Snecko","floor":30,"turns":4},{"damage":27,"enemies":"Snake Plant","floor":31,"turns":3},{"damage":70,"enemies":"Champ","floor":33,"turns":6}],"seed_played":"2702959027607874161","potions_obtained":[{"floor":7,"key":"Explosive Potion"},{"floor":10,"key":"SpeedPotion"},{"floor":13,"key":"SkillPotion"},{"floor":28,"key":"BlessingOfTheForge"},{"floor":31,"key":"champ:CounterPotion"}],"is_trial":false,"path_per_floor":["M","$","?","M","M","M","M","E","T","M","R","M","E","?","R","B",null,"M","M","?","$","?","R","E","$","T","R","M","R","M","M","R","B"],"character_chosen":"IRONCLAD","items_purchased":["Paper Frog","Demon Form"],"campfire_rested":2,"item_purchase_floors":[21,25],"current_hp_per_floor":[88,88,88,88,88,84,88,64,64,66,66,61,47,47,74,21,91,66,65,65,65,91,91,41,41,41,41,35,62,71,57,57,0,0],"gold":43,"neow_bonus":"TEN_PERCENT_HP_BONUS","is_daily":false,"chose_seed":false,"campfire_upgraded":3,"win_rate":0.0,"timestamp":1608196863,"path_taken":["M","$","?","M","M","M","M","E","T","?","R","M","E","?","R","BOSS","M","M","?","$","?","R","E","?","T","R","?","R","M","M","R","BOSS"],"items_purchased_type":["Relic","Card"],"build_version":"2020-12-13","purchased_purges":2,"victory":false,"max_hp_per_floor":[88,88,88,88,88,88,88,98,98,98,98,98,98,91,91,91,91,91,91,91,91,91,91,91,91,91,91,91,91,91,91,91,91,91],"card_choices":[{"not_picked":["Twin Strike","Perfected Strike"],"picked":"Heavy Blade","floor":1},{"not_picked":["Clothesline","Thunderclap"],"picked":"Cleave","floor":4},{"not_picked":["Warcry","Fire Breathing","Metallicize"],"picked":"SKIP","floor":5},{"not_picked":["Dual Wield","Iron Wave","Headbutt"],"picked":"SKIP","floor":6},{"not_picked":["Offering","Disarm","Wild Strike"],"picked":"SKIP","floor":7},{"not_picked":["Iron Wave","Intimidate"],"picked":"Twin Strike","floor":8},{"not_picked":["Wild Strike","Warcry"],"picked":"Body Slam","floor":10},{"not_picked":["Clash","Heavy Blade","Warcry"],"picked":"SKIP","floor":12},{"not_picked":["Dual Wield","Feel No Pain","Juggernaut"],"picked":"SKIP","floor":13},{"not_picked":["Iron Wave+1","Body Slam+1"],"picked":"Shrug It Off+1","floor":18},{"not_picked":["Ghostly Armor","Thunderclap","Cleave"],"picked":"SKIP","floor":19},{"not_picked":["Flame Barrier","Clash","Anger"],"picked":"SKIP","floor":24},{"not_picked":["Heavy Blade","Armaments+1","Blood for Blood"],"picked":"SKIP","floor":28},{"not_picked":["Exhume","Clothesline+1","Thunderclap"],"picked":"SKIP","floor":30},{"not_picked":["Sword Boomerang","Headbutt"],"picked":"True Grit+1","floor":31}],"player_experience":556396,"relics_obtained":[{"floor":8,"key":"Pear"},{"floor":9,"key":"Bronze Scales"},{"floor":13,"key":"Blood Vial"},{"floor":24,"key":"Smiling Mask"},{"floor":26,"key":"Turnip"}],"event_choices":[{"damage_healed":0,"gold_gain":100,"player_choice":"Pray","damage_taken":0,"max_hp_gain":0,"max_hp_loss":0,"event_name":"Golden Shrine","floor":3,"gold_loss":0},{"damage_healed":0,"gold_gain":0,"player_choice":"Lose Max HP","damage_taken":0,"relics_obtained":["Golden Idol"],"max_hp_gain":0,"max_hp_loss":7,"event_name":"Golden Idol","floor":14,"gold_loss":0},{"damage_healed":0,"gold_gain":0,"player_choice":"Gave Idol","damage_taken":0,"relics_obtained":["Bloody Idol"],"max_hp_gain":0,"max_hp_loss":0,"event_name":"Forgotten Altar","floor":20,"relics_lost":["Golden Idol"],"gold_loss":0},{"damage_healed":30,"gold_gain":0,"player_choice":"Heal","damage_taken":0,"max_hp_gain":0,"max_hp_loss":0,"event_name":"The Library","floor":22,"gold_loss":0}],"is_beta":false,"boss_relics":[{"not_picked":["Tiny House","Runic Cube"],"picked":"Velvet Choker"}],"items_purged_floors":[2,21],"is_endless":false,"potions_floor_spawned":[7,10,13,28,31],"killed_by":"Champ","ascension_level":0}}