{"host":"2cg6xoexl1he7zus","time":1608184517,"event":{"mods":["AchievementEnabler","BaseMod","Colored Map","Minty Spire (QoL Compilation)","Quick Restart","StSLib","SuperFastMode","everything is the same but u backflip on backflip"],"gold_per_floor":[113,113,128,128,146,178,178,178,224,236,258,305,330,342,354,465,477,508,520,532,557,569,613,625,637,698,710,722,754,800,812,824,940,952,980,445,457,17,34,34,69,83,83,83,100,116,134,159,159,159],"floor_reached":51,"playtime":1507,"items_purged":["FlyingSleeves","SignatureMove"],"score":1106,"play_id":"c1180ab4-1af0-4da8-a748-1255d1875dd2","local_time":"20201217145517","is_ascension_mode":true,"campfire_choices":[{"data":"Eruption","floor":7.0,"key":"SMITH"},{"data":"Judgement","floor":10.0,"key":"SMITH"},{"floor":15.0,"key":"REST"},{"data":"Vault","floor":25.0,"key":"SMITH"},{"data":"Omniscience","floor":28.0,"key":"SMITH"},{"floor":32.0,"key":"REST"},{"data":"ClearTheMind","floor":40.0,"key":"SMITH"},{"data":"MentalFortress","floor":44.0,"key":"SMITH"},{"data":"MentalFortress","floor":49.0,"key":"SMITH"}],"circlet_count":0,"master_deck":["Eruption+1","Vigilance","MentalFortress+1","BowlingBash","CrushJoints","TalkToTheHand","Judgement+1","EmptyMind","Consecrate","Omniscience+1","Vault+1","ReachHeaven","SashWhip","Devotion","Worship","ClearTheMind+1","Ragnarok","Wallop","WreathOfFlame","Devotion","EmptyFist","FearNoEvil","Adaptation+1","Halt+1","MentalFortress+1"],"relics":["PureWater","Mummified Hand","Oddly Smooth Stone","MawBank","Darkstone Periapt","Pandora\u0027s Box","MutagenicStrength","Ancient Tea Set","Bag of Preparation","Singing Bowl","Cursed Key","Bag of Marbles","Bottled Tornado","Pocketwatch","Ice Cream","Yang"],"acts_visited":["TheCity","TheBeyond"],"potions_floor_usage":[50],"damage_taken":[{"damage":4.0,"enemies":"Jaw Worm","floor":1.0,"turns":3.0},{"damage":0.0,"enemies":"2 Louse","floor":3.0,"turns":2.0},{"damage":0.0,"enemies":"Cultist","floor":5.0,"turns":2.0},{"damage":40.0,"enemies":"Lagavulin","floor":6.0,"turns":5.0},{"damage":0.0,"enemies":"Blue Slaver","floor":11.0,"turns":1.0},{"damage":22.0,"enemies":"3 Sentries","floor":12.0,"turns":6.0},{"damage":0.0,"enemies":"Looter","floor":13.0,"turns":1.0},{"damage":0.0,"enemies":"Slime Boss","floor":16.0,"turns":4.0},{"damage":12.0,"enemies":"Shell Parasite","floor":18.0,"turns":4.0},{"damage":0.0,"enemies":"3 Byrds","floor":21.0,"turns":4.0},{"damage":10.0,"enemies":"Book of Stabbing","floor":23.0,"turns":4.0},{"damage":0.0,"enemies":"Shelled Parasite and Fungi","floor":29.0,"turns":1.0},{"damage":11.0,"enemies":"Slavers","floor":30.0,"turns":3.0},{"damage":61.0,"enemies":"Champ","floor":33.0,"turns":8.0},{"damage":4.0,"enemies":"3 Shapes","floor":35.0,"turns":2.0},{"damage":0.0,"enemies":"Orb Walker","floor":37.0,"turns":1.0},{"damage":7.0,"enemies":"4 Shapes","floor":39.0,"turns":2.0},{"damage":0.0,"enemies":"Nemesis","floor":41.0,"turns":5.0},{"damage":0.0,"enemies":"Spire Growth","floor":42.0,"turns":1.0},{"damage":0.0,"enemies":"Jaw Worm Horde","floor":45.0,"turns":3.0},{"damage":0.0,"enemies":"Maw","floor":46.0,"turns":4.0},{"damage":0.0,"enemies":"3 Darklings","floor":47.0,"turns":2.0},{"damage":0.0,"enemies":"Giant Head","floor":48.0,"turns":4.0},{"damage":21,"enemies":"Time Eater","floor":50,"turns":6}],"seed_played":"4776598780371607745","potions_obtained":[{"floor":5.0,"key":"Regen Potion"},{"floor":6.0,"key":"StancePotion"},{"floor":13.0,"key":"PowerPotion"},{"floor":21.0,"key":"Strength Potion"},{"floor":29.0,"key":"DistilledChaos"},{"floor":30.0,"key":"BottledMiracle"},{"floor":35.0,"key":"Energy Potion"},{"floor":37.0,"key":"CultistPotion"}],"is_trial":false,"path_per_floor":["M","?","M","T","M","E","R","?","T","R","M","E","M","?","R","B",null,"M","?","$","M","?","E","?","R","T","$","R","M","E","$","R","B",null,"M","$","M","$","M","R","E","M","T","R","M","M","M","E","R","B",null],"character_chosen":"WATCHER","items_purchased":["Bag of Marbles","Bottled Tornado","FearNoEvil","Pocketwatch","Swift Potion"],"campfire_rested":2,"item_purchase_floors":[36,36,36,38,38],"current_hp_per_floor":[75,75,75,75,75,35,35,35,35,35,35,13,13,1,24,24,65,53,53,53,53,53,43,43,43,43,43,43,43,32,32,55,9,62,58,58,60,60,53,53,53,55,55,55,57,59,59,61,61,40],"gold":159,"neow_bonus":"TEN_PERCENT_HP_BONUS","is_daily":false,"chose_seed":false,"campfire_upgraded":7,"win_rate":0.0,"timestamp":1608184517,"path_taken":["M","?","M","?","M","E","R","?","T","R","M","E","M","?","R","BOSS","M","?","$","M","?","E","?","R","T","?","R","M","E","$","R","BOSS","M","$","M","$","M","R","E","M","T","R","M","M","?","E","R","BOSS"],"items_purchased_type":["Relic","Relic","Card","Relic","Potion"],"build_version":"2020-12-13","purchased_purges":2,"victory":true,"max_hp_per_floor":[79,79,79,79,79,79,79,79,79,79,79,79,79,79,79,79,79,79,79,79,79,79,79,79,79,79,79,79,79,79,79,79,79,79,79,79,81,81,81,81,81,83,83,83,85,87,87,89,89,89],"card_choices":[{"not_picked":["EmptyBody","Meditate"],"picked":"MentalFortress","floor":1.0},{"not_picked":["FlurryOfBlows","Prostrate"],"picked":"BowlingBash","floor":3.0},{"not_picked":["FlurryOfBlows","Protect"],"picked":"CrushJoints","floor":5.0},{"not_picked":["MasterReality","CutThroughFate"],"picked":"TalkToTheHand","floor":6.0},{"not_picked":["FlurryOfBlows","SashWhip"],"picked":"EmptyMind","floor":11.0},{"not_picked":["Evaluate","EmptyMind"],"picked":"Consecrate","floor":12.0},{"not_picked":["EmptyMind","BowlingBash","CrushJoints"],"picked":"SKIP","floor":13.0},{"not_picked":["Wish","Alpha"],"picked":"Omniscience","floor":16.0},{"not_picked":["FollowUp","CrushJoints"],"picked":"Worship","floor":18.0},{"not_picked":["FollowUp","Worship","SashWhip"],"picked":"SKIP","floor":21.0},{"not_picked":["CutThroughFate+1","ThirdEye"],"picked":"ClearTheMind","floor":23.0},{"not_picked":["WaveOfTheHand","Tantrum"],"picked":"Wallop","floor":29.0},{"not_picked":["ForeignInfluence","SandsOfTime"],"picked":"WreathOfFlame","floor":30.0},{"not_picked":["DevaForm","MasterReality"],"picked":"Devotion","floor":33.0},{"not_picked":["ForeignInfluence","Evaluate+1"],"picked":"EmptyFist","floor":35.0},{"not_picked":["EmptyMind+1","Halt","Meditate"],"picked":"Singing Bowl","floor":37.0},{"not_picked":["Evaluate+1","Halt"],"picked":"Adaptation+1","floor":39.0},{"not_picked":["BowlingBash+1","ThirdEye"],"picked":"Halt+1","floor":41.0},{"not_picked":["Consecrate+1","SashWhip","BowlingBash"],"picked":"Singing Bowl","floor":42.0},{"not_picked":["TalkToTheHand+1","Wallop+1","WheelKick"],"picked":"Singing Bowl","floor":45.0},{"not_picked":["FollowUp+1","CrushJoints","Halt+1"],"picked":"Singing Bowl","floor":46.0},{"not_picked":["CrushJoints","JustLucky"],"picked":"MentalFortress","floor":47.0},{"not_picked":["ReachHeaven","Blasphemy","JustLucky"],"picked":"Singing Bowl","floor":48.0}],"player_experience":246066,"relics_obtained":[{"floor":4.0,"key":"Mummified Hand"},{"floor":6.0,"key":"Oddly Smooth Stone"},{"floor":9.0,"key":"MawBank"},{"floor":12.0,"key":"Darkstone Periapt"},{"floor":23.0,"key":"Ancient Tea Set"},{"floor":26.0,"key":"Bag of Preparation"},{"floor":30.0,"key":"Singing Bowl"},{"floor":41.0,"key":"Ice Cream"},{"floor":48.0,"key":"Yang"}],"event_choices":[{"damage_healed":0.0,"max_hp_gain":0.0,"max_hp_loss":0.0,"gold_gain":0.0,"event_name":"Liars Game","player_choice":"Ignored","floor":2.0,"gold_loss":0.0,"damage_taken":0.0},{"damage_healed":0.0,"max_hp_gain":0.0,"max_hp_loss":0.0,"gold_gain":0.0,"cards_transformed":["Defend_P"],"event_name":"Living Wall","player_choice":"Change","floor":8.0,"gold_loss":0.0,"damage_taken":0.0,"cards_obtained":["Judgement"]},{"damage_healed":0.0,"max_hp_gain":0.0,"max_hp_loss":0.0,"gold_gain":0.0,"event_name":"Scrap Ooze","player_choice":"Fled","floor":14.0,"gold_loss":0.0,"damage_taken":12.0},{"damage_healed":0.0,"max_hp_gain":0.0,"max_hp_loss":0.0,"gold_gain":0.0,"event_name":"Drug Dealer","player_choice":"Inject Mutagens","floor":19.0,"gold_loss":0.0,"damage_taken":0.0,"relics_obtained":["MutagenicStrength"]},{"cards_removed":["ThirdEye"],"damage_healed":0.0,"max_hp_gain":0.0,"max_hp_loss":0.0,"gold_gain":0.0,"event_name":"Back to Basics","player_choice":"Elegance","floor":22.0,"gold_loss":0.0,"damage_taken":0.0},{"damage_healed":0.0,"max_hp_gain":0.0,"max_hp_loss":0.0,"gold_gain":0.0,"event_name":"The Library","player_choice":"Read","floor":24.0,"gold_loss":0.0,"damage_taken":0.0,"cards_obtained":["Ragnarok"]}],"is_beta":false,"boss_relics":[{"not_picked":["Black Star","Ectoplasm"],"picked":"Pandora\u0027s Box"},{"not_picked":["Astrolabe","Velvet Choker"],"picked":"Cursed Key"}],"items_purged_floors":[36,38],"is_endless":false,"potions_floor_spawned":[5,6,13,21,29,30,35,37,42,46,47],"ascension_level":5}}