{"host":"haq22x9zdvtvc76a","time":1608167952,"event":{"mods":["BaseMod","Minty Spire (QoL Compilation)","Robot Space Explorer","StSLib"],"gold_per_floor":[117,133,133,149,169,169,201,201,201,201,214,227,247,267,267,364,364,381,409,409,425,451,498,510,540,576,598,625,650,662,687,699,812,824,854,882,894,906,938,979,1009,1021,1033,1075,1097,14,25,43,43,43],"floor_reached":51,"playtime":3655,"items_purged":["RobotSpaceExplorer:Strike+1"],"score":789,"play_id":"2bb4fdd3-738d-4363-8607-eecc85b5d59d","local_time":"20201216201912","is_ascension_mode":false,"campfire_choices":[{"data":"RobotSpaceExplorer:ShovelStrike","floor":6,"key":"SMITH"},{"data":"RobotSpaceExplorer:Pulsar","floor":8,"key":"SMITH"},{"data":"RobotSpaceExplorer:RigExplosive","floor":15,"key":"SMITH"},{"data":"RobotSpaceExplorer:Probe","floor":24,"key":"SMITH"},{"data":"RobotSpaceExplorer:ChargingLaser","floor":30,"key":"SMITH"},{"data":"RobotSpaceExplorer:MiniBoosters","floor":32,"key":"SMITH"},{"data":"RobotSpaceExplorer:ChargingLaser","floor":42,"key":"SMITH"},{"data":"RobotSpaceExplorer:Strike+1","floor":49,"key":"PURGE"}],"circlet_count":0,"master_deck":["RobotSpaceExplorer:Strike+1","RobotSpaceExplorer:Defend+1","RobotSpaceExplorer:Defend+1","RobotSpaceExplorer:Defend+1","RobotSpaceExplorer:Defend+1","RobotSpaceExplorer:Scan","RobotSpaceExplorer:MiniLasers","RobotSpaceExplorer:ShovelStrike+1","RobotSpaceExplorer:GearShield","RobotSpaceExplorer:RigExplosive+1","RobotSpaceExplorer:GlueShot+1","RobotSpaceExplorer:Pulsar+1","RobotSpaceExplorer:Pulsar","RobotSpaceExplorer:Probe+1","RobotSpaceExplorer:ScrapToss","RobotSpaceExplorer:ChargingLaser+1","RobotSpaceExplorer:ScrapToss","RobotSpaceExplorer:ScrapMissile","RobotSpaceExplorer:FreezingShield+1","RobotSpaceExplorer:RigExplosive","RobotSpaceExplorer:LuckyStrike+1","RobotSpaceExplorer:ScrapShield","RobotSpaceExplorer:Comet","RobotSpaceExplorer:MiniBoosters+1","RobotSpaceExplorer:ChargingLaser+1","RobotSpaceExplorer:PowerGlove+1","RobotSpaceExplorer:Jetpack+1","RobotSpaceExplorer:Blaster","Mayhem+1","Flash of Steel","RobotSpaceExplorer:FranticSearch","RobotSpaceExplorer:Multitool+1"],"relics":["RobotSpaceExplorer:TurboCore","Pear","Ornamental Fan","RobotSpaceExplorer:SearchSpecs","Red Mask","MawBank","Darkstone Periapt","Dream Catcher","The Courier","Ice Cream","Shuriken","Frozen Egg 2","Gremlin Horn","Sling","Happy Flower","Potion Belt","Bird Faced Urn","Peace Pipe"],"acts_visited":["Exordium","TheCity","TheBeyond"],"potions_floor_usage":[5,7,7,13,14,16,18,19,19,21,23,23,25,27,27,28,28,31,31,33,33,33,33,33,33,33,33,39,40,41,41,44,44,45,45,48,48,48,50],"damage_taken":[{"damage":0,"enemies":"2 Louse","floor":1,"turns":4},{"damage":0,"enemies":"Jaw Worm","floor":2,"turns":2},{"damage":0,"enemies":"Small Slimes","floor":4,"turns":2},{"damage":0,"enemies":"Blue Slaver","floor":5,"turns":3},{"damage":15,"enemies":"3 Sentries","floor":7,"turns":7},{"damage":0,"enemies":"Exordium Wildlife","floor":11,"turns":4},{"damage":0,"enemies":"Lots of Slimes","floor":12,"turns":3},{"damage":0,"enemies":"Red Slaver","floor":13,"turns":3},{"damage":0,"enemies":"Exordium Thugs","floor":14,"turns":5},{"damage":20,"enemies":"The Guardian","floor":16,"turns":13},{"damage":0,"enemies":"Spheric Guardian","floor":18,"turns":3},{"damage":0,"enemies":"Masked Bandits","floor":19,"turns":5},{"damage":0,"enemies":"3 Byrds","floor":21,"turns":4},{"damage":0,"enemies":"Slavers","floor":23,"turns":5},{"damage":2,"enemies":"Sentry and Sphere","floor":25,"turns":6},{"damage":0,"enemies":"3 Cultists","floor":27,"turns":5},{"damage":0,"enemies":"Centurion and Healer","floor":28,"turns":5},{"damage":0,"enemies":"Snecko","floor":29,"turns":5},{"damage":1,"enemies":"3 Cultists","floor":31,"turns":4},{"damage":41,"enemies":"Champ","floor":33,"turns":9},{"damage":0,"enemies":"3 Darklings","floor":35,"turns":4},{"damage":0,"enemies":"3 Shapes","floor":36,"turns":3},{"damage":0,"enemies":"Spire Growth","floor":39,"turns":3},{"damage":0,"enemies":"Reptomancer","floor":40,"turns":4},{"damage":0,"enemies":"Transient","floor":41,"turns":5},{"damage":31,"enemies":"Nemesis","floor":44,"turns":5},{"damage":0,"enemies":"3 Darklings","floor":45,"turns":3},{"damage":0,"enemies":"Spire Growth","floor":47,"turns":3},{"damage":0,"enemies":"Sphere and 2 Shapes","floor":48,"turns":4},{"damage":51,"enemies":"Time Eater","floor":50,"turns":9}],"seed_played":"-6128569253342329404","potions_obtained":[{"floor":2,"key":"RobotSpaceExplorer:RecyclePotion"},{"floor":13,"key":"Fruit Juice"},{"floor":14,"key":"GamblersBrew"},{"floor":16,"key":"Strength Potion"},{"floor":19,"key":"SpeedPotion"},{"floor":25,"key":"EntropicBrew"},{"floor":33,"key":"Strength Potion"},{"floor":36,"key":"PowerPotion"},{"floor":47,"key":"Swift Potion"},{"floor":48,"key":"FearPotion"}],"is_trial":false,"path_per_floor":["M","M","?","M","M","R","E","R","T","?","M","M","M","M","R","B",null,"M","?","?","M","T","E","R","M","T","M","M","M","R","M","R","B",null,"M","M","T","T","M","E","M","R","T","E","M","$","M","M","R","B",null],"character_chosen":"RobotSpaceExplorer","items_purchased":["Mayhem+1","Flash of Steel","Sling","Happy Flower","Potion Belt","Bird Faced Urn","Peace Pipe"],"campfire_rested":0,"item_purchase_floors":[46,46,46,46,46,46,46],"current_hp_per_floor":[82,82,82,82,82,82,77,77,77,59,59,59,64,64,64,44,97,97,97,97,97,97,97,97,95,95,95,95,95,95,94,94,53,97,97,97,97,97,97,97,97,97,97,66,66,66,68,72,72,29],"gold":43,"neow_bonus":"TEN_PERCENT_HP_BONUS","is_daily":false,"chose_seed":false,"campfire_upgraded":7,"win_rate":0.0,"timestamp":1608167952,"path_taken":["M","M","?","M","M","R","E","R","T","?","M","M","M","M","R","BOSS","M","?","?","M","?","E","R","M","T","?","M","?","R","M","R","BOSS","M","M","?","?","M","E","M","R","T","E","M","$","?","M","R","BOSS"],"items_purchased_type":["Card","Card","Relic","Relic","Relic","Relic","Relic"],"build_version":"2020-12-13","purchased_purges":1,"victory":true,"max_hp_per_floor":[82,82,82,82,82,82,92,92,92,92,92,92,97,97,97,97,97,97,97,97,97,97,97,97,97,97,97,97,97,97,97,97,97,97,97,97,97,97,97,97,97,97,97,97,97,97,97,97,97,97],"card_choices":[{"not_picked":["RobotSpaceExplorer:SlimeMissile","RobotSpaceExplorer:Counterblock"],"picked":"RobotSpaceExplorer:ShovelStrike","floor":1},{"not_picked":["RobotSpaceExplorer:Ammunition","RobotSpaceExplorer:SlimeMissile","RobotSpaceExplorer:ImprovisedAttack"],"picked":"SKIP","floor":2},{"not_picked":["RobotSpaceExplorer:FrostMissile","RobotSpaceExplorer:SlimeMissile"],"picked":"RobotSpaceExplorer:RigExplosive","floor":4},{"not_picked":["RobotSpaceExplorer:Counterblock","RobotSpaceExplorer:ImprovisedAttack"],"picked":"RobotSpaceExplorer:GlueShot","floor":5},{"not_picked":["RobotSpaceExplorer:Counterblock","RobotSpaceExplorer:ScrapMissile"],"picked":"RobotSpaceExplorer:Pulsar","floor":7},{"not_picked":["RobotSpaceExplorer:Scanner","RobotSpaceExplorer:LaserBurst"],"picked":"RobotSpaceExplorer:Pulsar","floor":11},{"not_picked":["RobotSpaceExplorer:FranticSearch","RobotSpaceExplorer:StunGrenade"],"picked":"RobotSpaceExplorer:Probe","floor":12},{"not_picked":["RobotSpaceExplorer:MetalStrike","RobotSpaceExplorer:StunGrenade"],"picked":"RobotSpaceExplorer:ScrapToss","floor":13},{"not_picked":["RobotSpaceExplorer:Calculate","RobotSpaceExplorer:SurgingShield","RobotSpaceExplorer:GlueShot"],"picked":"SKIP","floor":14},{"not_picked":["RobotSpaceExplorer:Explosion","RobotSpaceExplorer:Asteroid"],"picked":"RobotSpaceExplorer:ChargingLaser","floor":16},{"not_picked":["RobotSpaceExplorer:PlasmaMissile","RobotSpaceExplorer:ShockKick"],"picked":"RobotSpaceExplorer:ScrapToss","floor":18},{"not_picked":["RobotSpaceExplorer:ShockKick","RobotSpaceExplorer:SwiftStep"],"picked":"RobotSpaceExplorer:ScrapMissile","floor":19},{"not_picked":["RobotSpaceExplorer:MakeshiftVolley","RobotSpaceExplorer:SlimeMissile"],"picked":"RobotSpaceExplorer:FreezingShield+1","floor":21},{"not_picked":["RobotSpaceExplorer:TurboDodge+1","RobotSpaceExplorer:Counterblock"],"picked":"RobotSpaceExplorer:RigExplosive","floor":23},{"not_picked":["RobotSpaceExplorer:Blitz","RobotSpaceExplorer:Discharger","RobotSpaceExplorer:Pulsar"],"picked":"SKIP","floor":25},{"not_picked":["RobotSpaceExplorer:MiniDrones+1","RobotSpaceExplorer:PowerGlove"],"picked":"RobotSpaceExplorer:LuckyStrike+1","floor":27},{"not_picked":["RobotSpaceExplorer:SlimeMissile+1","RobotSpaceExplorer:FrostMissile"],"picked":"RobotSpaceExplorer:ScrapShield","floor":28},{"not_picked":["RobotSpaceExplorer:IronShell+1","RobotSpaceExplorer:RigExplosive+1"],"picked":"RobotSpaceExplorer:Comet","floor":29},{"not_picked":["RobotSpaceExplorer:SurgingShield","RobotSpaceExplorer:Pulsar"],"picked":"RobotSpaceExplorer:MiniBoosters","floor":31},{"not_picked":["RobotSpaceExplorer:Explosion","RobotSpaceExplorer:Autoloader"],"picked":"RobotSpaceExplorer:ChargingLaser","floor":33},{"not_picked":["RobotSpaceExplorer:StunGrenade+1","RobotSpaceExplorer:GlueShot+1"],"picked":"RobotSpaceExplorer:PowerGlove+1","floor":35},{"not_picked":["RobotSpaceExplorer:Pulsar","RobotSpaceExplorer:Counterblock"],"picked":"RobotSpaceExplorer:Jetpack+1","floor":36},{"not_picked":["RobotSpaceExplorer:Electroshield+1","RobotSpaceExplorer:FreezeRay+1","RobotSpaceExplorer:SlimeMissile+1"],"picked":"SKIP","floor":39},{"not_picked":["RobotSpaceExplorer:SurgingStrike+1","RobotSpaceExplorer:StunGrenade","RobotSpaceExplorer:SurgingShield+1"],"picked":"SKIP","floor":40},{"not_picked":["RobotSpaceExplorer:FrostMissile","RobotSpaceExplorer:MiniDrones","RobotSpaceExplorer:BigMissile"],"picked":"SKIP","floor":41},{"not_picked":["RobotSpaceExplorer:Counterblock+1","RobotSpaceExplorer:ScrapToss"],"picked":"RobotSpaceExplorer:Blaster","floor":44},{"not_picked":["RobotSpaceExplorer:ShovelStrike","RobotSpaceExplorer:ImprovisedAttack","RobotSpaceExplorer:MetalStrike+1"],"picked":"SKIP","floor":45},{"not_picked":["RobotSpaceExplorer:Jetpack","RobotSpaceExplorer:RigExplosive"],"picked":"RobotSpaceExplorer:FranticSearch","floor":47},{"not_picked":["RobotSpaceExplorer:DoubleFind","RobotSpaceExplorer:Counterblock"],"picked":"RobotSpaceExplorer:Multitool+1","floor":48}],"player_experience":1292746,"relics_obtained":[{"floor":7,"key":"Pear"},{"floor":9,"key":"Ornamental Fan"},{"floor":19,"key":"Red Mask"},{"floor":22,"key":"MawBank"},{"floor":23,"key":"Darkstone Periapt"},{"floor":26,"key":"Dream Catcher"},{"floor":37,"key":"The Courier"},{"floor":38,"key":"Ice Cream"},{"floor":40,"key":"Shuriken"},{"floor":43,"key":"Frozen Egg 2"},{"floor":44,"key":"Gremlin Horn"}],"event_choices":[{"damage_healed":0,"gold_gain":0,"cards_transformed":["RobotSpaceExplorer:Strike"],"player_choice":"Change","damage_taken":0,"max_hp_gain":0,"max_hp_loss":0,"event_name":"Living Wall","floor":3,"gold_loss":0,"cards_obtained":["RobotSpaceExplorer:GearShield"]},{"damage_healed":0,"gold_gain":0,"player_choice":"Entered Light","damage_taken":18,"max_hp_gain":0,"max_hp_loss":0,"event_name":"Shining Light","floor":10,"gold_loss":0,"cards_upgraded":["RobotSpaceExplorer:Defend","RobotSpaceExplorer:GlueShot"]},{"damage_healed":0,"gold_gain":0,"player_choice":"Fought Bandits","damage_taken":0,"max_hp_gain":0,"max_hp_loss":0,"event_name":"Masked Bandits","floor":19,"gold_loss":0},{"damage_healed":0,"gold_gain":0,"player_choice":"Simplicity","damage_taken":0,"max_hp_gain":0,"max_hp_loss":0,"event_name":"Back to Basics","floor":20,"gold_loss":0,"cards_upgraded":["RobotSpaceExplorer:Strike","RobotSpaceExplorer:Strike","RobotSpaceExplorer:Strike","RobotSpaceExplorer:Defend","RobotSpaceExplorer:Defend","RobotSpaceExplorer:Defend"]}],"is_beta":false,"boss_relics":[{"not_picked":["Black Star","Pandora\u0027s Box"],"picked":"RobotSpaceExplorer:SearchSpecs"},{"not_picked":["Sozu","SlaversCollar"],"picked":"RobotSpaceExplorer:TurboCore"}],"items_purged_floors":[46],"is_endless":false,"potions_floor_spawned":[2,13,14,16,19,25,29,33,36,41,44,47,48],"ascension_level":0}}