{"host":"xr9kfrtt7uxz0mdc","time":1608243300,"event":{"mods":["AchievementEnabler","BaseMod","Highlight Path","Minty Spire (QoL Compilation)"],"gold_per_floor":[113,171,171,187,206,206,237,237,237,266,236,271,284,246,246,246,246],"floor_reached":16,"playtime":896,"items_purged":[],"score":118,"play_id":"b8778a3f-5c18-4efd-913d-b78ba767cee9","local_time":"20201217231500","is_ascension_mode":false,"campfire_choices":[{"floor":6,"key":"RECALL"},{"data":"Eruption","floor":8,"key":"SMITH"},{"floor":15,"key":"REST"}],"circlet_count":0,"master_deck":["Strike_P","Strike_P","Strike_P","Strike_P","Defend_P","Defend_P","Defend_P","Defend_P","Eruption+1","Vigilance","Brilliance","BowlingBash","CrushJoints","Halt","LikeWater","Establishment","Worship","BattleHymn+1"],"relics":["PureWater","Eternal Feather","Dead Branch","Frozen Egg 2"],"acts_visited":["Exordium"],"potions_floor_usage":[12,12,12,13],"damage_taken":[{"damage":0,"enemies":"Small Slimes","floor":1,"turns":3},{"damage":6,"enemies":"Jaw Worm","floor":4,"turns":2},{"damage":0,"enemies":"Cultist","floor":5,"turns":2},{"damage":28,"enemies":"Gremlin Nob","floor":7,"turns":5},{"damage":2,"enemies":"3 Sentries","floor":10,"turns":6},{"damage":34,"enemies":"Lagavulin","floor":12,"turns":11},{"damage":7,"enemies":"Looter","floor":13,"turns":3},{"damage":36,"enemies":"Hexaghost","floor":16,"turns":4}],"seed_played":"-343994555822364390","potions_obtained":[{"floor":7,"key":"FearPotion"},{"floor":11,"key":"Block Potion"},{"floor":11,"key":"EntropicBrew"}],"is_trial":false,"path_per_floor":["M","?","?","M","M","R","E","R","T","E","?","E","M","?","R","B"],"character_chosen":"WATCHER","items_purchased":[],"campfire_rested":1,"item_purchase_floors":[],"current_hp_per_floor":[72,72,72,66,66,66,38,47,47,45,45,11,4,4,34,0,0],"gold":246,"neow_bonus":"ONE_RANDOM_RARE_CARD","is_daily":false,"chose_seed":false,"campfire_upgraded":1,"win_rate":0.0,"timestamp":1608243300,"path_taken":["M","?","?","M","M","R","E","R","T","E","?","E","?","?","R","BOSS"],"items_purchased_type":[],"build_version":"2020-12-13","purchased_purges":0,"victory":false,"max_hp_per_floor":[72,72,72,72,72,72,72,72,72,72,72,72,72,72,72,72,72],"card_choices":[{"not_picked":["EmptyBody","FlyingSleeves"],"picked":"BowlingBash","floor":1},{"not_picked":["FlurryOfBlows","ConjureBlade"],"picked":"CrushJoints","floor":4},{"not_picked":["FollowUp","WheelKick"],"picked":"Halt","floor":5},{"not_picked":["WreathOfFlame","Crescendo"],"picked":"LikeWater","floor":7},{"not_picked":["Swivel","PathToVictory"],"picked":"Establishment","floor":10},{"not_picked":["CutThroughFate","InnerPeace"],"picked":"Worship","floor":12},{"not_picked":["CutThroughFate","Fasting2+1"],"picked":"BattleHymn+1","floor":13}],"player_experience":82342,"relics_obtained":[{"floor":7,"key":"Eternal Feather"},{"floor":10,"key":"Dead Branch"},{"floor":12,"key":"Frozen Egg 2"}],"event_choices":[{"damage_healed":0,"gold_gain":58,"player_choice":"Gained Gold","damage_taken":0,"max_hp_gain":0,"max_hp_loss":0,"event_name":"Golden Wing","floor":2,"gold_loss":0},{"damage_healed":0,"gold_gain":0,"player_choice":"Ignored","damage_taken":0,"max_hp_gain":0,"max_hp_loss":0,"event_name":"Golden Idol","floor":3,"gold_loss":0},{"damage_healed":0,"gold_gain":0,"player_choice":"Bought 2 Potions","damage_taken":0,"max_hp_gain":0,"max_hp_loss":0,"event_name":"The Woman in Blue","floor":11,"gold_loss":0},{"damage_healed":0,"gold_gain":0,"player_choice":"Left Gold","damage_taken":0,"max_hp_gain":0,"max_hp_loss":0,"event_name":"World of Goop","floor":14,"gold_loss":38}],"is_beta":false,"boss_relics":[],"items_purged_floors":[],"is_endless":false,"potions_floor_spawned":[7,12],"killed_by":"Hexaghost","ascension_level":0}}