{"host":"sav7uxregyirlf69","time":1608204851,"event":{"mods":["AchievementEnabler","BaseMod","Colored Map","DeckTracker","Keyboard Shortcuts","Minty Spire (QoL Compilation)","READ ME - Guardian Mod","StSLib","SuperFastMode"],"gold_per_floor":[112,112,112,37,61,61,76,76,76,91,49,124,167,190,190,293,293,313,336,214,214,214],"floor_reached":21,"playtime":379,"items_purged":["Strike_G"],"score":354,"play_id":"769a7bd3-009b-48b0-847f-a8c1596683cf","local_time":"20201217203411","is_ascension_mode":true,"campfire_choices":[{"data":"Dagger Spray","floor":6.0,"key":"SMITH"},{"data":"Poisoned Stab","floor":8,"key":"SMITH"},{"floor":15,"key":"REST"}],"circlet_count":0,"master_deck":["AscendersBane","Strike_G","Strike_G","Defend_G+1","Defend_G","Defend_G","Defend_G+1","Survivor","Neutralize","Terror+1","Predator","Reflex","Dagger Spray+1","Poisoned Stab+1","Noxious Fumes","Escape Plan","Venomology","Footwork","Acrobatics"],"relics":["Ring of the Snake","Golden Idol","War Paint","Juzu Bracelet","CeramicFish","HoveringKite"],"acts_visited":["Exordium","TheCity"],"potions_floor_usage":[13,18,19,19,19,19,21,21],"damage_taken":[{"damage":7.0,"enemies":"Small Slimes","floor":1.0,"turns":4.0},{"damage":3.0,"enemies":"2 Louse","floor":5.0,"turns":3.0},{"damage":6,"enemies":"Cultist","floor":7,"turns":3},{"damage":0,"enemies":"Blue Slaver","floor":10,"turns":4},{"damage":31,"enemies":"Gremlin Nob","floor":13,"turns":4},{"damage":3,"enemies":"The Guardian","floor":16,"turns":9},{"damage":23,"enemies":"Shell Parasite","floor":18,"turns":3},{"damage":16,"enemies":"2 Thieves","floor":19,"turns":4},{"damage":19,"enemies":"Cultist and Chosen","floor":21,"turns":3}],"seed_played":"-6228621339819973951","potions_obtained":[{"floor":1.0,"key":"Regen Potion"},{"floor":5.0,"key":"SpeedPotion"},{"floor":16,"key":"SteroidPotion"},{"floor":19,"key":"AttackPotion"}],"is_trial":false,"path_per_floor":["M","?","?","?","M","R","M","R","T","M","$","?","E","T","R","B",null,"M","M","$","M"],"character_chosen":"THE_SILENT","items_purchased":["Noxious Fumes","Acrobatics"],"campfire_rested":1,"item_purchase_floors":[11,20],"current_hp_per_floor":[52,52,52,52,49,49,43,43,43,43,43,32,13,13,29,26,47,24,8,8,0,0],"gold":214,"neow_bonus":"TRANSFORM_TWO_CARDS","is_daily":false,"chose_seed":false,"campfire_upgraded":2,"win_rate":0.0,"timestamp":1608204851,"path_taken":["M","?","?","?","M","R","M","R","T","M","$","?","E","?","R","BOSS","M","M","$","M"],"items_purchased_type":["Card","Card"],"build_version":"2020-12-13","purchased_purges":1,"victory":false,"max_hp_per_floor":[60,54,54,54,54,54,54,54,54,54,54,54,54,54,54,54,54,54,54,54,54,54],"card_choices":[{"not_picked":["Dagger Throw","PiercingWail"],"picked":"Reflex","floor":1.0},{"not_picked":["Prepared","Masterful Stab"],"picked":"Dagger Spray","floor":5.0},{"not_picked":["Predator","Dagger Spray"],"picked":"Poisoned Stab","floor":7},{"not_picked":["Poisoned Stab","Deflect","Finisher"],"picked":"SKIP","floor":10},{"not_picked":["All Out Attack","Poisoned Stab"],"picked":"Escape Plan","floor":13},{"not_picked":["Die Die Die","A Thousand Cuts"],"picked":"Venomology","floor":16},{"not_picked":["Sucker Punch","Leg Sweep","All Out Attack"],"picked":"SKIP","floor":18},{"not_picked":["Cloak And Dagger","Quick Slash"],"picked":"Footwork","floor":19}],"player_experience":941312,"relics_obtained":[{"floor":9,"key":"War Paint"},{"floor":13,"key":"Juzu Bracelet"},{"floor":14,"key":"CeramicFish"}],"event_choices":[{"damage_healed":0.0,"max_hp_gain":0.0,"max_hp_loss":6.0,"gold_gain":0.0,"event_name":"Golden Idol","player_choice":"Lose Max HP","floor":2.0,"gold_loss":0.0,"damage_taken":0.0,"relics_obtained":["Golden Idol"]},{"damage_healed":0.0,"max_hp_gain":0.0,"max_hp_loss":0.0,"gold_gain":0.0,"event_name":"Living Wall","player_choice":"Grow","floor":3.0,"gold_loss":0.0,"damage_taken":0.0,"cards_upgraded":["Terror"]},{"cards_removed":["Strike_G"],"damage_healed":0.0,"max_hp_gain":0.0,"max_hp_loss":0.0,"gold_gain":0.0,"event_name":"The Cleric","player_choice":"Card Removal","floor":4.0,"gold_loss":75.0,"damage_taken":0.0},{"damage_healed":0,"gold_gain":75,"player_choice":"Gather Gold","damage_taken":11,"max_hp_gain":0,"max_hp_loss":0,"event_name":"World of Goop","floor":12,"gold_loss":0}],"is_beta":false,"boss_relics":[{"not_picked":["Runic Dome","Tiny House"],"picked":"HoveringKite"}],"items_purged_floors":[20],"is_endless":false,"potions_floor_spawned":[1,5,16,19],"killed_by":"Cultist and Chosen","ascension_level":20}}