{"host":"lhth1efayex2023z","time":1608243888,"event":{"mods":["BaseMod","Colored Map","Googly Eyes","Minty Spire (QoL Compilation)","StSLib"],"gold_per_floor":[119,119,9,26,39,71,91,122,176,211,211,222,222,74,74,179,179],"floor_reached":16,"playtime":538,"items_purged":["Strike_B"],"score":272,"play_id":"033d7a45-8641-4e3b-a642-3077dfd7e841","local_time":"20201217152448","is_ascension_mode":true,"campfire_choices":[{"floor":11,"key":"REST"},{"floor":15,"key":"REST"}],"circlet_count":0,"master_deck":["AscendersBane","Strike_B","Strike_B","Defend_B","Defend_B","Defend_B","Defend_B","Zap+1","Dualcast","Blizzard","Doom and Gloom","Melter","Streamline","Streamline+1","Coolheaded","Conserve Battery","Cold Snap","Multi-Cast","Gash"],"relics":["Cracked Core","NeowsBlessing","Orichalcum","Cables","Happy Flower","Dream Catcher","Lantern"],"acts_visited":["Exordium"],"potions_floor_usage":[10],"damage_taken":[{"damage":0,"enemies":"Cultist","floor":1,"turns":1},{"damage":0,"enemies":"Small Slimes","floor":4,"turns":1},{"damage":0,"enemies":"Jaw Worm","floor":5,"turns":1},{"damage":25,"enemies":"3 Sentries","floor":6,"turns":6},{"damage":11,"enemies":"Blue Slaver","floor":7,"turns":4},{"damage":22,"enemies":"Lagavulin","floor":8,"turns":6},{"damage":5,"enemies":"3 Sentries","floor":10,"turns":5},{"damage":0,"enemies":"Exordium Wildlife","floor":12,"turns":3},{"damage":28,"enemies":"Slime Boss","floor":16,"turns":7}],"seed_played":"5844624856956572832","potions_obtained":[{"floor":1,"key":"SpeedPotion"},{"floor":5,"key":"SneckoOil"},{"floor":7,"key":"Weak Potion"}],"is_trial":false,"path_per_floor":["M","?","$","M","M","E","M","E","T","E","R","M","?","$","R","B"],"character_chosen":"DEFECT","items_purchased":["Doom and Gloom","Lantern"],"campfire_rested":2,"item_purchase_floors":[3,14],"current_hp_per_floor":[68,68,68,68,68,43,32,10,10,5,27,27,12,12,34,6,6],"gold":179,"neow_bonus":"THREE_ENEMY_KILL","is_daily":false,"chose_seed":false,"campfire_upgraded":0,"win_rate":0.0,"timestamp":1608243888,"path_taken":["M","?","$","M","?","E","M","E","T","E","R","M","?","?","R","BOSS"],"items_purchased_type":["Card","Relic"],"build_version":"2020-12-13","purchased_purges":1,"victory":false,"max_hp_per_floor":[75,75,75,75,75,75,75,75,75,75,75,75,75,75,75,75,75],"card_choices":[{"not_picked":["Force Field","Beam Cell"],"picked":"Blizzard","floor":1},{"not_picked":["Go for the Eyes","Compile Driver"],"picked":"Melter","floor":4},{"not_picked":["Turbo","Scrape"],"picked":"Streamline","floor":5},{"not_picked":["Doom and Gloom","Leap"],"picked":"Streamline","floor":6},{"not_picked":["Doom and Gloom","Rebound"],"picked":"Coolheaded","floor":7},{"not_picked":["Ball Lightning","Sweeping Beam"],"picked":"Conserve Battery","floor":8},{"not_picked":["Rip and Tear","Tempest"],"picked":"Cold Snap","floor":10},{"not_picked":["Auto Shields","Steam Power"],"picked":"Multi-Cast","floor":11},{"not_picked":["Hologram","Sweeping Beam"],"picked":"Gash","floor":12}],"player_experience":359701,"relics_obtained":[{"floor":6,"key":"Orichalcum"},{"floor":8,"key":"Cables"},{"floor":9,"key":"Happy Flower"},{"floor":10,"key":"Dream Catcher"}],"event_choices":[{"cards_removed":["Strike_B"],"damage_healed":0,"gold_gain":0,"player_choice":"Offered Basic","damage_taken":0,"max_hp_gain":0,"max_hp_loss":0,"event_name":"Bonfire Elementals","floor":2,"gold_loss":0},{"damage_healed":0,"gold_gain":0,"player_choice":"Entered Light","damage_taken":15,"max_hp_gain":0,"max_hp_loss":0,"event_name":"Shining Light","floor":13,"gold_loss":0,"cards_upgraded":["Zap","Streamline"]}],"is_beta":false,"boss_relics":[],"items_purged_floors":[3],"is_endless":false,"potions_floor_spawned":[1,5,7],"killed_by":"Slime Boss","ascension_level":12}}