{"host":"a7kkotolxcg5vljr","time":1608169140,"event":{"mods":["2.2 Compatiblity","AchievementEnabler","Act Like it!","BaseMod","Better Altar","Better Skull","Better Third Choice","Colored Map","Colored Powertips","Downfall","Hermit","Highlight Path","Marisa????????","Minty Spire (QoL Compilation)","Quick Restart","Rare Cards Sparkle","Replay The Spire","Spicy Shops","StSLib","The Cursed","The Disciple","The Servant 0.9.4"],"gold_per_floor":[116,116,134,147,147,173,189,215,262,287,317,317,317,334,334,433,433,449,463,517,537,557,18,33,33,56,56,81,91,108,120,120,120,120],"floor_reached":33,"playtime":1330,"items_purged":["Pain"],"score":341,"play_id":"5f74204a-4b90-498f-abb0-0456187834b8","local_time":"20201216203900","is_ascension_mode":false,"campfire_choices":[{"floor":12,"key":"REST"},{"floor":15,"key":"REST"},{"floor":27,"key":"RECALL"},{"floor":32,"key":"REST"}],"circlet_count":0,"master_deck":["Strike_G","Strike_G","Strike_G","Strike_G","Strike_G","Defend_G","Defend_G","Defend_G","Defend_G","Defend_G","Survivor","Neutralize","All Out Attack","Dagger Throw","Cloak And Dagger","Blur","Escape Plan","Sucker Punch+1","Underhanded Strike+1","Dagger Spray+1","Slice+1","ReplayTheSpireMod:From All Sides+1","Poisoned Stab+1","Flying Knee+1","Cloak And Dagger+1","Prepared","Noxious Fumes","Riddle With Holes+1","ReplayTheSpireMod:Speed Training","ReplayTheSpireMod:Shiv Toss+1","Underhanded Strike+1","Prepared+1","Replay:Bag of Tricks"],"relics":["Ring of the Snake","NeowsBlessing","FaceOfCleric","Nunchaku","Molten Egg 2","Odd Mushroom","Happy Flower","Pear","Philosopher\u0027s Stone","Toy Ornithopter","Strawberry","Frozen Eye","Anchor","BranchBurnRelic"],"acts_visited":["Exordium","TheCity"],"potions_floor_usage":[8,11,16,16,30,33,33],"damage_taken":[{"damage":0,"enemies":"Jaw Worm","floor":1,"turns":1},{"damage":0,"enemies":"Cultist","floor":3,"turns":1},{"damage":0,"enemies":"2 Louse","floor":4,"turns":1},{"damage":25,"enemies":"Gremlin Nob","floor":6,"turns":5},{"damage":3,"enemies":"Exordium Thugs","floor":7,"turns":5},{"damage":27,"enemies":"3 Sentries","floor":8,"turns":17},{"damage":5,"enemies":"The Mushroom Lair","floor":10,"turns":3},{"damage":10,"enemies":"Gremlin Nob","floor":11,"turns":4},{"damage":1,"enemies":"Looter","floor":14,"turns":3},{"damage":41,"enemies":"The Guardian","floor":16,"turns":13},{"damage":9,"enemies":"2 Thieves","floor":18,"turns":3},{"damage":2,"enemies":"3 Byrds","floor":19,"turns":4},{"damage":23,"enemies":"Snake Plant","floor":21,"turns":5},{"damage":13,"enemies":"Shelled Parasite and Fungi","floor":22,"turns":4},{"damage":0,"enemies":"Centurion and Healer","floor":24,"turns":4},{"damage":21,"enemies":"Slavers","floor":28,"turns":4},{"damage":6,"enemies":"Snecko","floor":29,"turns":3},{"damage":13,"enemies":"Snake Plant","floor":30,"turns":3},{"damage":0,"enemies":"Chosen and Byrds","floor":31,"turns":4},{"damage":80,"enemies":"Pondfish","floor":33,"turns":8}],"seed_played":"2707568918377719395","potions_obtained":[{"floor":6,"key":"LifebloodPotion"},{"floor":8,"key":"LiquidBronze"},{"floor":11,"key":"AttackPotion"},{"floor":14,"key":"Strength Potion"},{"floor":21,"key":"SpeedPotion"},{"floor":28,"key":"SkillPotion"},{"floor":29,"key":"hexamod:EctoCoolerPotion"}],"is_trial":false,"path_per_floor":["M","?","M","M","$","E","M","E","T","?","E","R","T","M","R","B",null,"M","M","T","M","M","$","M","$","T","R","E","M","M","M","R","B"],"character_chosen":"THE_SILENT","items_purchased":["Noxious Fumes","Strawberry","Riddle With Holes+1","Frozen Eye"],"campfire_rested":3,"item_purchase_floors":[23,23,23,23],"current_hp_per_floor":[70,70,71,72,72,48,46,20,20,16,7,30,40,40,66,26,89,81,80,80,58,46,53,54,54,54,54,34,29,22,23,54,0,0],"gold":120,"neow_bonus":"THREE_ENEMY_KILL","is_daily":false,"chose_seed":false,"campfire_upgraded":0,"win_rate":0.0,"timestamp":1608169140,"path_taken":["M","?","?","M","?","E","M","E","T","?","E","R","?","M","R","BOSS","M","?","?","?","M","?","M","$","T","R","E","M","M","M","R","BOSS"],"items_purchased_type":["Card","Relic","Card","Relic"],"build_version":"2020-12-13","purchased_purges":1,"victory":false,"max_hp_per_floor":[70,70,71,72,72,73,74,75,75,76,77,77,87,88,88,89,89,90,91,91,92,93,100,101,101,101,101,102,103,104,105,105,105,105],"card_choices":[{"not_picked":["PiercingWail","Quick Slash"],"picked":"All Out Attack","floor":1},{"not_picked":["Deflect","Backflip"],"picked":"Dagger Throw","floor":3},{"not_picked":["Bane","Catalyst"],"picked":"Cloak And Dagger","floor":4},{"not_picked":["Bane","Hidden Blade"],"picked":"Blur","floor":6},{"not_picked":["Predator","Dodge and Roll"],"picked":"Escape Plan","floor":7},{"not_picked":["Well Laid Plans","Escape Plan"],"picked":"Sucker Punch+1","floor":8},{"not_picked":["Blade Dance","Flying Knee+1"],"picked":"Underhanded Strike+1","floor":10},{"not_picked":["Well Laid Plans","Unload+1"],"picked":"Dagger Spray+1","floor":11},{"not_picked":["Dagger Spray+1","ReplayTheSpireMod:Exploit Weakness"],"picked":"Slice+1","floor":14},{"not_picked":["Poison Darts","Malaise"],"picked":"ReplayTheSpireMod:From All Sides+1","floor":16},{"not_picked":["Hidden Blade+1","Dodge and Roll"],"picked":"Poisoned Stab+1","floor":18},{"not_picked":["ReplayTheSpireMod:Shiv Toss","Sneak Up"],"picked":"Flying Knee+1","floor":19},{"not_picked":["ReplayTheSpireMod:Shiv Toss","Setup"],"picked":"Cloak And Dagger+1","floor":21},{"not_picked":["Draining Mist","ReplayTheSpireMod:Tripwire"],"picked":"Prepared","floor":22},{"not_picked":["Deadly Poison","Sucker Punch+1"],"picked":"ReplayTheSpireMod:Speed Training","floor":24},{"not_picked":["Footwork","Sucker Punch+1"],"picked":"ReplayTheSpireMod:Shiv Toss+1","floor":28},{"not_picked":["Blur","Backflip"],"picked":"Underhanded Strike+1","floor":29},{"not_picked":["Endless Agony+1","Dagger Spray+1"],"picked":"Prepared+1","floor":30},{"not_picked":["Hidden Blade","Acrobatics+1"],"picked":"Replay:Bag of Tricks","floor":31}],"player_experience":338404,"relics_obtained":[{"floor":6,"key":"Nunchaku"},{"floor":8,"key":"Molten Egg 2"},{"floor":10,"key":"Odd Mushroom"},{"floor":11,"key":"Happy Flower"},{"floor":13,"key":"Pear"},{"floor":20,"key":"Toy Ornithopter"},{"floor":26,"key":"Anchor"},{"floor":28,"key":"Dead Branch"}],"event_choices":[{"damage_healed":0,"gold_gain":0,"player_choice":"Trade","damage_taken":0,"relics_obtained":["FaceOfCleric"],"max_hp_gain":0,"max_hp_loss":0,"event_name":"FaceTrader","floor":2,"gold_loss":0},{"damage_healed":0,"gold_gain":0,"player_choice":"Fought Mushrooms","damage_taken":0,"max_hp_gain":0,"max_hp_loss":0,"event_name":"Mushrooms","floor":10,"gold_loss":0}],"is_beta":false,"boss_relics":[{"not_picked":["Busted Crown","Snecko Eye"],"picked":"Philosopher\u0027s Stone"}],"items_purged_floors":[23],"is_endless":false,"potions_floor_spawned":[6,8,11,14,21,28,29],"killed_by":"Pondfish","ascension_level":0}}