{"host":"s41rn2jhghpwfrvz","time":1608177934,"event":{"mods":["BaseMod","Minty Spire (QoL Compilation)","Quick Restart","Relic Stats","SuperFastMode"],"gold_per_floor":[116,134,149,161,161,192,192,219,219,230,258,258,291,291,291,363,363,383,414,174,185,110,135,135,169,169,183,212,6,6,41,41,118,168,186,118,118,128,128,154,154,184,184,196,227,227,256,281,281,281,281,281,281,111,146,146],"floor_reached":57,"playtime":2248,"items_purged":["Gash","Tempest"],"score":3944,"play_id":"c9476523-4310-42a9-83e6-3e02ac2a3470","local_time":"20201217060534","daily_mods":["SealedDeck","Diverse","Elite Swarm"],"is_ascension_mode":true,"campfire_choices":[{"data":"Tactician","floor":7.0,"key":"SMITH"},{"data":"Acrobatics","floor":12,"key":"SMITH"},{"data":"Barricade","floor":15,"key":"SMITH"},{"data":"Grand Finale","floor":24,"key":"SMITH"},{"data":"Coolheaded","floor":32,"key":"PURGE"},{"floor":41,"key":"RECALL"},{"data":"Prostrate","floor":46,"key":"SMITH"},{"data":"Shrug It Off","floor":49,"key":"SMITH"},{"data":"PiercingWail","floor":53,"key":"PURGE"}],"circlet_count":0,"master_deck":["AscendersBane","Footwork","Prepared+1","Acrobatics+1","Shrug It Off+1","Prostrate+1","Tactician+1","Barricade+1","Grand Finale+1","Genetic Algorithm","Footwork+1"],"relics":["Burning Blood","Akabeko","MealTicket","Blue Candle","Ginger","TungstenRod","Black Star","Red Mask","Medical Kit","Tiny Chest","Ice Cream","Peace Pipe","Champion Belt","Molten Egg 2","Nunchaku","MawBank","Membership Card","Thread and Needle","Frozen Egg 2","Tiny House","Darkstone Periapt","Meat on the Bone","Gambling Chip","Charon\u0027s Ashes","Prayer Wheel","Du-Vu Doll","Girya","Magic Flower","Incense Burner","Kunai","FossilizedHelix","Lizard Tail","Bag of Marbles","Lee\u0027s Waffle","Turnip","Calipers"],"acts_visited":["Exordium","TheCity","TheBeyond","TheEnding"],"potions_floor_usage":[16,56,56],"damage_taken":[{"damage":0.0,"enemies":"Cultist","floor":1.0,"turns":4.0},{"damage":0.0,"enemies":"Jaw Worm","floor":2.0,"turns":5.0},{"damage":4.0,"enemies":"Small Slimes","floor":3.0,"turns":4.0},{"damage":0.0,"enemies":"Looter","floor":4.0,"turns":4.0},{"damage":0.0,"enemies":"Lagavulin","floor":6.0,"turns":5.0},{"damage":35.0,"enemies":"Gremlin Nob","floor":8.0,"turns":4.0},{"damage":0.0,"enemies":"2 Fungi Beasts","floor":10.0,"turns":5.0},{"damage":17,"enemies":"3 Sentries","floor":11,"turns":10},{"damage":9,"enemies":"Gremlin Nob","floor":13,"turns":3},{"damage":0,"enemies":"Slime Boss","floor":16,"turns":7},{"damage":1,"enemies":"2 Thieves","floor":18,"turns":2},{"damage":19,"enemies":"Masked Bandits","floor":19,"turns":3},{"damage":0,"enemies":"Spheric Guardian","floor":21,"turns":3},{"damage":0,"enemies":"Slavers","floor":23,"turns":2},{"damage":0,"enemies":"Gremlin Leader","floor":25,"turns":2},{"damage":0,"enemies":"Snake Plant","floor":27,"turns":3},{"damage":0,"enemies":"Book of Stabbing","floor":28,"turns":3},{"damage":0,"enemies":"Slavers","floor":31,"turns":1},{"damage":0,"enemies":"Automaton","floor":33,"turns":3},{"damage":0,"enemies":"Orb Walker","floor":35,"turns":2},{"damage":0,"enemies":"3 Shapes","floor":38,"turns":2},{"damage":0,"enemies":"Nemesis","floor":40,"turns":7},{"damage":0,"enemies":"Giant Head","floor":42,"turns":2},{"damage":0,"enemies":"Transient","floor":44,"turns":4},{"damage":0,"enemies":"Nemesis","floor":45,"turns":5},{"damage":0,"enemies":"Giant Head","floor":47,"turns":4},{"damage":0,"enemies":"Mind Bloom Boss Battle","floor":48,"turns":2},{"damage":0,"enemies":"Donu and Deca","floor":50,"turns":3},{"damage":0,"enemies":"Awakened One","floor":51,"turns":6},{"damage":0,"enemies":"Shield and Spear","floor":55,"turns":3},{"damage":0,"enemies":"The Heart","floor":56,"turns":7}],"seed_played":"7435434595151247408","potions_obtained":[{"floor":2.0,"key":"SteroidPotion"},{"floor":6.0,"key":"DuplicationPotion"},{"floor":13,"key":"HeartOfIron"},{"floor":23,"key":"LiquidMemories"},{"floor":25,"key":"Dexterity Potion"}],"is_trial":true,"path_per_floor":["M","M","M","M","?","E","R","E","T","M","E","R","E","?","R","B",null,"M","?","$","M","?","E","R","E","T","M","E","$","?","E","R","B",null,"M","?","$","M","T","E","R","E","T","M","E","R","E","?","R","B","B",null,"R","$","E","B",null],"character_chosen":"IRONCLAD","items_purchased":["Medical Kit","Membership Card","Bag of Marbles","Lee\u0027s Waffle"],"campfire_rested":0,"item_purchase_floors":[20,29,54,54],"current_hp_per_floor":[74,75,75,75,40,46,46,17,17,23,12,12,9,3,3,9,59,64,51,66,72,72,75,75,75,75,75,75,75,75,75,75,75,80,80,80,80,80,80,80,80,80,80,80,80,80,80,80,80,80,80,80,80,87,87,87],"gold":146,"neow_bonus":"","is_daily":false,"chose_seed":false,"campfire_upgraded":6,"win_rate":0.0,"timestamp":1608177934,"path_taken":["M","M","M","M","?","E","R","E","T","M","E","R","E","?","R","BOSS","M","?","$","M","?","E","R","E","T","M","E","$","?","E","R","BOSS","M","?","$","?","?","E","R","E","T","?","E","R","E","?","R","BOSS","BOSS","R","$","E","BOSS"],"items_purchased_type":["Relic","Relic","Relic","Relic"],"build_version":"2020-12-13","purchased_purges":2,"victory":true,"max_hp_per_floor":[75,75,75,75,75,75,75,75,75,75,75,75,75,75,75,75,75,75,75,75,75,75,75,75,75,75,75,75,75,75,75,75,75,80,80,80,80,80,80,80,80,80,80,80,80,80,80,80,80,80,80,80,80,87,87,87],"relic_stats":{"Darkstone Periapt":0,"Lee\u0027s Waffle":7,"counters":[31,120],"Blue Candle":[0],"Magic Flower":[0],"Charon\u0027s Ashes":[140],"Ginger":[10],"Medical Kit":[21],"MawBank":12,"Burning Blood":68,"Peace Pipe":2,"Nunchaku":[5],"Lizard Tail":0,"Gambling Chip":[19],"MealTicket":15,"Tiny Chest":1,"Prayer Wheel":1,"Turnip":[2],"Black Star":9,"Champion Belt":[1],"Kunai":[1],"obtain_stats":[{"Ice Cream":23,"Darkstone Periapt":36,"Tiny House":34,"Calipers":55,"Magic Flower":45,"Incense Burner":45,"Ginger":11,"Burning Blood":0,"Nunchaku":28,"Lizard Tail":48,"Gambling Chip":40,"MealTicket":6,"Tiny Chest":23,"Prayer Wheel":42,"Red Mask":19,"Kunai":47,"Girya":43,"Lee\u0027s Waffle":54,"Blue Candle":8,"Thread and Needle":31,"Charon\u0027s Ashes":40,"Frozen Egg 2":31,"Medical Kit":20,"MawBank":28,"Akabeko":5,"Peace Pipe":25,"Du-Vu Doll":42,"Molten Egg 2":26,"Turnip":55,"Black Star":17,"Bag of Marbles":54,"Champion Belt":25,"Membership Card":29,"TungstenRod":13,"FossilizedHelix":47,"Meat on the Bone":39},{"Ice Cream":14,"Darkstone Periapt":20,"Tiny House":19,"Calipers":30,"Magic Flower":25,"Incense Burner":25,"Ginger":8,"Burning Blood":0,"Nunchaku":17,"Lizard Tail":27,"Gambling Chip":22,"MealTicket":5,"Tiny Chest":14,"Prayer Wheel":23,"Red Mask":12,"Kunai":26,"Girya":23,"Lee\u0027s Waffle":29,"Blue Candle":6,"Thread and Needle":18,"Charon\u0027s Ashes":22,"Frozen Egg 2":18,"Medical Kit":12,"MawBank":17,"Akabeko":4,"Peace Pipe":15,"Du-Vu Doll":23,"Molten Egg 2":15,"Turnip":30,"Black Star":10,"Bag of Marbles":29,"Champion Belt":15,"Membership Card":17,"TungstenRod":9,"FossilizedHelix":26,"Meat on the Bone":21},{"Ice Cream":61,"Darkstone Periapt":75,"Tiny House":73,"Calipers":113,"Magic Flower":95,"Incense Burner":95,"Ginger":41,"Burning Blood":0,"Nunchaku":69,"Lizard Tail":101,"Gambling Chip":84,"MealTicket":22,"Tiny Chest":61,"Prayer Wheel":86,"Red Mask":56,"Kunai":99,"Girya":86,"Lee\u0027s Waffle":110,"Blue Candle":26,"Thread and Needle":70,"Charon\u0027s Ashes":84,"Frozen Egg 2":70,"Medical Kit":56,"MawBank":69,"Akabeko":17,"Peace Pipe":63,"Du-Vu Doll":86,"Molten Egg 2":63,"Turnip":113,"Black Star":51,"Bag of Marbles":110,"Champion Belt":63,"Membership Card":69,"TungstenRod":44,"FossilizedHelix":99,"Meat on the Bone":77}],"TungstenRod":4,"Meat on the Bone":0},"card_choices":[{"not_picked":["Halt","FlurryOfBlows","Infinite Blades"],"picked":"SKIP","floor":1.0},{"not_picked":["Infernal Blade","Anger"],"picked":"Prostrate","floor":2.0},{"not_picked":["Clothesline","Turbo","Poisoned Stab"],"picked":"SKIP","floor":3.0},{"not_picked":["Pommel Strike","Feed"],"picked":"Tactician","floor":4.0},{"not_picked":["Storm of Steel","Biased Cognition"],"picked":"Barricade","floor":6.0},{"not_picked":["Omniscience","Fission","Bludgeon"],"picked":"SKIP","floor":8.0},{"not_picked":["Ball Lightning","Weave","Havoc"],"picked":"SKIP","floor":10.0},{"not_picked":["Envenom","Tools of the Trade"],"picked":"Grand Finale","floor":11},{"not_picked":["Devotion","Wraith Form v2","All For One"],"picked":"SKIP","floor":13},{"not_picked":["Collect","Dagger Spray+1","Reinforced Body"],"picked":"SKIP","floor":18},{"not_picked":["Blood for Blood","True Grit","Heatsinks"],"picked":"SKIP","floor":21},{"not_picked":["Glass Knife","DevaForm","Ragnarok"],"picked":"SKIP","floor":23},{"not_picked":["Meteor Strike","LessonLearned","Unload"],"picked":"SKIP","floor":25},{"not_picked":["Sweeping Beam+1","Heatsinks","Outmaneuver"],"picked":"SKIP","floor":27},{"not_picked":["Bludgeon+1","Blasphemy","Seek"],"picked":"SKIP","floor":28},{"not_picked":["Unload+1","Alpha","Buffer+1"],"picked":"SKIP","floor":31},{"not_picked":["Backstab+1","Bloodletting"],"picked":"Genetic Algorithm","floor":34},{"not_picked":["Dagger Throw+1","WreathOfFlame+1","CrushJoints+1"],"picked":"SKIP","floor":35},{"not_picked":["Evolve+1","Wild Strike+1","Riddle With Holes+1"],"picked":"SKIP","floor":38},{"not_picked":["Multi-Cast","Corpse Explosion","Venomology"],"picked":"SKIP","floor":40},{"not_picked":["Thunder Strike+1","Blasphemy","Machine Learning+1"],"picked":"SKIP","floor":42},{"not_picked":["Sentinel","BowlingBash+1","ThirdEye"],"picked":"SKIP","floor":44},{"not_picked":["FearNoEvil+1","Halt","Cloak And Dagger+1"],"picked":"SKIP","floor":44},{"not_picked":["Vault","Corpse Explosion","Reaper+1"],"picked":"SKIP","floor":45},{"not_picked":["Fiend Fire+1","Corruption+1","Juggernaut+1"],"picked":"SKIP","floor":47},{"not_picked":["Predator+1","Quick Slash+1"],"picked":"Footwork+1","floor":48},{"not_picked":["Machine Learning+1","Storm of Steel","Amplify"],"picked":"SKIP","floor":55}],"player_experience":1587901,"relics_obtained":[{"floor":6.0,"key":"MealTicket"},{"floor":8.0,"key":"Blue Candle"},{"floor":11,"key":"Ginger"},{"floor":13,"key":"TungstenRod"},{"floor":19,"key":"Red Mask"},{"floor":23,"key":"Tiny Chest"},{"floor":23,"key":"Ice Cream"},{"floor":25,"key":"Peace Pipe"},{"floor":25,"key":"Champion Belt"},{"floor":26,"key":"Molten Egg 2"},{"floor":28,"key":"Nunchaku"},{"floor":28,"key":"MawBank"},{"floor":31,"key":"Thread and Needle"},{"floor":31,"key":"Frozen Egg 2"},{"floor":39,"key":"Meat on the Bone"},{"floor":40,"key":"Gambling Chip"},{"floor":40,"key":"Charon\u0027s Ashes"},{"floor":42,"key":"Prayer Wheel"},{"floor":42,"key":"Du-Vu Doll"},{"floor":43,"key":"Girya"},{"floor":45,"key":"Magic Flower"},{"floor":45,"key":"Incense Burner"},{"floor":47,"key":"Kunai"},{"floor":47,"key":"FossilizedHelix"},{"floor":48,"key":"Lizard Tail"},{"floor":55,"key":"Turnip"},{"floor":55,"key":"Calipers"}],"event_choices":[{"damage_healed":0.0,"max_hp_gain":0.0,"max_hp_loss":0.0,"gold_gain":0.0,"event_name":"Scrap Ooze","player_choice":"Success","floor":5.0,"gold_loss":0.0,"damage_taken":35.0,"relics_obtained":["Akabeko"]},{"cards_removed":["Deflect"],"damage_healed":0,"gold_gain":0,"player_choice":"Card Removal","damage_taken":7,"max_hp_gain":0,"max_hp_loss":0,"event_name":"Golden Wing","floor":14,"gold_loss":0},{"damage_healed":0,"gold_gain":0,"player_choice":"Fought Bandits","damage_taken":0,"max_hp_gain":0,"max_hp_loss":0,"event_name":"Masked Bandits","floor":19,"gold_loss":0},{"cards_removed":["Noxious Fumes"],"damage_healed":0,"gold_gain":0,"player_choice":"Gave Gold","damage_taken":0,"max_hp_gain":0,"max_hp_loss":0,"event_name":"Beggar","floor":22,"gold_loss":75},{"damage_healed":0,"gold_gain":0,"player_choice":"0 cards matched","damage_taken":0,"max_hp_gain":0,"max_hp_loss":0,"event_name":"Match and Keep!","floor":30,"gold_loss":0,"cards_obtained":[]},{"damage_healed":0,"gold_gain":0,"player_choice":"Paid Gold","damage_taken":0,"relics_obtained":["Darkstone Periapt"],"max_hp_gain":0,"max_hp_loss":0,"event_name":"WeMeetAgain","floor":36,"gold_loss":68},{"damage_healed":0,"gold_gain":0,"player_choice":"Fight","damage_taken":0,"max_hp_gain":0,"max_hp_loss":0,"event_name":"MindBloom","floor":48,"gold_loss":0}],"is_beta":false,"boss_relics":[{"not_picked":["Ectoplasm","Black Blood"],"picked":"Black Star"},{"not_picked":["Empty Cage","Snecko Eye"],"picked":"Tiny House"}],"items_purged_floors":[20,29],"is_endless":false,"potions_floor_spawned":[2,6,13,23,25,27,40,44,47,55],"ascension_level":20}}