{"host":"mvw7i28zi3kj0eu9","time":1608214441,"event":{"mods":["AchievementEnabler","BaseMod","Better Third Choice","BetterRewards","Block Reminder","Conspire","Custom Start","Downfall","Energized Spire","Halation","Hermit","Hubris","Infinite Spire","Jorbs\u0027s Wanderer Trilogy","Minty Spire (QoL Compilation)","Replay The Spire","Shop Mod","Small Relic Pack","Spikes Relics","StSLib","The Blue Laboratory","The Necromancer","The Servant 0.9.4","Virulent Crown"],"gold_per_floor":[118,135,151,169,49,49,79,79,105,105,138,155,155,169,169,265,265,277,303,303,58,76,76,94,94,94,94,114,114,144,163,163,268,268,285,303,303,303,313,342,359,359,382,382,157,157,157],"floor_reached":46,"playtime":957,"items_purged":["Strike_B","Strike_B"],"score":555,"play_id":"a2265c54-9d96-4833-b321-067fecd41cb6","local_time":"20201217151401","is_ascension_mode":false,"campfire_choices":[{"data":"Zap","floor":6,"key":"SMITH"},{"data":"Glacier","floor":6,"key":"SMITH"},{"data":"Glacier+1","floor":8,"key":"SMITH"},{"data":"Glacier+2","floor":8,"key":"SMITH"},{"data":"Glacier+3","floor":10,"key":"SMITH"},{"data":"Glacier+4","floor":10,"key":"SMITH"},{"data":"Barrage+1","floor":15,"key":"SMITH"},{"data":"Barrage+2","floor":15,"key":"SMITH"},{"data":"Barrage+3","floor":23,"key":"SMITH"},{"data":"Barrage+4","floor":23,"key":"SMITH"},{"data":"Barrage+5","floor":27,"key":"SMITH"},{"data":"Barrage+6","floor":27,"key":"SMITH"},{"data":"Barrage+7","floor":29,"key":"SMITH"},{"data":"Barrage+8","floor":29,"key":"SMITH"},{"data":"Barrage+9","floor":32,"key":"SMITH"},{"data":"Barrage+10","floor":32,"key":"SMITH"},{"data":"Skim","floor":44,"key":"SMITH"},{"data":"Electrodynamics","floor":44,"key":"SMITH"}],"circlet_count":0,"master_deck":["Strike_B","Strike_B+1","Defend_B+1","Defend_B+1","Defend_B+1","Defend_B+1","Zap+1","Dualcast","Glacier+5","Cold Snap+1","Barrage+11","Ball Lightning","Electrodynamics+1","Skim+1","FIFO Queue"],"relics":["Cracked Core","Runic Capacitor","hubris:SoftwareUpdate","conspire:InfiniteJournal","Replay:Arrowhead","hubris:BallOfYels","hubris:SlimyHat","halation:PromiseList","Busted Crown","Prayer Wheel","Replay:Antivirus Software","Darkstone Periapt","infinitespire:SolderingIron","Replay:Bottled Eggs","Replay:Bottled Steam","Philosopher\u0027s Stone","conspire:RunicOctahedron","relicPack:DSword","Whetstone","halation:IllGainedPizza","Replay:Rubber Ducky"],"acts_visited":["Exordium","TheCity","TheBeyond"],"potions_floor_usage":[7,30],"damage_taken":[{"damage":0,"enemies":"Small Slimes","floor":1,"turns":2},{"damage":0,"enemies":"Cultist","floor":2,"turns":2},{"damage":6,"enemies":"Jaw Worm","floor":3,"turns":2},{"damage":9,"enemies":"2 Fungi Beasts","floor":4,"turns":3},{"damage":15,"enemies":"Lagavulin","floor":7,"turns":7},{"damage":32,"enemies":"Gremlin Nob","floor":11,"turns":5},{"damage":0,"enemies":"Looter","floor":12,"turns":3},{"damage":0,"enemies":"Large Slime","floor":14,"turns":4},{"damage":0,"enemies":"Slime Boss","floor":16,"turns":7},{"damage":8,"enemies":"Shell Parasite","floor":18,"turns":4},{"damage":0,"enemies":"Chosen","floor":22,"turns":4},{"damage":0,"enemies":"3 Cultists","floor":24,"turns":4},{"damage":0,"enemies":"Snecko","floor":28,"turns":2},{"damage":5,"enemies":"Slavers","floor":30,"turns":4},{"damage":0,"enemies":"Shelled Parasite and Fungi","floor":31,"turns":3},{"damage":28,"enemies":"Automaton","floor":33,"turns":7},{"damage":2,"enemies":"3 Shapes","floor":35,"turns":3},{"damage":0,"enemies":"Orb Walker","floor":36,"turns":2},{"damage":13,"enemies":"3 Darklings","floor":39,"turns":4},{"damage":0,"enemies":"R_Hoarder","floor":40,"turns":5},{"damage":4,"enemies":"4 Shapes","floor":41,"turns":3},{"damage":0,"enemies":"Transient","floor":46,"turns":1}],"seed_played":"2622494529552476082","potions_obtained":[{"floor":2,"key":"blueLaboratory:BottledHope"},{"floor":4,"key":"ColorlessPotion"},{"floor":28,"key":"blueLaboratory:FruitPunch"},{"floor":31,"key":"blueLaboratory:EmptyBottle"},{"floor":36,"key":"Swift Potion"}],"is_trial":true,"path_per_floor":["M","M","M","M","$","R","E","R","T","R","E","M","?","M","R","B",null,"M","T","?","$","M","R","M","?","T","R","M","R","E","M","R","B",null,"M","M","AVR","?","M","E","M","?","T","R","$","M"],"character_chosen":"DEFECT","items_purchased":["Cold Snap","infinitespire:SolderingIron","Replay:Rubber Ducky","FIFO Queue"],"campfire_rested":0,"item_purchase_floors":[5,21,45,45],"current_hp_per_floor":[75,75,69,60,60,60,45,45,45,45,13,13,13,13,13,13,75,67,67,67,67,67,67,67,67,67,67,67,67,64,64,64,36,77,75,75,75,40,27,27,23,23,23,23,23,23,23],"gold":157,"neow_bonus":"","is_daily":false,"chose_seed":false,"campfire_upgraded":18,"win_rate":0.0,"timestamp":1608214441,"path_taken":["M","M","M","M","$","R","E","R","T","R","E","M","?","M","R","BOSS","M","?","?","$","M","R","M","?","T","R","M","R","E","M","R","BOSS","M","M","AVR","?","M","E","M","?","T","R","$","M"],"items_purchased_type":["Card","Relic","Relic","Card"],"build_version":"2020-12-13","purchased_purges":2,"victory":false,"max_hp_per_floor":[75,75,75,75,75,75,75,75,75,75,75,75,75,75,75,75,75,75,75,75,75,75,75,75,75,75,75,75,75,77,77,77,77,77,77,77,77,77,77,77,77,77,77,77,77,77,77],"card_choices":[{"not_picked":["Conserve Battery","Leap","Compile Driver"],"picked":"SKIP","floor":1},{"not_picked":["Sunder","conspire:Rain","ReplaySort"],"picked":"SKIP","floor":2},{"not_picked":["Sweeping Beam","RefreshScreen","Aggregate"],"picked":"SKIP","floor":3},{"not_picked":["Rip and Tear","Gash"],"picked":"Glacier","floor":4},{"not_picked":["Panic Button","Machine Learning","Streamline"],"picked":"SKIP","floor":7},{"not_picked":["Rebound","Sunder"],"picked":"Barrage","floor":11},{"not_picked":["Sweeping Beam","Skim","conspire:Rain"],"picked":"SKIP","floor":12},{"not_picked":["Panic Button","Go for the Eyes","Recycle"],"picked":"SKIP","floor":14},{"not_picked":["Thunder Strike","Core Surge"],"picked":"ReplayTheSpireMod:Fabricate Wheel","floor":16},{"not_picked":["Aggregate"],"picked":"SKIP","floor":18},{"not_picked":["BasicCrystalCard"],"picked":"SKIP","floor":18},{"not_picked":[],"picked":"Ball Lightning","floor":22},{"not_picked":["Force Field+1"],"picked":"SKIP","floor":22},{"not_picked":["Hologram+1"],"picked":"SKIP","floor":24},{"not_picked":["Conserve Battery"],"picked":"SKIP","floor":24},{"not_picked":["ReplayTheSpireMod:Repulse"],"picked":"SKIP","floor":28},{"not_picked":["Tempest"],"picked":"SKIP","floor":28},{"not_picked":["Undo"],"picked":"SKIP","floor":30},{"not_picked":["Leap"],"picked":"SKIP","floor":31},{"not_picked":["Chill"],"picked":"SKIP","floor":31},{"not_picked":["Rebound"],"picked":"SKIP","floor":35},{"not_picked":["Sweeping Beam+1"],"picked":"SKIP","floor":35},{"not_picked":["Go for the Eyes+1"],"picked":"SKIP","floor":36},{"not_picked":["Barrage+1"],"picked":"SKIP","floor":36},{"not_picked":[],"picked":"Electrodynamics","floor":39},{"not_picked":["BasicCrystalCard+1"],"picked":"SKIP","floor":39},{"not_picked":["Redo+1"],"picked":"SKIP","floor":40},{"not_picked":["Coolheaded"],"picked":"SKIP","floor":41},{"not_picked":["Beam Cell"],"picked":"SKIP","floor":41}],"player_experience":890184,"relics_obtained":[{"floor":9,"key":"hubris:SlimyHat"},{"floor":11,"key":"halation:PromiseList"},{"floor":19,"key":"Replay:Antivirus Software"},{"floor":26,"key":"Replay:Bottled Eggs"},{"floor":30,"key":"Replay:Bottled Steam"},{"floor":40,"key":"Whetstone"},{"floor":43,"key":"halation:IllGainedPizza"}],"event_choices":[{"damage_healed":0,"gold_gain":0,"player_choice":"Upgraded","damage_taken":0,"max_hp_gain":0,"max_hp_loss":0,"event_name":"Upgrade Shrine","floor":13,"gold_loss":0,"cards_upgraded":["Barrage"]},{"damage_healed":0,"gold_gain":0,"player_choice":"Ignored","damage_taken":0,"max_hp_gain":0,"max_hp_loss":0,"event_name":"Vampires","floor":25,"gold_loss":0}],"is_beta":false,"boss_relics":[{"not_picked":["hubris:BlackHole","Nuclear Battery"],"picked":"Busted Crown"},{"not_picked":["Painkiller Herb","Black Star"],"picked":"Philosopher\u0027s Stone"}],"items_purged_floors":[5,37],"is_endless":false,"potions_floor_spawned":[2,4,7,28,30,31,36,39],"killed_by":"Transient","ascension_level":0}}