{"host":"vcmmzzj6okc5j399","time":1608198306,"event":{"mods":["BaseMod","Minty Spire (QoL Compilation)","Robot Space Explorer","StSLib"],"gold_per_floor":[119,119,119,139,103,131,131,141,164,176,176,205,205,225,225,326,326,337,371,371,371,387,387,387,402,402,415,415,26,38,72,72,167,167,182,182,182],"floor_reached":36,"playtime":2589,"items_purged":[],"score":442,"play_id":"11902774-61f6-4eef-9b5d-ac059fa3cb72","local_time":"20201217184506","is_ascension_mode":false,"campfire_choices":[{"data":"RobotSpaceExplorer:Comet","floor":7,"key":"SMITH"},{"data":"RobotSpaceExplorer:StarLightning","floor":11,"key":"SMITH"},{"data":"RobotSpaceExplorer:Discharger","floor":13,"key":"SMITH"},{"floor":15,"key":"REST"},{"data":"RobotSpaceExplorer:Scanner","floor":23,"key":"SMITH"},{"data":"RobotSpaceExplorer:ShockKick","floor":28,"key":"SMITH"},{"floor":32,"key":"REST"}],"circlet_count":0,"master_deck":["RobotSpaceExplorer:Defend","RobotSpaceExplorer:Defend+1","RobotSpaceExplorer:Defend","RobotSpaceExplorer:Scan","RobotSpaceExplorer:MiniLasers","RobotSpaceExplorer:ToxicBomb+1","RobotSpaceExplorer:MetalStrike","RobotSpaceExplorer:Discharger+1","RobotSpaceExplorer:Comet+1","RobotSpaceExplorer:StarLightning+1","RobotSpaceExplorer:GearShield","RobotSpaceExplorer:ShockKick+1","RobotSpaceExplorer:SurgingShield","RobotSpaceExplorer:Jetpack","RobotSpaceExplorer:Scanner+1","RobotSpaceExplorer:ImprovisedAttack+1","RobotSpaceExplorer:Reload+1","RobotSpaceExplorer:Ammunition+1","RobotSpaceExplorer:Electroshield","RobotSpaceExplorer:SwiftStep+1","Bite","Bite","Bite","Bite","Bite","RobotSpaceExplorer:DualCore","RobotSpaceExplorer:StunGrenade","RobotSpaceExplorer:Asteroid","RobotSpaceExplorer:SlimeMissile","RobotSpaceExplorer:Multitool"],"relics":["RobotSpaceExplorer:RoboCore","NeowsBlessing","Mercury Hourglass","Dream Catcher","War Paint","Astrolabe","Red Mask","MutagenicStrength","Bottled Tornado","Sling","Letter Opener","Omamori","SlaversCollar"],"acts_visited":["Exordium","TheCity","TheBeyond"],"potions_floor_usage":[6,19,33],"damage_taken":[{"damage":0,"enemies":"Jaw Worm","floor":1,"turns":1},{"damage":0,"enemies":"2 Louse","floor":4,"turns":1},{"damage":0,"enemies":"Gremlin Nob","floor":6,"turns":1},{"damage":0,"enemies":"Small Slimes","floor":8,"turns":2},{"damage":1,"enemies":"Exordium Wildlife","floor":10,"turns":2},{"damage":19,"enemies":"Lagavulin","floor":12,"turns":5},{"damage":15,"enemies":"Gremlin Gang","floor":14,"turns":3},{"damage":36,"enemies":"Hexaghost","floor":16,"turns":8},{"damage":20,"enemies":"Spheric Guardian","floor":18,"turns":5},{"damage":20,"enemies":"Masked Bandits","floor":19,"turns":4},{"damage":0,"enemies":"Chosen","floor":22,"turns":4},{"damage":4,"enemies":"Centurion and Healer","floor":25,"turns":8},{"damage":16,"enemies":"Snake Plant","floor":27,"turns":4},{"damage":13,"enemies":"Sentry and Sphere","floor":30,"turns":6},{"damage":23,"enemies":"Gremlin Leader","floor":31,"turns":6},{"damage":88,"enemies":"Automaton","floor":33,"turns":11},{"damage":26,"enemies":"Orb Walker","floor":35,"turns":4},{"damage":0,"enemies":"3 Darklings","floor":36,"turns":1}],"seed_played":"5464195920536951157","potions_obtained":[{"floor":4,"key":"Fruit Juice"},{"floor":8,"key":"Swift Potion"},{"floor":10,"key":"DuplicationPotion"},{"floor":12,"key":"SpeedPotion"},{"floor":16,"key":"Dexterity Potion"},{"floor":22,"key":"FairyPotion"},{"floor":31,"key":"LiquidBronze"}],"is_trial":false,"path_per_floor":["M","?","T","M","$","E","R","M","T","M","R","E","R","M","R","B",null,"M","?","?","?","M","R","T","M","T","M","R","$","M","E","R","B",null,"M","M"],"character_chosen":"RobotSpaceExplorer","items_purchased":["RobotSpaceExplorer:Discharger","Sling","Letter Opener"],"campfire_rested":2,"item_purchase_floors":[5,29,29],"current_hp_per_floor":[75,75,75,75,75,80,80,80,80,79,79,61,61,48,72,38,80,60,42,42,42,50,50,50,56,56,44,44,44,37,26,50,6,80,54,54,54],"gold":182,"neow_bonus":"THREE_ENEMY_KILL","is_daily":false,"chose_seed":false,"campfire_upgraded":5,"win_rate":0.0,"timestamp":1608198306,"path_taken":["M","?","?","M","?","E","R","M","T","M","R","E","R","M","R","BOSS","M","?","?","?","?","R","?","?","T","M","R","$","M","E","R","BOSS","M","M"],"items_purchased_type":["Card","Relic","Relic"],"build_version":"2020-12-13","purchased_purges":0,"victory":false,"max_hp_per_floor":[75,75,75,75,75,80,80,80,80,80,80,80,80,80,80,80,80,80,80,80,80,80,80,80,80,80,80,80,80,80,80,80,80,80,80,80,80],"card_choices":[{"not_picked":["RobotSpaceExplorer:FranticSearch","RobotSpaceExplorer:GlueShot"],"picked":"RobotSpaceExplorer:ToxicBomb","floor":1},{"not_picked":["RobotSpaceExplorer:GlueShot","RobotSpaceExplorer:FrostMissile"],"picked":"RobotSpaceExplorer:MetalStrike","floor":4},{"not_picked":["RobotSpaceExplorer:SwiftStep","RobotSpaceExplorer:FrostMissile"],"picked":"RobotSpaceExplorer:Comet","floor":6},{"not_picked":["RobotSpaceExplorer:SlimeMissile","RobotSpaceExplorer:ImprovisedAttack"],"picked":"RobotSpaceExplorer:StarLightning","floor":8},{"not_picked":["RobotSpaceExplorer:DoubleFind","RobotSpaceExplorer:MetalStrike"],"picked":"RobotSpaceExplorer:GearShield","floor":10},{"not_picked":["RobotSpaceExplorer:Smokescreen","RobotSpaceExplorer:Fix"],"picked":"RobotSpaceExplorer:ShockKick","floor":12},{"not_picked":["RobotSpaceExplorer:TurboDodge","RobotSpaceExplorer:SlimeMissile"],"picked":"RobotSpaceExplorer:SurgingShield","floor":14},{"not_picked":["RobotSpaceExplorer:Ammunition","RobotSpaceExplorer:StunGrenade"],"picked":"RobotSpaceExplorer:Jetpack","floor":15},{"not_picked":["RobotSpaceExplorer:Arsenal","RobotSpaceExplorer:ShockMissile"],"picked":"RobotSpaceExplorer:Scanner","floor":16},{"not_picked":["RobotSpaceExplorer:MakeshiftVolley","RobotSpaceExplorer:SurgingShield"],"picked":"RobotSpaceExplorer:Electroshield","floor":18},{"not_picked":["RobotSpaceExplorer:GlueSpray+1","RobotSpaceExplorer:Probe"],"picked":"RobotSpaceExplorer:SwiftStep+1","floor":19},{"not_picked":["RobotSpaceExplorer:Reload","RobotSpaceExplorer:Counterblock"],"picked":"RobotSpaceExplorer:DualCore","floor":22},{"not_picked":["RobotSpaceExplorer:DoubleFind","RobotSpaceExplorer:Probe"],"picked":"RobotSpaceExplorer:StunGrenade","floor":25},{"not_picked":["RobotSpaceExplorer:Probe","RobotSpaceExplorer:ImprovisedAttack","RobotSpaceExplorer:ExhaustFan"],"picked":"SKIP","floor":27},{"not_picked":["RobotSpaceExplorer:GlueShot","RobotSpaceExplorer:MetalStrike+1","RobotSpaceExplorer:SurgingShield"],"picked":"SKIP","floor":30},{"not_picked":["RobotSpaceExplorer:DoubleBlock","RobotSpaceExplorer:Probe"],"picked":"RobotSpaceExplorer:Asteroid","floor":31},{"not_picked":["RobotSpaceExplorer:SwiftStep","RobotSpaceExplorer:DualCore"],"picked":"RobotSpaceExplorer:SlimeMissile","floor":32},{"not_picked":["RobotSpaceExplorer:BlastShield","RobotSpaceExplorer:ShockMissile"],"picked":"RobotSpaceExplorer:Multitool","floor":33},{"not_picked":["RobotSpaceExplorer:Counterblock","RobotSpaceExplorer:SwiftStep+1","RobotSpaceExplorer:MetalStrike+1"],"picked":"SKIP","floor":35}],"player_experience":135025,"relics_obtained":[{"floor":3,"key":"Mercury Hourglass"},{"floor":6,"key":"Dream Catcher"},{"floor":9,"key":"Blood Vial"},{"floor":12,"key":"War Paint"},{"floor":19,"key":"Red Mask"},{"floor":26,"key":"Bottled Tornado"},{"floor":31,"key":"Omamori"}],"event_choices":[{"damage_healed":0,"gold_gain":0,"player_choice":"Leave","damage_taken":0,"max_hp_gain":0,"max_hp_loss":0,"event_name":"The Cleric","floor":2,"gold_loss":0},{"damage_healed":0,"gold_gain":0,"player_choice":"Fought Bandits","damage_taken":0,"max_hp_gain":0,"max_hp_loss":0,"event_name":"Masked Bandits","floor":19,"gold_loss":0},{"damage_healed":0,"gold_gain":0,"player_choice":"Became a vampire (Vial)","damage_taken":0,"max_hp_gain":0,"max_hp_loss":0,"event_name":"Vampires","floor":20,"relics_lost":["Blood Vial"],"gold_loss":0,"cards_obtained":["Bite","Bite","Bite","Bite","Bite"]},{"damage_healed":0,"gold_gain":0,"player_choice":"Inject Mutagens","damage_taken":0,"relics_obtained":["MutagenicStrength"],"max_hp_gain":0,"max_hp_loss":0,"event_name":"Drug Dealer","floor":21,"gold_loss":0}],"is_beta":false,"boss_relics":[{"not_picked":["Pandora\u0027s Box","Philosopher\u0027s Stone"],"picked":"Astrolabe"},{"not_picked":["Coffee Dripper","Snecko Eye"],"picked":"SlaversCollar"}],"items_purged_floors":[],"is_endless":false,"potions_floor_spawned":[4,8,10,12,16,18,22,31],"killed_by":"3 Darklings","ascension_level":0}}