{"host":"f6tqpspb2ou2a4h5","time":1608214026,"event":{"mods":["2.2 Compatiblity","Ascension Unlocker","BaseMod","Colored Map","DeckTracker","Hermit","Highlight Path","KOR Keyword Fix","Keyboard Shortcuts","Minty Spire (QoL Compilation)","Permanent Neow","Quick Restart","Random Character Button","StSLib","SuperFastMode","The Poker Player","everything is the same but u backflip on backflip"],"gold_per_floor":[117,30,40,50,50,50,68,79,79,79,79,106,121,68,68,68,68],"floor_reached":16,"playtime":540,"items_purged":[],"score":204,"play_id":"7383a3c2-cbba-4cf1-b570-15dbe94f2418","local_time":"20201217230706","is_ascension_mode":true,"campfire_choices":[{"data":"Noxious Fumes","floor":6,"key":"SMITH"},{"data":"Dagger Spray","floor":11,"key":"SMITH"},{"floor":15,"key":"REST"}],"circlet_count":0,"master_deck":["AscendersBane","Strike_G","Strike_G","Strike_G","Strike_G","Defend_G","Defend_G","Defend_G","Defend_G","Defend_G","Survivor","Neutralize","Concentrate","Noxious Fumes+1","Acrobatics","Dagger Spray+1","Masterful Stab","Deadly Poison","Deadly Poison"],"relics":["Sozu","Paper Crane","Lizard Tail"],"acts_visited":["Exordium"],"potions_floor_usage":[],"damage_taken":[{"damage":1,"enemies":"2 Louse","floor":1,"turns":4},{"damage":7,"enemies":"Small Slimes","floor":3,"turns":5},{"damage":0,"enemies":"Cultist","floor":4,"turns":4},{"damage":1,"enemies":"2 Fungi Beasts","floor":7,"turns":6},{"damage":5,"enemies":"3 Louse","floor":8,"turns":3},{"damage":26,"enemies":"Lagavulin","floor":12,"turns":9},{"damage":8,"enemies":"Red Slaver","floor":13,"turns":4},{"damage":73,"enemies":"Slime Boss","floor":16,"turns":7}],"seed_played":"6471576532248447735","potions_obtained":[],"is_trial":false,"path_per_floor":["M","$","M","M","?","R","M","M","T","?","R","E","M","$","R","B"],"character_chosen":"THE_SILENT","items_purchased":["Noxious Fumes","Deadly Poison"],"campfire_rested":1,"item_purchase_floors":[2,14],"current_hp_per_floor":[58,58,51,51,44,44,43,38,38,38,38,12,4,4,23,0,0],"gold":68,"neow_bonus":"BOSS_RELIC","is_daily":false,"chose_seed":false,"campfire_upgraded":2,"win_rate":0.0,"timestamp":1608214026,"path_taken":["M","$","M","M","?","R","M","M","T","?","R","E","?","$","R","BOSS"],"items_purchased_type":["Card","Card"],"build_version":"2020-12-13","purchased_purges":0,"victory":false,"max_hp_per_floor":[66,66,66,66,66,66,66,66,66,66,66,66,66,66,66,66,66],"card_choices":[{"not_picked":["Backflip","Underhanded Strike"],"picked":"Concentrate","floor":1},{"not_picked":["All Out Attack","Caltrops"],"picked":"Acrobatics","floor":3},{"not_picked":["Concentrate","Bane","PiercingWail"],"picked":"SKIP","floor":4},{"not_picked":["Setup","Cloak And Dagger"],"picked":"Dagger Spray","floor":7},{"not_picked":["Flying Knee","Dagger Spray","Sucker Punch"],"picked":"SKIP","floor":8},{"not_picked":["Venomology","Backflip"],"picked":"Masterful Stab","floor":12},{"not_picked":["Bane","Calculated Gamble"],"picked":"Deadly Poison","floor":13}],"player_experience":29574,"relics_obtained":[{"floor":9,"key":"Paper Crane"},{"floor":12,"key":"Lizard Tail"}],"event_choices":[{"cards_removed":["Strike_G"],"damage_healed":0,"gold_gain":0,"player_choice":"Card Removal","damage_taken":7,"max_hp_gain":0,"max_hp_loss":0,"event_name":"Golden Wing","floor":5,"gold_loss":0},{"damage_healed":0,"gold_gain":0,"player_choice":"Got Potions","damage_taken":0,"max_hp_gain":0,"max_hp_loss":0,"event_name":"Lab","floor":10,"gold_loss":0}],"is_beta":false,"boss_relics":[],"items_purged_floors":[],"is_endless":false,"potions_floor_spawned":[3,7,8,13],"killed_by":"Slime Boss","ascension_level":20}}