{"host":"q9718omregw4er46","time":1608239604,"event":{"mods":["BaseMod","Bestiary","Colored Powertips","Custom Start","Highlight Path","Minty Spire (QoL Compilation)","Practice Mode","Quick Restart","Relic Stats"],"gold_per_floor":[116,41,11,21,35,63,63,92,92,103,118,182,9,20,20,95,95,110,123,134,134,134,134,134,134],"floor_reached":24,"playtime":877,"items_purged":["Strike_P"],"score":406,"play_id":"c9634937-0aa8-46f5-8246-65a407664eec","local_time":"20201218021324","is_ascension_mode":true,"campfire_choices":[{"floor":7.0,"key":"REST"},{"floor":15.0,"key":"REST"},{"floor":23.0,"key":"REST"}],"circlet_count":0,"master_deck":["AscendersBane","Strike_P","Strike_P","Strike_P","Defend_P","Defend_P","Defend_P","Defend_P","Eruption","Vigilance","TalkToTheHand","SashWhip","Wallop","EmptyFist","Conclude","Adaptation+1","Scrawl","Blasphemy","Omniscience","Decay"],"relics":["PureWater","NeowsBlessing","Frozen Egg 2","Mummified Hand","Matryoshka","ClockworkSouvenir","Snecko Eye"],"acts_visited":["Exordium","TheCity"],"potions_floor_usage":[],"damage_taken":[{"damage":0.0,"enemies":"Cultist","floor":1.0,"turns":1.0},{"damage":0.0,"enemies":"2 Louse","floor":4.0,"turns":2.0},{"damage":0.0,"enemies":"Jaw Worm","floor":5.0,"turns":1.0},{"damage":46.0,"enemies":"Gremlin Nob","floor":6.0,"turns":5.0},{"damage":14.0,"enemies":"Lagavulin","floor":8.0,"turns":7.0},{"damage":2.0,"enemies":"Blue Slaver","floor":10.0,"turns":4.0},{"damage":12.0,"enemies":"Looter","floor":11.0,"turns":3.0},{"damage":0.0,"enemies":"Exordium Wildlife","floor":14.0,"turns":3.0},{"damage":26.0,"enemies":"Hexaghost","floor":16.0,"turns":9.0},{"damage":0.0,"enemies":"Chosen","floor":18.0,"turns":4.0},{"damage":25.0,"enemies":"3 Byrds","floor":19.0,"turns":6.0},{"damage":15.0,"enemies":"Centurion and Healer","floor":20.0,"turns":7.0},{"damage":37,"enemies":"Book of Stabbing","floor":24,"turns":5}],"seed_played":"576493113202822304","potions_obtained":[{"floor":1.0,"key":"CultistPotion"},{"floor":4.0,"key":"SpeedPotion"},{"floor":5.0,"key":"Ancient Potion"},{"floor":16.0,"key":"SpeedPotion"},{"floor":20.0,"key":"Fire Potion"}],"is_trial":false,"path_per_floor":["M","$","$","M","M","E","R","E","T","M","M","?","$","M","R","B",null,"M","M","M","?","?","R","E"],"character_chosen":"WATCHER","items_purchased":["SashWhip","ClockworkSouvenir"],"campfire_rested":3,"item_purchase_floors":[3,13],"current_hp_per_floor":[61,61,61,61,61,15,35,21,21,19,7,7,7,7,27,1,51,51,26,11,11,11,31,0,0],"gold":134,"neow_bonus":"THREE_ENEMY_KILL","is_daily":false,"chose_seed":false,"campfire_upgraded":0,"win_rate":0.0,"timestamp":1608239604,"path_taken":["M","?","$","?","?","E","R","E","T","M","M","?","?","M","R","BOSS","M","M","M","?","?","R","E"],"items_purchased_type":["Card","Relic"],"build_version":"2020-12-13","purchased_purges":1,"victory":false,"max_hp_per_floor":[68,68,68,68,68,68,68,68,68,68,68,68,68,68,68,68,68,68,68,68,68,68,68,68,68],"relic_stats":{"counters":[13,57],"Mummified Hand":[9],"Snecko Eye":[41,49,47,42],"obtain_stats":[{"Matryoshka":9,"NeowsBlessing":0,"Mummified Hand":8,"Snecko Eye":17,"PureWater":0,"Frozen Egg 2":6,"ClockworkSouvenir":13},{"Matryoshka":5,"NeowsBlessing":0,"Mummified Hand":5,"Snecko Eye":9,"PureWater":0,"Frozen Egg 2":4,"ClockworkSouvenir":7},{"Matryoshka":16,"NeowsBlessing":0,"Mummified Hand":16,"Snecko Eye":35,"PureWater":0,"Frozen Egg 2":9,"ClockworkSouvenir":23}]},"card_choices":[{"not_picked":["EmptyFist","CutThroughFate"],"picked":"TalkToTheHand","floor":1.0},{"not_picked":["Swivel","ThirdEye"],"picked":"Wallop","floor":4.0},{"not_picked":["WheelKick","JustLucky"],"picked":"EmptyFist","floor":5.0},{"not_picked":["WreathOfFlame","CarveReality","DeceiveReality"],"picked":"SKIP","floor":6.0},{"not_picked":["FollowUp","ThirdEye"],"picked":"Conclude","floor":8.0},{"not_picked":["Weave","Perseverance"],"picked":"Adaptation+1","floor":10.0},{"not_picked":["PathToVictory","FlyingSleeves","Collect"],"picked":"SKIP","floor":11.0},{"not_picked":["Meditate","JustLucky"],"picked":"Scrawl","floor":14.0},{"not_picked":["MasterReality+1","Establishment+1"],"picked":"Blasphemy","floor":16.0},{"not_picked":["BowlingBash+1","Consecrate","Halt"],"picked":"SKIP","floor":18.0},{"not_picked":["Halt","FlyingSleeves+1","Evaluate+1"],"picked":"SKIP","floor":19.0},{"not_picked":["PathToVictory","ForeignInfluence","CutThroughFate"],"picked":"SKIP","floor":20.0}],"player_experience":1035501,"relics_obtained":[{"floor":6.0,"key":"Frozen Egg 2"},{"floor":8.0,"key":"Mummified Hand"},{"floor":9.0,"key":"Matryoshka"}],"event_choices":[{"damage_healed":0.0,"max_hp_gain":0.0,"max_hp_loss":0.0,"gold_gain":64.0,"event_name":"Golden Wing","player_choice":"Gained Gold","floor":12.0,"gold_loss":0.0,"damage_taken":0.0},{"damage_healed":0.0,"max_hp_gain":0.0,"max_hp_loss":0.0,"gold_gain":0.0,"event_name":"The Library","player_choice":"Read","floor":21.0,"gold_loss":0.0,"damage_taken":0.0,"cards_obtained":["Omniscience"]},{"damage_healed":0.0,"max_hp_gain":0.0,"max_hp_loss":0.0,"gold_gain":0.0,"event_name":"Forgotten Altar","player_choice":"Smashed Altar","floor":22.0,"gold_loss":0.0,"damage_taken":0.0,"cards_obtained":["Decay"]}],"is_beta":false,"boss_relics":[{"not_picked":["SacredBark","SlaversCollar"],"picked":"Snecko Eye"}],"items_purged_floors":[2],"is_endless":false,"potions_floor_spawned":[1,4,5,11,16,20],"killed_by":"Book of Stabbing","ascension_level":19}}