{"host":"n4fty02wqqi95laq","time":1608209266,"event":{"mods":["BaseMod","Highlight Path","Minty Spire (QoL Compilation)","Quick Restart","Rare Cards Sparkle","StSLib"],"gold_per_floor":[116,129,129,147,158,188,188,220,220,251,251,264,282,295,295,367,367,382,446,371,431,497,522,622,637,637,698,725,725,738,788,788,862,862,877,947,964,373,423,443,474,188,188,188,188,188],"floor_reached":45,"playtime":1710,"items_purged":["Strike_P","Strike_P","Strike_P"],"score":1147,"play_id":"ebec9d74-b159-44f8-9c04-ba371086ac39","local_time":"20201217204746","is_ascension_mode":true,"campfire_choices":[{"data":"Eruption","floor":7.0,"key":"SMITH"},{"data":"EmptyFist","floor":11.0,"key":"SMITH"},{"data":"ForeignInfluence","floor":15.0,"key":"SMITH"},{"data":"Vault","floor":29.0,"key":"SMITH"},{"data":"Fasting2","floor":32.0,"key":"SMITH"},{"data":"Adaptation","floor":44.0,"key":"SMITH"}],"circlet_count":0,"master_deck":["AscendersBane","Defend_P","Defend_P","Defend_P","Eruption+1","Vigilance","Fasting2+1","EmptyFist+1","CutThroughFate","Study","Adaptation+1","ForeignInfluence+1","EmptyMind","Vault+1","EmptyBody+1","Indignation+1","Consecrate+1","Meditate","Wish","MasterReality","ConjureBlade","DevaForm","Sanctity+1","LessonLearned"],"relics":["Runic Dome","SsserpentHead","Happy Flower","Pantograph","Mummified Hand","Blood Vial","Ginger","Akabeko","Nloth\u0027s Gift","VioletLotus","Orrery","TungstenRod","Sundial","Lee\u0027s Waffle","TeardropLocket"],"acts_visited":["TheCity","TheBeyond"],"potions_floor_usage":[45],"damage_taken":[{"damage":5.0,"enemies":"2 Louse","floor":1.0,"turns":2.0},{"damage":0.0,"enemies":"Cultist","floor":2.0,"turns":4.0},{"damage":3.0,"enemies":"Small Slimes","floor":4.0,"turns":3.0},{"damage":17.0,"enemies":"Exordium Wildlife","floor":5.0,"turns":5.0},{"damage":4.0,"enemies":"3 Sentries","floor":6.0,"turns":5.0},{"damage":9.0,"enemies":"Lagavulin","floor":8.0,"turns":5.0},{"damage":0.0,"enemies":"Gremlin Nob","floor":10.0,"turns":2.0},{"damage":8.0,"enemies":"Lots of Slimes","floor":12.0,"turns":3.0},{"damage":13.0,"enemies":"Blue Slaver","floor":13.0,"turns":3.0},{"damage":0.0,"enemies":"Looter","floor":14.0,"turns":2.0},{"damage":25.0,"enemies":"The Guardian","floor":16.0,"turns":8.0},{"damage":3.0,"enemies":"3 Byrds","floor":18.0,"turns":4.0},{"damage":4.0,"enemies":"2 Thieves","floor":19.0,"turns":4.0},{"damage":6.0,"enemies":"3 Cultists","floor":21.0,"turns":6.0},{"damage":0.0,"enemies":"Snecko","floor":22.0,"turns":4.0},{"damage":20.0,"enemies":"Book of Stabbing","floor":23.0,"turns":4.0},{"damage":0.0,"enemies":"Centurion and Healer","floor":25.0,"turns":2.0},{"damage":0.0,"enemies":"Sentry and Sphere","floor":27.0,"turns":3.0},{"damage":0.0,"enemies":"Slavers","floor":28.0,"turns":2.0},{"damage":0.0,"enemies":"3 Cultists","floor":30.0,"turns":2.0},{"damage":51.0,"enemies":"Collector","floor":33.0,"turns":7.0},{"damage":14.0,"enemies":"3 Shapes","floor":35.0,"turns":8.0},{"damage":0.0,"enemies":"3 Darklings","floor":36.0,"turns":2.0},{"damage":2.0,"enemies":"4 Shapes","floor":37.0,"turns":6.0},{"damage":20.0,"enemies":"Maw","floor":40.0,"turns":4.0},{"damage":9.0,"enemies":"Reptomancer","floor":41.0,"turns":5.0},{"damage":80,"enemies":"Nemesis","floor":45,"turns":2}],"seed_played":"8977029504527739196","potions_obtained":[{"floor":1.0,"key":"Strength Potion"},{"floor":5.0,"key":"LiquidBronze"},{"floor":6.0,"key":"Regen Potion"},{"floor":12.0,"key":"LiquidBronze"},{"floor":18.0,"key":"Ambrosia"},{"floor":22.0,"key":"Ancient Potion"},{"floor":27.0,"key":"Dexterity Potion"},{"floor":40.0,"key":"FearPotion"}],"is_trial":false,"path_per_floor":["M","M","?","M","M","E","R","E","T","E","R","M","M","M","R","B",null,"M","M","$","M","M","E","?","M","T","M","E","R","M","?","R","B",null,"M","M","M","$","?","M","E","$","T","R","E"],"character_chosen":"WATCHER","items_purchased":["Orrery","TungstenRod","Lee\u0027s Waffle"],"campfire_rested":0,"item_purchase_floors":[38,38,42],"current_hp_per_floor":[56,56,56,53,36,32,32,37,37,37,37,29,16,16,16,16,55,52,48,48,42,42,22,22,24,24,26,28,28,30,30,30,6,53,41,43,43,43,43,25,18,72,72,72,0,0],"gold":188,"neow_bonus":"BOSS_RELIC","is_daily":false,"chose_seed":false,"campfire_upgraded":6,"win_rate":0.0,"timestamp":1608209266,"path_taken":["M","M","?","M","M","E","R","E","T","E","R","M","M","M","R","BOSS","M","?","$","M","?","E","?","M","T","?","E","R","M","?","R","BOSS","M","?","M","$","?","M","E","$","T","R","E"],"items_purchased_type":["Relic","Relic","Relic"],"build_version":"2020-12-13","purchased_purges":3,"victory":false,"max_hp_per_floor":[68,68,68,68,68,68,68,68,68,68,68,68,68,68,68,68,68,68,68,68,68,68,68,68,68,68,68,68,68,68,68,68,68,68,68,68,68,68,65,65,65,72,72,72,72,72],"card_choices":[{"not_picked":["Indignation","Worship","JustLucky"],"picked":"SKIP","floor":1.0},{"not_picked":["Halt","Evaluate"],"picked":"Fasting2","floor":2.0},{"not_picked":["FollowUp","FlyingSleeves"],"picked":"Consecrate","floor":4.0},{"not_picked":["Evaluate","ThirdEye"],"picked":"EmptyFist","floor":5.0},{"not_picked":["CarveReality","ClearTheMind"],"picked":"CutThroughFate","floor":6.0},{"not_picked":["FlyingSleeves","Study","LikeWater"],"picked":"SKIP","floor":8.0},{"not_picked":["FlyingSleeves","LikeWater"],"picked":"Study","floor":8.0},{"not_picked":["FlyingSleeves","FollowUp"],"picked":"Adaptation","floor":10.0},{"not_picked":["EmptyFist","EmptyBody","CrushJoints"],"picked":"SKIP","floor":12.0},{"not_picked":["EmptyBody","ThirdEye"],"picked":"ForeignInfluence","floor":13.0},{"not_picked":["FollowUp","ConjureBlade"],"picked":"EmptyMind","floor":14.0},{"not_picked":["Wish","Brilliance"],"picked":"Vault","floor":16.0},{"not_picked":["FlyingSleeves","Consecrate","WindmillStrike+1"],"picked":"SKIP","floor":18.0},{"not_picked":["Swivel","ClearTheMind+1","FlurryOfBlows"],"picked":"SKIP","floor":19.0},{"not_picked":["EmptyFist","Weave"],"picked":"Meditate","floor":21.0},{"not_picked":["Halt","Consecrate","SashWhip"],"picked":"SKIP","floor":22.0},{"not_picked":["BattleHymn","Vengeance","Protect"],"picked":"SKIP","floor":23.0},{"not_picked":["Crescendo+1","FollowUp","Adaptation"],"picked":"SKIP","floor":25.0},{"not_picked":["FlurryOfBlows","Prostrate","Halt"],"picked":"SKIP","floor":27.0},{"not_picked":["FlurryOfBlows","Prostrate","Halt"],"picked":"SKIP","floor":27.0},{"not_picked":["Protect","Consecrate","FollowUp"],"picked":"SKIP","floor":28.0},{"not_picked":["JustLucky","LikeWater"],"picked":"Wish","floor":30.0},{"not_picked":["Judgement","Blasphemy"],"picked":"MasterReality","floor":33.0},{"not_picked":["Collect+1","ThirdEye+1","WindmillStrike"],"picked":"SKIP","floor":35.0},{"not_picked":["SashWhip","ThirdEye","Crescendo+1"],"picked":"SKIP","floor":36.0},{"not_picked":["Crescendo","Protect+1","JustLucky"],"picked":"SKIP","floor":37.0},{"not_picked":["Protect","Omniscience"],"picked":"ConjureBlade","floor":38.0},{"not_picked":["FlurryOfBlows","WreathOfFlame+1"],"picked":"DevaForm","floor":38.0},{"not_picked":["CrushJoints+1","Crescendo"],"picked":"Sanctity+1","floor":38.0},{"not_picked":["Halt","Crescendo","Prostrate"],"picked":"SKIP","floor":40.0},{"not_picked":["Tantrum+1","Crescendo"],"picked":"LessonLearned","floor":41.0}],"player_experience":618744,"relics_obtained":[{"floor":6.0,"key":"Happy Flower"},{"floor":8.0,"key":"Pantograph"},{"floor":10.0,"key":"Mummified Hand"},{"floor":23.0,"key":"Blood Vial"},{"floor":26.0,"key":"Ginger"},{"floor":28.0,"key":"Akabeko"},{"floor":41.0,"key":"Sundial"},{"floor":43.0,"key":"TeardropLocket"}],"event_choices":[{"damage_healed":0.0,"max_hp_gain":0.0,"max_hp_loss":0.0,"gold_gain":0.0,"event_name":"FaceTrader","player_choice":"Trade","floor":3.0,"gold_loss":0.0,"damage_taken":0.0,"relics_obtained":["SsserpentHead"]},{"damage_healed":0.0,"max_hp_gain":0.0,"max_hp_loss":0.0,"gold_gain":50.0,"event_name":"Golden Shrine","player_choice":"Pray","floor":24.0,"gold_loss":0.0,"damage_taken":0.0},{"damage_healed":0.0,"max_hp_gain":0.0,"max_hp_loss":0.0,"gold_gain":0.0,"event_name":"N\u0027loth","player_choice":"Traded Relic","floor":31.0,"relics_lost":["Astrolabe"],"gold_loss":0.0,"damage_taken":0.0,"relics_obtained":["Nloth\u0027s Gift"]},{"damage_healed":0.0,"max_hp_gain":0.0,"max_hp_loss":3.0,"gold_gain":0.0,"event_name":"Winding Halls","player_choice":"Max HP","floor":39.0,"gold_loss":0.0,"damage_taken":0.0}],"is_beta":false,"boss_relics":[{"not_picked":["Busted Crown","SlaversCollar"],"picked":"Astrolabe"},{"not_picked":["SacredBark","Cursed Key"],"picked":"VioletLotus"}],"items_purged_floors":[20,38,42],"is_endless":false,"potions_floor_spawned":[1,5,6,12,18,22,27,40],"killed_by":"Nemesis","ascension_level":20}}