{"host":"bxn2em57qlx5u4i0","time":1608181061,"event":{"mods":["BaseMod","Colored Map","Colored Powertips","Highlight Path","Minty Spire (QoL Compilation)","Random Character Button","Relic Sorter","Relic Stats","StSLib","SuperFastMode"],"gold_per_floor":[116,40,40,60,60,86,86,119,119,133,133,160,29,41,41,120,120,138,38,52,68,68,68,68],"floor_reached":23,"playtime":738,"items_purged":["Strike_G","Strike_G"],"score":468,"play_id":"960f519e-1ef7-415e-9d16-2976b54437c1","local_time":"20201216235741","is_ascension_mode":true,"campfire_choices":[{"data":"Dash","floor":7,"key":"SMITH"},{"data":"Neutralize","floor":11,"key":"SMITH"},{"data":"Noxious Fumes","floor":15,"key":"SMITH"}],"circlet_count":0,"master_deck":["AscendersBane","Strike_G","Defend_G","Defend_G","Defend_G","Defend_G","Defend_G","Survivor","Neutralize+1","Crippling Poison+1","Dash+1","Backflip","Noxious Fumes+1","Corpse Explosion","PiercingWail+1","Catalyst","All Out Attack","Accuracy"],"relics":["Ring of the Snake","NeowsBlessing","Mercury Hourglass","Ginger","Oddly Smooth Stone","Singing Bowl","Orichalcum","Snecko Eye"],"acts_visited":["Exordium","TheCity"],"potions_floor_usage":[8,12,12,16,16,21,23],"damage_taken":[{"damage":0,"enemies":"2 Louse","floor":1,"turns":1},{"damage":0,"enemies":"Cultist","floor":4,"turns":1},{"damage":0,"enemies":"Gremlin Nob","floor":6,"turns":1},{"damage":13,"enemies":"Lagavulin","floor":8,"turns":7},{"damage":0,"enemies":"Jaw Worm","floor":10,"turns":4},{"damage":7,"enemies":"3 Sentries","floor":12,"turns":6},{"damage":3,"enemies":"Large Slime","floor":14,"turns":5},{"damage":35,"enemies":"Slime Boss","floor":16,"turns":8},{"damage":3,"enemies":"Chosen","floor":18,"turns":4},{"damage":0,"enemies":"3 Byrds","floor":20,"turns":2},{"damage":9,"enemies":"Cultist and Chosen","floor":21,"turns":4},{"damage":54,"enemies":"Gremlin Leader","floor":23,"turns":6}],"seed_played":"-8812540730224837056","potions_obtained":[{"floor":4,"key":"PowerPotion"},{"floor":6,"key":"Energy Potion"},{"floor":10,"key":"Regen Potion"},{"floor":12,"key":"Explosive Potion"},{"floor":16,"key":"Fire Potion"},{"floor":21,"key":"SteroidPotion"}],"is_trial":false,"path_per_floor":["M","$","?","M","?","E","R","E","T","M","R","E","$","M","R","B",null,"M","$","M","M","?","E"],"character_chosen":"THE_SILENT","items_purchased":["Crippling Poison","PowerPotion"],"campfire_rested":0,"item_purchase_floors":[2,13],"current_hp_per_floor":[59,59,41,41,41,41,41,28,28,30,30,40,40,37,37,2,53,50,50,52,43,43,0,0],"gold":68,"neow_bonus":"THREE_ENEMY_KILL","is_daily":false,"chose_seed":false,"campfire_upgraded":3,"win_rate":0.0,"timestamp":1608181061,"path_taken":["M","$","?","M","?","E","R","E","T","?","R","E","$","M","R","BOSS","M","$","M","M","?","E"],"items_purchased_type":["Card","Potion"],"build_version":"2020-12-13","purchased_purges":2,"victory":false,"max_hp_per_floor":[66,66,66,66,66,66,66,66,66,68,68,70,70,70,70,70,70,70,70,72,72,72,72,72],"relic_stats":{"Singing Bowl":6,"counters":[12,49],"Snecko Eye":[25,26,39,23],"Ginger":[3],"Orichalcum":[48],"obtain_stats":[{"NeowsBlessing":0,"Singing Bowl":9,"Oddly Smooth Stone":8,"Snecko Eye":17,"Ginger":6,"Orichalcum":12,"Ring of the Snake":0,"Mercury Hourglass":3},{"NeowsBlessing":0,"Singing Bowl":4,"Oddly Smooth Stone":4,"Snecko Eye":8,"Ginger":3,"Orichalcum":6,"Ring of the Snake":0,"Mercury Hourglass":1},{"NeowsBlessing":0,"Singing Bowl":10,"Oddly Smooth Stone":10,"Snecko Eye":33,"Ginger":3,"Orichalcum":20,"Ring of the Snake":0,"Mercury Hourglass":1}],"Ring of the Snake":[24],"Mercury Hourglass":[216]},"card_choices":[{"not_picked":["Deflect","Infinite Blades","Concentrate"],"picked":"SKIP","floor":1},{"not_picked":["Blade Dance","Dodge and Roll","Caltrops"],"picked":"SKIP","floor":4},{"not_picked":["Deadly Poison","Underhanded Strike"],"picked":"Dash","floor":6},{"not_picked":["Heel Hook","Venomology"],"picked":"Backflip","floor":8},{"not_picked":["Prepared","Terror","Finisher"],"picked":"Singing Bowl","floor":10},{"not_picked":["Prepared","Underhanded Strike","Dagger Throw"],"picked":"Singing Bowl","floor":12},{"not_picked":["Blur","Dodge and Roll"],"picked":"Noxious Fumes","floor":14},{"not_picked":["Unload","Venomology"],"picked":"Corpse Explosion","floor":16},{"not_picked":["Bane","Sucker Punch+1"],"picked":"PiercingWail+1","floor":18},{"not_picked":["Blade Dance","Sucker Punch","Deadly Poison"],"picked":"Singing Bowl","floor":20},{"not_picked":["Deadly Poison","Dagger Throw"],"picked":"Catalyst","floor":21}],"player_experience":2802412,"relics_obtained":[{"floor":6,"key":"Ginger"},{"floor":8,"key":"Oddly Smooth Stone"},{"floor":9,"key":"Singing Bowl"},{"floor":12,"key":"Orichalcum"}],"event_choices":[{"damage_healed":0,"gold_gain":0,"player_choice":"Success","damage_taken":18,"relics_obtained":["Mercury Hourglass"],"max_hp_gain":0,"max_hp_loss":0,"event_name":"Scrap Ooze","floor":3,"gold_loss":0},{"damage_healed":0,"gold_gain":0,"player_choice":"Upgraded","damage_taken":0,"max_hp_gain":0,"max_hp_loss":0,"event_name":"Upgrade Shrine","floor":5,"gold_loss":0,"cards_upgraded":["Crippling Poison"]},{"damage_healed":0,"gold_gain":0,"cards_transformed":["Strike_G","Strike_G"],"player_choice":"Became Test Subject","damage_taken":0,"max_hp_gain":0,"max_hp_loss":0,"event_name":"Drug Dealer","floor":22,"gold_loss":0,"cards_obtained":["All Out Attack","Accuracy"]}],"is_beta":false,"boss_relics":[{"not_picked":["Runic Dome","Fusion Hammer"],"picked":"Snecko Eye"}],"items_purged_floors":[13,19],"is_endless":false,"potions_floor_spawned":[4,6,10,12,16,21],"killed_by":"Gremlin Leader","ascension_level":20}}