{"host":"zivz6e0vf73jivdq","time":1608217713,"event":{"mods":["Act Like it!","BaseMod","Friendly Minions","Gensokyo","HololiveMod","Koishi","Marisa£¨ìFÓê¡¡Ä§ÀíÉ³£©","Minty Spire (QoL Compilation)","MostiFishMod","Pale of the Ancients","Prisma Mod","Reimu£¨²©ÀöÁéÃÎ£©","Remilia£¨ÀÙÃ×ÀòÑÇ£©","Replay The Spire","RumiaBox-Â¶Ã×æ«µÄÉñÃØºÐ×Ó","StSLib","The Jungle","The Servant 0.9.4","Youmu£¨»êÆÇÑýÃÎ£©","¡¾¶«·½¶þ´Î´´×÷¡¿°ËÔÆ×Ïmod","¡¾ÒÅÎï¿¨ÅÆ¡¿REMEMod"],"gold_per_floor":[109,109,220,237,247,279,299,325,325,325,336,354,354,385,385,480,480,495,495,357,369,18,49,63,63,63,77,91,123,123,157,157,253,253,268,268,268,46,66,96,96,122,122,122,141,141,141,172,172,172,185,205,205,85,85,95,95,95,95,95],"floor_reached":61,"playtime":6214,"items_purged":["Strike_G","Strike_G","Replay:Sluggish","Defend_G"],"score":2540,"play_id":"aa3972fc-e5a6-407c-9f28-9df95afc6ea1","local_time":"20201217230833","is_ascension_mode":true,"campfire_choices":[{"data":"MostiFishMod:WinterMarkForm","floor":13.0,"key":"SMITH"},{"data":"Accuracy","floor":15.0,"key":"SMITH"},{"data":"MostiFishMod:Opportunism","floor":25.0,"key":"SMITH"},{"data":"Acrobatics","floor":32.0,"key":"SMITH"},{"data":"Tactician","floor":41.0,"key":"SMITH"},{"floor":44.0,"key":"RECALL"},{"data":"Deep Breath","floor":49,"key":"SMITH"},{"data":"Concentrate","floor":55,"key":"SMITH"},{"data":"Footwork","floor":57,"key":"SMITH"}],"circlet_count":0,"master_deck":["Survivor","Neutralize","ForecastOfChange","MostiFishMod:PreservedThorns","Cloak And Dagger","Footwork","Footwork+1","Accuracy+1","MostiFishMod:WinterMarkForm+1","ReplayTheSpireMod:Scrap Shanks","MostiFishMod:Opportunism+1","Footwork+1","Accuracy+1","MostiFishMod:ButterFly+1","MostiFishMod:MusicBox+1","Tactician+1","Deflect","Acrobatics+1","Tactician+1","Concentrate+1","REME_ShadowForm+1","After Image+1","Blur+1","MostiFishMod:AdrenalineArouse+1","Night Terror+1","Blade Dance","Finesse","MostiFishMod:ButterFly+1","Deep Breath+1","Acrobatics+1","Wraith Form v2+1"],"relics":["DaveBox","REME_ComplimentaryCards","MetatronsCube","JellyFishMachine","Question Card","Anchor","ReplayTheSpireMod:TigerMarble","Molten Egg 2","Tough Bandages","ImportantClient","Kintsugi","BrkXgEgg","Lantern","Meat on the Bone","ZombieArmy","REME_DuelDisc","Chameleon Ring","REME_HandOfSuture","White Beast Statue","Ccalipers","paleoftheancients:Timepiece","paleoftheancients:KeyRelic","Gremlin Horn","CultistMask","paleoftheancients:SoulOfTheWokeBloke","Replay:Wax Seal"],"acts_visited":["Exordium","TheCity","TheBeyond","TheBeyond"],"potions_floor_usage":[52,60,60],"damage_taken":[{"damage":0.0,"enemies":"2 Louse","floor":1.0,"turns":3.0},{"damage":0.0,"enemies":"Jaw Worm","floor":4.0,"turns":2.0},{"damage":0.0,"enemies":"Cultist","floor":5.0,"turns":1.0},{"damage":10.0,"enemies":"Replay:BlueRogue","floor":6.0,"turns":4.0},{"damage":0.0,"enemies":"3 Louse","floor":7.0,"turns":2.0},{"damage":0.0,"enemies":"Lagavulin","floor":8.0,"turns":6.0},{"damage":0.0,"enemies":"2 Fungi Beasts","floor":11.0,"turns":2.0},{"damage":0.0,"enemies":"Gremlin Gang","floor":12.0,"turns":2.0},{"damage":0.0,"enemies":"3 Sentries","floor":14.0,"turns":2.0},{"damage":8.0,"enemies":"The Guardian","floor":16.0,"turns":4.0},{"damage":0.0,"enemies":"3 Byrds","floor":18.0,"turns":3.0},{"damage":0.0,"enemies":"Spheric Guardian","floor":21.0,"turns":2.0},{"damage":6.0,"enemies":"Replay:Snechameleon","floor":23.0,"turns":5.0},{"damage":0.0,"enemies":"3 Cultists","floor":24.0,"turns":2.0},{"damage":0.0,"enemies":"Snake Plant","floor":27.0,"turns":2.0},{"damage":0.0,"enemies":"Centurion and Healer","floor":28.0,"turns":2.0},{"damage":0.0,"enemies":"REME_1_Revenger","floor":29.0,"turns":2.0},{"damage":0.0,"enemies":"Book of Stabbing","floor":31.0,"turns":3.0},{"damage":0.0,"enemies":"Pondfish","floor":33.0,"turns":4.0},{"damage":0.0,"enemies":"3 Darklings","floor":35.0,"turns":3.0},{"damage":0.0,"enemies":"3 Shapes","floor":39.0,"turns":3.0},{"damage":1.0,"enemies":"Nemesis","floor":40.0,"turns":5.0},{"damage":0.0,"enemies":"Reptomancer","floor":42.0,"turns":6.0},{"damage":0.0,"enemies":"Sphere and 2 Shapes","floor":45.0,"turns":3.0},{"damage":0,"enemies":"Giant Head","floor":48,"turns":3},{"damage":27,"enemies":"Time Eater","floor":50,"turns":8},{"damage":9,"enemies":"Time Eater","floor":51,"turns":6},{"damage":0,"enemies":"Time Eater","floor":52,"turns":6},{"damage":0,"enemies":"Time Eater","floor":56,"turns":2},{"damage":0,"enemies":"paleoftheancients:N","floor":60,"turns":6}],"seed_played":"-4887722870539246755","potions_obtained":[{"floor":4.0,"key":"Weak Potion"},{"floor":6.0,"key":"Swift Potion"},{"floor":7.0,"key":"LiquidBronze"},{"floor":23.0,"key":"SteroidPotion"},{"floor":27.0,"key":"ColorlessPotion"},{"floor":33.0,"key":"SteroidPotion"},{"floor":39.0,"key":"SkillPotion"},{"floor":45.0,"key":"Dexterity Potion"},{"floor":51,"key":"Energy Potion"},{"floor":52,"key":"SkillPotion"}],"is_trial":false,"path_per_floor":["M","?","?","M","M","E","M","E","T","?","M","M","R","E","R","B",null,"M","?","$","M","$","E","M","R","T","M","M","E","?","E","R","B",null,"M","?","?","$","M","E","R","E","T","R","M","?","?","E","R","B","M","M","?","$","R","M","R","T","?","B",null],"character_chosen":"THE_SILENT","items_purchased":["MostiFishMod:ButterFly+1","BrkXgEgg","MostiFishMod:MusicBox+1","MostiFishMod:AdrenalineArouse+1"],"campfire_rested":0,"item_purchase_floors":[20,22,22,38],"current_hp_per_floor":[63,68,68,68,68,58,58,58,58,58,58,58,58,58,58,50,69,69,69,69,73,73,69,75,75,75,75,75,75,61,65,65,69,77,80,80,80,80,80,79,79,80,80,80,80,80,70,80,80,73,76,80,80,80,80,80,80,80,80,80],"gold":95,"neow_bonus":"BOSS_RELIC","is_daily":false,"chose_seed":false,"campfire_upgraded":8,"win_rate":0.0,"timestamp":1608217713,"path_taken":["M","?","?","?","M","E","M","E","T","?","M","M","R","E","R","BOSS","M","?","$","M","$","E","M","R","T","M","?","E","?","E","R","BOSS","M","?","?","$","M","E","R","E","T","R","?","?","?","E","R","BOSS","M","M","?","$","R","M","R","T","?","BOSS"],"items_purchased_type":["Card","Relic","Card","Card"],"build_version":"2020-12-13","purchased_purges":4,"victory":true,"max_hp_per_floor":[70,75,75,75,75,75,75,75,75,75,75,75,75,75,75,75,75,75,75,75,75,75,75,75,75,75,75,75,75,80,80,80,80,80,80,80,80,80,80,80,80,80,80,80,80,80,80,80,80,80,80,80,80,80,80,80,80,80,80,80],"card_choices":[{"not_picked":["Deadly Poison","Dagger Throw"],"picked":"MostiFishMod:PreservedThorns","floor":1.0},{"not_picked":["Quick Slash","Slice","MostiFishMod:PerfectParry"],"picked":"Cloak And Dagger","floor":3.0},{"not_picked":["Malaise","Blade Dance","MostiFishMod:PerfectParry"],"picked":"Footwork","floor":4.0},{"not_picked":["MostiFishMod:PerfectParry","Sucker Punch","Flying Knee"],"picked":"Noxious Fumes","floor":5.0},{"not_picked":["Prepared","Draining Mist","Fluid Movement"],"picked":"Footwork","floor":6.0},{"not_picked":["Reflex","Underhanded Strike","Dagger Throw"],"picked":"Accuracy","floor":7.0},{"not_picked":["Dagger Throw","Backstab","Sucker Punch"],"picked":"MostiFishMod:WinterMarkForm","floor":8.0},{"not_picked":["Bane+1","Riddle With Holes+1","Underhanded Strike+1","Dodge and Roll"],"picked":"SKIP","floor":11.0},{"not_picked":["REME_GreenPollution","Endless Agony+1","Dagger Throw+1","ReplayTheSpireMod:Shiv Toss"],"picked":"SKIP","floor":12.0},{"not_picked":["Reflex","Dodge and Roll","ReplayTheSpireMod:Tripwire"],"picked":"ReplayTheSpireMod:Scrap Shanks","floor":14.0},{"not_picked":["MostiFishMod:HiddenBlade","Adrenaline","Storm of Steel"],"picked":"MostiFishMod:Opportunism","floor":16.0},{"not_picked":["Dagger Spray+1","Prepared+1","Bane+1"],"picked":"Footwork+1","floor":18.0},{"not_picked":["MostiFishMod:PerfectParry","Endless Agony+1","Underhanded Strike+1","Glass Knife+1"],"picked":"SKIP","floor":21.0},{"not_picked":["Slice+1","Dagger Throw+1","Bouncing Flask+1"],"picked":"Tactician","floor":23.0},{"not_picked":["Flying Knee+1","ReplayTheSpireMod:Tripwire+1","Prepared+1"],"picked":"Deflect","floor":24.0},{"not_picked":["Dash+1","Cloak And Dagger","Poisoned Stab+1"],"picked":"Acrobatics","floor":27.0},{"not_picked":["Outmaneuver","Dodge and Roll","Acrobatics"],"picked":"Tactician+1","floor":28.0},{"not_picked":["Accuracy","Hidden Blade","Outmaneuver"],"picked":"Concentrate","floor":29.0},{"not_picked":["Predator+1","Blade Dance","Reflex"],"picked":"REME_ShadowForm+1","floor":31.0},{"not_picked":["Grand Finale+1","MostiFishMod:Neurotoxin+1","Adrenaline+1"],"picked":"After Image+1","floor":33.0},{"not_picked":["Reflex","Slice+1","All Out Attack+1"],"picked":"Blur+1","floor":35.0},{"not_picked":["Bane+1","Poisoned Stab+1","MostiFishMod:PreservedThorns","Draining Mist+1"],"picked":"SKIP","floor":39.0},{"not_picked":["Bane+1","Backflip","MostiFishMod:SpreadingSpore+1"],"picked":"Night Terror+1","floor":40.0},{"not_picked":["Well Laid Plans+1","MostiFishMod:PerfectParry+1","Expertise"],"picked":"Blade Dance","floor":42.0},{"not_picked":["Dagger Spray+1","Outmaneuver","Deflect+1","All Out Attack+1"],"picked":"SKIP","floor":45.0},{"not_picked":["Master of Strategy+1","REME_ProfessionalPlagiarism+1","Replay:Parry+1"],"picked":"Finesse","floor":47},{"not_picked":["Crow Ritual+1","Replay:Sssssssssshield","PanicButton"],"picked":"MostiFishMod:ButterFly+1","floor":47},{"not_picked":["Mayhem+1","REME_ShortnessOfBreath","Discovery"],"picked":"Deep Breath","floor":47},{"not_picked":["Eviscerate+1","Bane+1","Blade Dance+1","Dodge and Roll+1"],"picked":"SKIP","floor":48},{"not_picked":["Deadly Poison","Dagger Spray+1","Sucker Punch+1"],"picked":"Acrobatics+1","floor":51},{"not_picked":["Sucker Punch+1","PiercingWail+1","All Out Attack+1","Toxin Wave"],"picked":"SKIP","floor":52},{"not_picked":["PiercingWail","Flying Knee+1","Expertise","Concentrate+1"],"picked":"SKIP","floor":56}],"player_experience":678929,"relics_obtained":[{"floor":1.0,"key":"Question Card"},{"floor":6.0,"key":"Anchor"},{"floor":8.0,"key":"ReplayTheSpireMod:TigerMarble"},{"floor":9.0,"key":"Molten Egg 2"},{"floor":14.0,"key":"Tough Bandages"},{"floor":16.0,"key":"ImportantClient"},{"floor":23.0,"key":"Lantern"},{"floor":29.0,"key":"Meat on the Bone"},{"floor":31.0,"key":"ZombieArmy"},{"floor":40.0,"key":"Chameleon Ring"},{"floor":42.0,"key":"REME_HandOfSuture"},{"floor":43.0,"key":"White Beast Statue"},{"floor":48,"key":"Ccalipers"},{"floor":52,"key":"paleoftheancients:SoulOfTheWokeBloke"},{"floor":58,"key":"Replay:Wax Seal"}],"event_choices":[{"damage_healed":0.0,"max_hp_gain":5.0,"max_hp_loss":0.0,"gold_gain":0.0,"event_name":"Big Fish","player_choice":"Donut","floor":2.0,"gold_loss":0.0,"damage_taken":0.0},{"cards_removed":["Strike_G"],"damage_healed":0.0,"max_hp_gain":0.0,"max_hp_loss":0.0,"gold_gain":0.0,"event_name":"Living Wall","player_choice":"Forget","floor":10.0,"gold_loss":0.0,"damage_taken":0.0},{"damage_healed":0.0,"max_hp_gain":0.0,"max_hp_loss":0.0,"gold_gain":0.0,"event_name":"Duplicator","player_choice":"Copied","floor":19.0,"gold_loss":0.0,"damage_taken":0.0,"cards_obtained":["Accuracy"]},{"damage_healed":0.0,"max_hp_gain":5.0,"max_hp_loss":0.0,"gold_gain":0.0,"event_name":"Forgotten Altar","player_choice":"Shed Blood","floor":30.0,"gold_loss":0.0,"damage_taken":19.0},{"cards_removed":["Defend_G"],"damage_healed":0.0,"max_hp_gain":0.0,"max_hp_loss":0.0,"gold_gain":0.0,"event_name":"Falling","player_choice":"Removed Skill","floor":36.0,"gold_loss":0.0,"damage_taken":0.0},{"cards_removed":["Replay:Sluggish"],"damage_healed":0.0,"max_hp_gain":0.0,"max_hp_loss":0.0,"gold_gain":0.0,"event_name":"Wheel of Change","player_choice":"Card Removal","floor":37.0,"gold_loss":0.0,"damage_taken":0.0},{"damage_healed":0.0,"max_hp_gain":0.0,"max_hp_loss":0.0,"gold_gain":0.0,"event_name":"Tomb of Lord Red Mask","player_choice":"Ignored","floor":46.0,"gold_loss":0.0,"damage_taken":0.0},{"damage_healed":0,"gold_gain":0,"player_choice":"Memory 3","damage_taken":10,"max_hp_gain":0,"max_hp_loss":0,"event_name":"SensoryStone","floor":47,"gold_loss":0},{"damage_healed":0,"gold_gain":0,"cards_transformed":["Defend_G"],"player_choice":"Transformed","damage_taken":0,"max_hp_gain":0,"max_hp_loss":0,"event_name":"Transmorgrifier","floor":53,"gold_loss":0,"cards_obtained":["Wraith Form v2"]}],"is_beta":false,"boss_relics":[{"not_picked":["BirthdayGift-Tetrahedron","MostiFishMod:Hod"],"picked":"Kintsugi"},{"not_picked":["FrostBlade","REME_DemonsWealth"],"picked":"REME_DuelDisc"}],"items_purged_floors":[20,22,38,54],"is_endless":false,"potions_floor_spawned":[4,6,7,8,18,23,27,33,39,45,48,51,52,56,60],"ascension_level":6}}