{"host":"ss2ocoam53r2lno0","time":1608224652,"event":{"mods":["Act Like it!","BaseMod","ChefMod","Colored Powertips","Displayed Cursed Tome","Downfall","Googly Eyes","Hallownest","Highlight Path","Minty Spire (QoL Compilation)","Rare Cards Sparkle","Robot Space Explorer","Shade Mod","Shop Mod","Spicy Shops","StSLib"],"gold_per_floor":[118,131,146,146,158,158,158],"floor_reached":6,"playtime":608,"items_purged":[],"score":40,"play_id":"ac1fb3e9-0a0a-446e-9d2b-0cf9ce56cdf9","local_time":"20201217180412","is_ascension_mode":true,"campfire_choices":[],"circlet_count":0,"master_deck":["chefmod:Strike","chefmod:Strike","chefmod:Defend","chefmod:Defend","chefmod:Defend","chefmod:QuickThaw","chefmod:TodaysSpecial","chefmod:Fillet","chefmod:CuttingBoard","chefmod:Fillet","chefmod:RisingDough"],"relics":["chefmod:TrustyPot"],"acts_visited":["Exordium"],"potions_floor_usage":[5],"damage_taken":[{"damage":0,"enemies":"2 Louse","floor":1,"turns":3},{"damage":0,"enemies":"Cultist","floor":2,"turns":3},{"damage":0,"enemies":"Small Slimes","floor":3,"turns":3},{"damage":17,"enemies":"Gremlin Gang","floor":5,"turns":6},{"damage":39,"enemies":"3 Sentries","floor":6,"turns":6}],"seed_played":"-4918953991745893280","potions_obtained":[{"floor":2,"key":"Guardian:BlockOnCardUsePotion"}],"is_trial":false,"path_per_floor":["M","M","M","?","M","E"],"character_chosen":"THE_CHEF","items_purchased":[],"campfire_rested":0,"item_purchase_floors":[],"current_hp_per_floor":[55,55,55,55,38,0,0],"gold":158,"neow_bonus":"REMOVE_TWO","is_daily":false,"chose_seed":false,"campfire_upgraded":0,"win_rate":0.0,"timestamp":1608224652,"path_taken":["M","M","M","?","?","E"],"items_purchased_type":[],"build_version":"2020-12-13","purchased_purges":0,"victory":false,"max_hp_per_floor":[76,76,76,76,76,76,76],"card_choices":[{"not_picked":["chefmod:Gelato","chefmod:Chop"],"picked":"chefmod:Fillet","floor":1},{"not_picked":["chefmod:Cleavers","chefmod:Ratatouille"],"picked":"chefmod:CuttingBoard","floor":2},{"not_picked":["chefmod:ColdSteel","chefmod:SaveForLater"],"picked":"chefmod:Fillet","floor":3},{"not_picked":["chefmod:Gelato","chefmod:IcePick"],"picked":"chefmod:RisingDough","floor":5}],"player_experience":565284,"relics_obtained":[],"event_choices":[{"cards_removed":["chefmod:Strike"],"damage_healed":0,"gold_gain":0,"player_choice":"Offered Basic","damage_taken":0,"max_hp_gain":0,"max_hp_loss":0,"event_name":"Bonfire Elementals","floor":4,"gold_loss":0}],"is_beta":false,"boss_relics":[],"items_purged_floors":[],"is_endless":false,"potions_floor_spawned":[2],"killed_by":"3 Sentries","ascension_level":1}}