{"host":"l99crexq2sc8megk","time":1608222256,"event":{"mods":["BaseMod","Downfall","Hermit","Minty Spire (QoL Compilation)","Quick Restart","Replay The Spire","StSLib","The Cursed"],"gold_per_floor":[114,189,189,26,42,42,77,77,147,147,147,179,199,213,213,292,292,292],"floor_reached":17,"playtime":548,"items_purged":[],"score":277,"play_id":"499b1265-85e7-4fe8-966f-7d1b1f5be75c","local_time":"20201218002416","is_ascension_mode":true,"campfire_choices":[{"floor":6.0,"key":"REST"},{"data":"Replay:Many Hands","floor":8.0,"key":"SMITH"},{"data":"Juggernaut","floor":10.0,"key":"SMITH"},{"data":"Bloodletting","floor":15.0,"key":"SMITH"}],"circlet_count":0,"master_deck":["AscendersBane","Strike_R","Strike_R","Strike_R","Strike_R+1","Strike_R","Defend_R","Defend_R+1","Defend_R","Defend_R","Bash","Carnage","Juggernaut+1","Replay:Many Hands+1","Carnage","Corruption+1","Bloodletting+1"],"relics":["Burning Blood","Regal Pillow","Pet Ghost","Frozen Egg 2","CultistMask","Lizard Tail","Honey Jar"],"acts_visited":["Exordium","TheCity"],"potions_floor_usage":[],"damage_taken":[{"damage":19.0,"enemies":"Jaw Worm","floor":1.0,"turns":5.0},{"damage":0.0,"enemies":"Small Slimes","floor":5.0,"turns":3.0},{"damage":24.0,"enemies":"Gremlin Nob","floor":7.0,"turns":4.0},{"damage":32.0,"enemies":"Lagavulin","floor":12.0,"turns":5.0},{"damage":1.0,"enemies":"Cultist","floor":13.0,"turns":3.0},{"damage":4.0,"enemies":"2 Fungi Beasts","floor":14.0,"turns":4.0},{"damage":92.0,"enemies":"Slime Boss","floor":16.0,"turns":13.0}],"seed_played":"3183971093847030210","potions_obtained":[{"floor":7.0,"key":"Strength Potion"},{"floor":12.0,"key":"BloodPotion"},{"floor":13.0,"key":"BloodPotion"},{"floor":14.0,"key":"AttackPotion"}],"is_trial":false,"path_per_floor":["M","?","?","$","M","R","E","R","T","R","?","E","M","M","R","B",null],"character_chosen":"IRONCLAD","items_purchased":["Juggernaut"],"campfire_rested":1,"item_purchase_floors":[4],"current_hp_per_floor":[55,44,29,29,35,72,54,54,54,54,54,28,63,65,65,23,62,62],"gold":292,"neow_bonus":"RANDOM_COMMON_RELIC","is_daily":false,"chose_seed":false,"campfire_upgraded":3,"win_rate":0.0,"timestamp":1608222256,"path_taken":["M","?","?","?","?","R","E","R","T","R","?","E","?","M","R","BOSS","BOSS"],"items_purchased_type":["Card"],"build_version":"2020-12-13","purchased_purges":0,"victory":false,"max_hp_per_floor":[75,75,75,75,75,75,75,75,75,75,75,75,75,75,75,75,75,75],"card_choices":[{"not_picked":["Shrug It Off","Clash"],"picked":"Carnage","floor":1.0},{"not_picked":["Flex","Blood for Blood"],"picked":"Replay:Many Hands","floor":5.0},{"not_picked":["Clash","Body Slam"],"picked":"Carnage","floor":7.0},{"not_picked":["Clash","Clothesline"],"picked":"Corruption+1","floor":12.0},{"not_picked":["Run Through","Twin Strike"],"picked":"Bloodletting","floor":13.0},{"not_picked":["ReplayTheSpireMod:Strike From Hell","Carnage","Massacre"],"picked":"SKIP","floor":14.0}],"player_experience":358796,"relics_obtained":[{"floor":7.0,"key":"Pet Ghost"},{"floor":9.0,"key":"Frozen Egg 2"},{"floor":12.0,"key":"Lizard Tail"}],"event_choices":[{"damage_healed":0.0,"max_hp_gain":0.0,"max_hp_loss":0.0,"gold_gain":75.0,"event_name":"World of Goop","player_choice":"Gather Gold","floor":2.0,"gold_loss":0.0,"damage_taken":11.0},{"damage_healed":0.0,"max_hp_gain":0.0,"max_hp_loss":0.0,"gold_gain":0.0,"event_name":"Shining Light","player_choice":"Entered Light","floor":3.0,"gold_loss":0.0,"damage_taken":15.0,"cards_upgraded":["Defend_R","Strike_R"]},{"damage_healed":0.0,"max_hp_gain":0.0,"max_hp_loss":0.0,"gold_gain":0.0,"event_name":"FaceTrader","player_choice":"Trade","floor":11.0,"gold_loss":0.0,"damage_taken":0.0,"relics_obtained":["CultistMask"]}],"is_beta":false,"boss_relics":[{"not_picked":["Kintsugi","Runic Pyramid"],"picked":"Honey Jar"}],"items_purged_floors":[],"is_endless":false,"potions_floor_spawned":[7,12,13,14],"ascension_level":14}}