{"host":"ku7h2vk4czvj6teb","time":1608214168,"event":{"mods":["2.2 Compatiblity","AchievementEnabler","Aspiration","BaseMod","Better Altar","Better Match","Better Note","Better Sensory Stone","Better Skull","Better Third Choice","Better Vampires","BetterRewards","Block Reminder","Colored Map","Colored Powertips","Conspire","Curses Come First","Downfall","Filter the Spire","Highlight Path","Hubris","Minty Spire (QoL Compilation)","Permanent Neow","Quick Restart","Rare Cards Sparkle","Relic Stats","Replay The Spire","Say the Spire","Shop Mod","Spicy Shops","StSLib","SuperFastMode","Swap Starting Deck Mod","Thieving Mod","Transform Curses","UnlockEverythingMod"],"gold_per_floor":[115,227,1,21,21,21,21,37,37,63,63,104,104,139,139,235,235,255,255,363,288,302,335,335,335,360,372,403,403,403,115,115,220,220,230,230,246,246,246],"floor_reached":38,"playtime":1467,"items_purged":["Clumsy","hexamod:Haunted"],"score":589,"play_id":"6ca2b163-307e-44a6-824e-356803013682","local_time":"20201217140928","is_ascension_mode":false,"campfire_choices":[{"floor":6.0,"key":"RECALL"},{"floor":11.0,"key":"REST"},{"data":"Transmutation","floor":13.0,"key":"SMITH"},{"floor":15.0,"key":"REST"},{"floor":25.0,"key":"REST"},{"floor":30.0,"key":"REST"},{"floor":32.0,"key":"REST"}],"circlet_count":0,"master_deck":["Strike_R","Strike_R","Strike_R","Strike_R","Strike_R","Defend_R","Defend_R+1","Defend_R","Defend_R","Inflame","Clothesline","Thunderclap","Transmutation+1","Twin Strike","Clothesline","Survivor+1","Neutralize","Iron Wave","Iron Wave","ReplayTheSpireMod:Muscle Training","Heavy Blade","Run Through","Berserk","Defy Death+1","Cleave","Inflame","Sentinel+1","Armaments","Replay:SS_forest_6+1","Inflame","Burning Pact+1","Intimidate","Intimidate","Replay:Undeath\u0027s Touch","Pummel","expansioncontent:StudyTheSpire","Madness","Demon Form","Disarm+1","Crow Ritual","expansioncontent:HyperBeam","Spot Weakness+1"],"relics":["Burning Blood","TheAbacus","Question Card","HandDrill","Mirror","Bronze Scales","Pen Nib","ReplayTheSpireMod:CursedCoin","War Paint","Bottled Lightning","aspiration:StickyExplosives_weak","aspiration:FutureDiary","Blue Doll","hubris:ToyBattleship","Shuriken","Happy Flower","Blue Candle","BargainBundle","Ooze Armor"],"acts_visited":["Exordium","TheCity","TheBeyond"],"potions_floor_usage":[],"damage_taken":[{"damage":1.0,"enemies":"Jaw Worm","floor":1.0,"turns":3.0},{"damage":0.0,"enemies":"Cultist","floor":4.0,"turns":4.0},{"damage":18.0,"enemies":"3 Sentries","floor":10.0,"turns":6.0},{"damage":11.0,"enemies":"conspire:MimicChest","floor":12.0,"turns":6.0},{"damage":14.0,"enemies":"Lagavulin","floor":14.0,"turns":4.0},{"damage":40.0,"enemies":"Slime Boss","floor":16.0,"turns":10.0},{"damage":6.0,"enemies":"Spheric Guardian","floor":18.0,"turns":3.0},{"damage":3.0,"enemies":"3 Byrds","floor":22.0,"turns":3.0},{"damage":37.0,"enemies":"Book of Stabbing","floor":23.0,"turns":4.0},{"damage":0.0,"enemies":"Snecko","floor":27.0,"turns":4.0},{"damage":20.0,"enemies":"conspire:Head Lice","floor":28.0,"turns":6.0},{"damage":15.0,"enemies":"conspire:MysteriousRune","floor":33.0,"turns":5.0},{"damage":26.0,"enemies":"Orb Walker","floor":35.0,"turns":4.0},{"damage":39.0,"enemies":"3 Shapes","floor":37.0,"turns":2.0},{"damage":27,"enemies":"Transient","floor":38,"turns":2}],"seed_played":"-3730541246222788370","potions_obtained":[{"floor":1.0,"key":"Strength Potion"},{"floor":19.0,"key":"ElixirPotion"},{"floor":19.0,"key":"CultistPotion"},{"floor":19.0,"key":"FearPotion"},{"floor":22.0,"key":"EssenceOfSteel"},{"floor":23.0,"key":"Weak Potion"},{"floor":28.0,"key":"Elixir"}],"is_trial":false,"path_per_floor":["M","?","$","M","$","R","?","$","T","E","R","?","R","E","R","B",null,"M","?","?","?","M","E","T","R","T","M","E","?","R","$","R","B",null,"M","?","M","M"],"character_chosen":"IRONCLAD","items_purchased":["TheAbacus","Question Card","HandDrill","Mirror","Bronze Scales","Inflame","Clothesline","Transmutation","Twin Strike","ReplayTheSpireMod:CursedCoin","Iron Wave","BargainBundle","Inflame","Burning Pact+1","Intimidate","Replay:Undeath\u0027s Touch","Pummel","expansioncontent:StudyTheSpire","Madness","PowerPotion","champ:CounterPotion","Strength Potion"],"campfire_rested":5,"item_purchase_floors":[0,0,0,0,0,0,0,3,3,8,8,31,31,31,31,31,31,31,31,31,31,31],"current_hp_per_floor":[80,52,52,58,58,58,58,58,58,46,70,65,65,57,80,46,80,80,80,54,54,57,26,26,50,50,56,42,42,66,66,80,71,80,60,60,27,0,0],"gold":246,"neow_bonus":"","is_daily":false,"chose_seed":false,"campfire_upgraded":1,"win_rate":0.0,"timestamp":1608214168,"path_taken":["M","?","$","?","$","R","?","?","T","E","R","?","R","E","R","BOSS","M","?","?","?","M","E","?","R","T","M","E","?","R","?","R","BOSS","M","?","M","M"],"items_purchased_type":["Relic","Relic","Relic","Relic","Relic","Card","Card","Card","Card","Relic","Card","Relic","Card","Card","Card","Card","Card","Card","Card","Potion","Potion","Potion"],"build_version":"2020-12-13","purchased_purges":2,"victory":false,"max_hp_per_floor":[80,80,80,80,80,80,80,80,80,80,80,80,80,80,80,80,80,80,80,80,80,80,80,80,80,80,80,80,80,80,80,80,80,80,80,80,80,80,80],"relic_stats":{"TheAbacus":[138],"Happy Flower":[7],"counters":[142,827],"Shuriken":[18],"Bronze Scales":[186],"Blue Candle":[0],"Pen Nib":[34],"HandDrill":[12],"War Paint":["Survivor","Defend_R"],"Question Card":17,"obtain_stats":[{"hubris:CrystalStatue":19,"CeramicFish":28,"Vajra":22,"Ginger":4,"Whetstone":54,"Boot":26,"Blood Vial":6,"Sozu":17,"Lizard Tail":24,"HornCleat":30,"Strawberry":45,"MealTicket":9,"Philosopher\u0027s Stone":17,"HandDrill":0,"Kunai":0,"Replay:Wax Seal":47,"conspire:Dentures":3,"MerchantsRug":12,"conspire:TreasureMap":0,"Happy Flower":26,"ReplayTheSpireMod:CursedCoin":10,"Blue Candle":28,"Oddly Smooth Stone":8,"Pen Nib":0,"hubris:HollowSoul":34,"Charon\u0027s Ashes":53,"War Paint":10,"Question Card":0,"Akabeko":7,"aspiration:FrozenJewel":10,"WarpedTongs":3,"Replay:Baseball":26,"Bottled Flame":15,"Shuriken":23,"Ooze Armor":34,"Bird Faced Urn":0,"Bronze Scales":0,"Pandora\u0027s Box":17,"Simple Rune":47,"CultistMask":2,"Mark of Pain":34,"hubris:TenFootPole":7,"ReplayTheSpireMod:TigerMarble":30,"conspire:BottledYoYo":9,"hubris:ToyBattleship":23,"Grinning Jar":43,"Mirror":0,"aspiration:Lifesprig":24,"Torii":49,"SacredBark":34,"Blue Doll":0,"conspire:SpecialSausage":34,"Mango":47,"King of Hearts":43,"Burning Blood":0,"ClockworkSouvenir":0,"conspire:InfiniteJournal":0,"aspiration:StickyExplosives_weak":6,"SsserpentHead":7,"Shovel":14,"TheAbacus":0,"hubris:Icosahedron":5,"Chameleon Ring":12,"Gambling Chip":28,"hubris:ScarierMask":17,"hubris:CuriousFeather":46,"Red Mask":29,"Chemical X":8,"hubris:ChampionShield":11,"aspiration:FutureDiary":17,"Red Skull":14,"Lee\u0027s Waffle":8,"BargainBundle":0,"ReplayTheSpireMod:Ninjato":54,"aspiration:FetidBarrel":0,"Golden Idol":3,"The Courier":26,"Omamori":3,"Frozen Egg 2":4,"hubris:Towel":11,"Orichalcum":26,"White Beast Statue":10,"Mercury Hourglass":47,"Strange Spoon":47,"CaptainsWheel":0,"Anchor":2,"Bloody Idol":21,"betterThird:SlimedRelic":10,"aspiration:WatcherSkillbook":17,"Membership Card":28,"Bottled Lightning":12,"ReplayTheSpireMod:ShopPack":8,"hubris:BottledRain":32},{"hubris:CrystalStatue":20,"CeramicFish":45,"Vajra":87,"Ginger":2,"Whetstone":126,"Boot":115,"Blood Vial":7,"Sozu":86,"Lizard Tail":24,"HornCleat":117,"Strawberry":52,"MealTicket":4,"Philosopher\u0027s Stone":61,"HandDrill":33,"Kunai":56,"Replay:Wax Seal":97,"conspire:Dentures":81,"MerchantsRug":74,"conspire:TreasureMap":56,"Happy Flower":136,"ReplayTheSpireMod:CursedCoin":60,"Blue Candle":138,"Oddly Smooth Stone":17,"Pen Nib":101,"hubris:HollowSoul":119,"Charon\u0027s Ashes":125,"War Paint":130,"Question Card":127,"Akabeko":37,"aspiration:FrozenJewel":105,"WarpedTongs":70,"Replay:Baseball":25,"Bottled Flame":40,"Shuriken":113,"Ooze Armor":139,"Bird Faced Urn":32,"Bronze Scales":127,"Pandora\u0027s Box":19,"Simple Rune":97,"CultistMask":1,"Mark of Pain":47,"hubris:TenFootPole":60,"ReplayTheSpireMod:TigerMarble":68,"conspire:BottledYoYo":84,"hubris:ToyBattleship":136,"Grinning Jar":123,"Mirror":127,"aspiration:Lifesprig":44,"Torii":55,"SacredBark":28,"Blue Doll":80,"conspire:SpecialSausage":92,"Mango":97,"King of Hearts":95,"Burning Blood":0,"ClockworkSouvenir":33,"conspire:InfiniteJournal":33,"aspiration:StickyExplosives_weak":83,"SsserpentHead":104,"Shovel":40,"TheAbacus":101,"hubris:Icosahedron":104,"Chameleon Ring":106,"Gambling Chip":45,"hubris:ScarierMask":109,"hubris:CuriousFeather":52,"Red Mask":117,"Chemical X":17,"hubris:ChampionShield":38,"aspiration:FutureDiary":133,"Red Skull":60,"Lee\u0027s Waffle":60,"BargainBundle":101,"ReplayTheSpireMod:Ninjato":100,"aspiration:FetidBarrel":33,"Golden Idol":34,"The Courier":65,"Omamori":103,"Frozen Egg 2":6,"hubris:Towel":18,"Orichalcum":44,"White Beast Statue":74,"Mercury Hourglass":124,"Strange Spoon":97,"CaptainsWheel":32,"Anchor":70,"Bloody Idol":43,"betterThird:SlimedRelic":84,"aspiration:WatcherSkillbook":41,"Membership Card":45,"Bottled Lightning":131,"ReplayTheSpireMod:ShopPack":17,"hubris:BottledRain":46},{"hubris:CrystalStatue":108,"CeramicFish":251,"Vajra":512,"Ginger":9,"Whetstone":749,"Boot":687,"Blood Vial":36,"Sozu":506,"Lizard Tail":128,"HornCleat":696,"Strawberry":306,"MealTicket":19,"Philosopher\u0027s Stone":382,"HandDrill":182,"Kunai":334,"Replay:Wax Seal":568,"conspire:Dentures":477,"MerchantsRug":441,"conspire:TreasureMap":334,"Happy Flower":805,"ReplayTheSpireMod:CursedCoin":363,"Blue Candle":815,"Oddly Smooth Stone":90,"Pen Nib":605,"hubris:HollowSoul":709,"Charon\u0027s Ashes":742,"War Paint":775,"Question Card":762,"Akabeko":196,"aspiration:FrozenJewel":625,"WarpedTongs":426,"Replay:Baseball":134,"Bottled Flame":216,"Shuriken":674,"Ooze Armor":820,"Bird Faced Urn":176,"Bronze Scales":762,"Pandora\u0027s Box":104,"Simple Rune":568,"CultistMask":4,"Mark of Pain":269,"hubris:TenFootPole":363,"ReplayTheSpireMod:TigerMarble":419,"conspire:BottledYoYo":486,"hubris:ToyBattleship":805,"Grinning Jar":728,"Mirror":762,"aspiration:Lifesprig":245,"Torii":323,"SacredBark":157,"Blue Doll":474,"conspire:SpecialSausage":546,"Mango":568,"King of Hearts":560,"Burning Blood":0,"ClockworkSouvenir":182,"conspire:InfiniteJournal":182,"aspiration:StickyExplosives_weak":483,"SsserpentHead":617,"Shovel":216,"TheAbacus":605,"hubris:Icosahedron":617,"Chameleon Ring":634,"Gambling Chip":251,"hubris:ScarierMask":651,"hubris:CuriousFeather":306,"Red Mask":696,"Chemical X":90,"hubris:ChampionShield":206,"aspiration:FutureDiary":795,"Red Skull":363,"Lee\u0027s Waffle":363,"BargainBundle":605,"ReplayTheSpireMod:Ninjato":601,"aspiration:FetidBarrel":182,"Golden Idol":184,"The Courier":403,"Omamori":613,"Frozen Egg 2":25,"hubris:Towel":96,"Orichalcum":245,"White Beast Statue":441,"Mercury Hourglass":732,"Strange Spoon":568,"CaptainsWheel":176,"Anchor":426,"Bloody Idol":240,"betterThird:SlimedRelic":486,"aspiration:WatcherSkillbook":228,"Membership Card":251,"Bottled Lightning":781,"ReplayTheSpireMod:ShopPack":90,"hubris:BottledRain":258}],"Burning Blood":692},"card_choices":[{"not_picked":["ReplayTheSpireMod:LeadingStrike","Flex","Rampage"],"picked":"Thunderclap","floor":1.0},{"not_picked":["Sever Soul","True Grit","Dual Wield"],"picked":"Clothesline","floor":4.0},{"not_picked":["Heavy Blade","Flex","conspire:Charge"],"picked":"ReplayTheSpireMod:Muscle Training","floor":10.0},{"not_picked":["Twin Strike","Iron Wave","Havoc"],"picked":"Heavy Blade","floor":12.0},{"not_picked":["Uppercut","Thunderclap","Sword Boomerang"],"picked":"Run Through","floor":14.0},{"not_picked":["Reaper","Eclipse","Bludgeon"],"picked":"Berserk","floor":16.0},{"not_picked":["Fire Breathing","Sword Boomerang","Warcry"],"picked":"Defy Death+1","floor":18.0},{"not_picked":["Clash","Wild Strike+1","Twin Strike+1"],"picked":"Cleave","floor":22.0},{"not_picked":["Burning Pact","Corruption","Searing Blow+1"],"picked":"Inflame","floor":23.0},{"not_picked":["Wild Strike+1","Clothesline+1","Fire Breathing+1"],"picked":"Sentinel+1","floor":27.0},{"not_picked":["Searing Blow","Run Through","Flame Barrier"],"picked":"Armaments","floor":28.0},{"not_picked":["Barricade","conspire:HitWhereItHurts","Offering"],"picked":"Demon Form","floor":33.0},{"not_picked":["Wild Strike","Ghostly Armor","Warcry"],"picked":"Disarm+1","floor":35.0},{"not_picked":["Secret Weapon","expansioncontent:BronzeBeam","Dramatic Entrance"],"picked":"Crow Ritual","floor":36.0},{"not_picked":["ReplayUltimateDefense","hubris:Insight","Transmutation"],"picked":"expansioncontent:HyperBeam","floor":36.0},{"not_picked":["Run Through+1","Body Slam","Infernal Blade+1"],"picked":"Spot Weakness+1","floor":37.0}],"player_experience":209479,"relics_obtained":[{"floor":10.0,"key":"War Paint"},{"floor":12.0,"key":"Bottled Lightning"},{"floor":14.0,"key":"aspiration:StickyExplosives_weak"},{"floor":23.0,"key":"hubris:ToyBattleship"},{"floor":24.0,"key":"Shuriken"},{"floor":26.0,"key":"Happy Flower"},{"floor":28.0,"key":"Blue Candle"}],"event_choices":[{"damage_healed":0.0,"max_hp_gain":0.0,"max_hp_loss":0.0,"gold_gain":112.0,"event_name":"betterSkull:BetterSkull","player_choice":"RE GO ","floor":2.0,"gold_loss":0.0,"damage_taken":31.0,"cards_upgraded":[],"relics_obtained":["Pen Nib"]},{"damage_healed":0.0,"max_hp_gain":0.0,"max_hp_loss":0.0,"gold_gain":0.0,"event_name":"Lab","player_choice":"Got Potions","floor":19.0,"gold_loss":0.0,"damage_taken":0.0},{"damage_healed":0.0,"max_hp_gain":0.0,"max_hp_loss":0.0,"gold_gain":108.0,"event_name":"betterSkull:BetterSkull","player_choice":"RE GO ","floor":20.0,"gold_loss":0.0,"damage_taken":29.0,"cards_upgraded":[],"relics_obtained":["Blue Doll"]},{"damage_healed":0.0,"max_hp_gain":0.0,"max_hp_loss":0.0,"gold_gain":0.0,"event_name":"betterMatch:BetterMatch","player_choice":"3","floor":21.0,"gold_loss":0.0,"damage_taken":0.0,"cards_obtained":[]},{"cards_removed":["Armaments"],"damage_healed":0.0,"max_hp_gain":0.0,"max_hp_loss":0.0,"gold_gain":0.0,"event_name":"betterNote:BetterNote","player_choice":"Take \u0026 Give","floor":29.0,"gold_loss":0.0,"damage_taken":0.0,"cards_obtained":["Replay:SS_forest_6"]},{"damage_healed":0.0,"max_hp_gain":0.0,"max_hp_loss":0.0,"gold_gain":3.0,"event_name":"betterStone:BetterStone","player_choice":"1","floor":36.0,"gold_loss":0.0,"damage_taken":0.0}],"is_beta":false,"boss_relics":[{"not_picked":["Ring of Chaos","Painkiller Herb"],"picked":"aspiration:FutureDiary"},{"not_picked":["Kintsugi","Snecko Eye"],"picked":"Ooze Armor"}],"items_purged_floors":[0,8],"is_endless":false,"potions_floor_spawned":[1,22,23,28],"killed_by":"Transient","ascension_level":0}}