{"host":"Rich","time":1608174566,"event":{"mods":["AchievementEnabler","BaseMod","Highlight Path","Minty Spire (QoL Compilation)","Relic Stats"],"gold_per_floor":[117,117,117,137,150,176,187,187,212,230,2,32,46,0,0,77,77,97,111,111,142,13,13,42,42,42,69,14,26,46,46,46,46,46],"floor_reached":33,"playtime":1117,"items_purged":["Defend_R","Bash"],"score":650,"play_id":"74c7d3f2-391b-413a-8275-d3401645ae6f","local_time":"20201216220926","is_ascension_mode":true,"campfire_choices":[{"floor":8.0,"key":"REST"},{"floor":15.0,"key":"REST"},{"floor":23,"key":"REST"},{"floor":32,"key":"REST"}],"circlet_count":0,"master_deck":["AscendersBane","Strike_R","Strike_R","Strike_R","Strike_R","Strike_R","Defend_R","Defend_R","Defend_R","Perfected Strike","Inflame","Cleave","Disarm","Shockwave","Shrug It Off","Fire Breathing","Pommel Strike","Twin Strike","Double Tap","Thunderclap"],"relics":["Fusion Hammer","Smiling Mask","Anchor","Singing Bowl","Black Star","Red Mask","Du-Vu Doll","Blood Vial","Mummified Hand","Regal Pillow","StoneCalendar"],"acts_visited":["Exordium","TheCity"],"potions_floor_usage":[21,24,24,30,33],"damage_taken":[{"damage":10.0,"enemies":"Small Slimes","floor":1.0,"turns":3.0},{"damage":6.0,"enemies":"2 Louse","floor":4.0,"turns":2.0},{"damage":7.0,"enemies":"Jaw Worm","floor":5.0,"turns":2.0},{"damage":40.0,"enemies":"3 Sentries","floor":6.0,"turns":9.0},{"damage":0.0,"enemies":"Looter","floor":7.0,"turns":2.0},{"damage":0.0,"enemies":"3 Louse","floor":10.0,"turns":2.0},{"damage":11.0,"enemies":"Lagavulin","floor":12.0,"turns":6.0},{"damage":16.0,"enemies":"Large Slime","floor":13.0,"turns":5.0},{"damage":0.0,"enemies":"Slime Boss","floor":16.0,"turns":5.0},{"damage":9.0,"enemies":"2 Thieves","floor":18.0,"turns":4.0},{"damage":29.0,"enemies":"Shell Parasite","floor":19.0,"turns":4.0},{"damage":20,"enemies":"Masked Bandits","floor":21,"turns":4},{"damage":41,"enemies":"Gremlin Leader","floor":24,"turns":6},{"damage":23,"enemies":"Shelled Parasite and Fungi","floor":29,"turns":3},{"damage":7,"enemies":"Snecko","floor":30,"turns":4},{"damage":90,"enemies":"Automaton","floor":33,"turns":6}],"seed_played":"7440680359034881048","potions_obtained":[{"floor":6.0,"key":"HeartOfIron"},{"floor":19.0,"key":"SpeedPotion"},{"floor":21,"key":"Regen Potion"},{"floor":29,"key":"AttackPotion"},{"floor":30,"key":"SteroidPotion"}],"is_trial":false,"path_per_floor":["M","?","?","M","M","E","M","R","T","M","$","E","M","?","R","B",null,"M","M","?","?","$","R","E","?","T","T","?","M","M","$","R","B"],"character_chosen":"IRONCLAD","items_purchased":["Shrug It Off","Fire Breathing","DuplicationPotion","DistilledChaos"],"campfire_rested":4,"item_purchase_floors":[11,11,11,22],"current_hp_per_floor":[58,75,70,64,57,17,17,39,39,39,39,28,12,12,34,34,65,58,29,29,11,11,34,9,25,25,25,25,6,3,3,43,0,0],"gold":46,"neow_bonus":"BOSS_RELIC","is_daily":false,"chose_seed":false,"campfire_upgraded":0,"win_rate":0.0,"timestamp":1608174566,"path_taken":["M","?","?","M","?","E","M","R","T","M","$","E","M","?","R","BOSS","M","M","?","?","$","R","E","?","T","?","?","?","M","$","R","BOSS"],"items_purchased_type":["Card","Card","Potion","Potion"],"build_version":"2020-12-07","purchased_purges":2,"victory":false,"max_hp_per_floor":[75,75,75,75,75,75,75,75,75,75,75,75,75,75,75,75,75,77,77,77,79,79,79,81,81,81,81,81,83,85,85,85,85,85],"relic_stats":{"Blood Vial":6,"Regal Pillow":15,"Singing Bowl":10,"counters":[16,67],"Mummified Hand":[2],"StoneCalendar":[0],"Black Star":1,"Smiling Mask":75,"obtain_stats":[{"Du-Vu Doll":24,"Blood Vial":24,"Anchor":6,"Regal Pillow":27,"Singing Bowl":12,"Mummified Hand":26,"StoneCalendar":28,"Fusion Hammer":0,"Black Star":17,"Red Mask":21,"Smiling Mask":3,"Burning Blood":0},{"Du-Vu Doll":13,"Blood Vial":13,"Anchor":4,"Regal Pillow":13,"Singing Bowl":7,"Mummified Hand":13,"StoneCalendar":13,"Fusion Hammer":0,"Black Star":9,"Red Mask":12,"Smiling Mask":1,"Burning Blood":0},{"Du-Vu Doll":54,"Blood Vial":54,"Anchor":16,"Regal Pillow":54,"Singing Bowl":26,"Mummified Hand":54,"StoneCalendar":54,"Fusion Hammer":0,"Black Star":36,"Red Mask":48,"Smiling Mask":3,"Burning Blood":0}]},"card_choices":[{"not_picked":["True Grit","Warcry"],"picked":"Perfected Strike","floor":1.0},{"not_picked":["Armaments","True Grit"],"picked":"Inflame","floor":4.0},{"not_picked":["Armaments","Uppercut"],"picked":"Cleave","floor":5.0},{"not_picked":["Metallicize","Seeing Red"],"picked":"Disarm","floor":6.0},{"not_picked":["Reckless Charge","Body Slam","Combust"],"picked":"SKIP","floor":7.0},{"not_picked":["Battle Trance","Flex"],"picked":"Shockwave","floor":10.0},{"not_picked":["Carnage","Anger"],"picked":"Pommel Strike","floor":12.0},{"not_picked":["Thunderclap","Whirlwind"],"picked":"Twin Strike","floor":13.0},{"not_picked":["Impervious","Exhume"],"picked":"Double Tap","floor":16.0},{"not_picked":["Intimidate","Rupture","Clothesline"],"picked":"Singing Bowl","floor":18.0},{"not_picked":["Cleave","Clash"],"picked":"Thunderclap","floor":19.0},{"not_picked":["Brutality","Headbutt","Body Slam"],"picked":"Singing Bowl","floor":21},{"not_picked":["Havoc","Thunderclap","Armaments"],"picked":"Singing Bowl","floor":24},{"not_picked":["Dropkick","Thunderclap","Warcry+1"],"picked":"Singing Bowl","floor":29},{"not_picked":["Wild Strike","Havoc","Feed"],"picked":"Singing Bowl","floor":30}],"player_experience":1909155,"relics_obtained":[{"floor":6.0,"key":"Anchor"},{"floor":12.0,"key":"Singing Bowl"},{"floor":21,"key":"Red Mask"},{"floor":24,"key":"Du-Vu Doll"},{"floor":24,"key":"Blood Vial"},{"floor":26,"key":"Mummified Hand"},{"floor":27,"key":"Regal Pillow"}],"event_choices":[{"damage_healed":25.0,"max_hp_gain":0.0,"max_hp_loss":0.0,"gold_gain":0.0,"event_name":"Big Fish","player_choice":"Banana","floor":2.0,"gold_loss":0.0,"damage_taken":0.0},{"damage_healed":0.0,"max_hp_gain":0.0,"max_hp_loss":0.0,"gold_gain":0.0,"event_name":"Scrap Ooze","player_choice":"Success","floor":3.0,"gold_loss":0.0,"damage_taken":5.0,"relics_obtained":["Smiling Mask"]},{"damage_healed":0.0,"max_hp_gain":0.0,"max_hp_loss":0.0,"gold_gain":0.0,"event_name":"World of Goop","player_choice":"Left Gold","floor":14.0,"gold_loss":46.0,"damage_taken":0.0},{"damage_healed":0.0,"max_hp_gain":0.0,"max_hp_loss":0.0,"gold_gain":0.0,"event_name":"Beggar","player_choice":"Ignored","floor":20.0,"gold_loss":0.0,"damage_taken":0.0},{"damage_healed":0,"gold_gain":0,"player_choice":"Fought Bandits","damage_taken":0,"max_hp_gain":0,"max_hp_loss":0,"event_name":"Masked Bandits","floor":21,"gold_loss":0},{"damage_healed":16,"gold_gain":0,"player_choice":"Heal","damage_taken":0,"max_hp_gain":0,"max_hp_loss":0,"event_name":"The Library","floor":25,"gold_loss":0},{"damage_healed":0,"gold_gain":0,"player_choice":"Paid Gold","damage_taken":0,"relics_obtained":["StoneCalendar"],"max_hp_gain":0,"max_hp_loss":0,"event_name":"WeMeetAgain","floor":28,"gold_loss":55}],"is_beta":true,"boss_relics":[{"not_picked":["Tiny House","Runic Cube"],"picked":"Black Star"}],"items_purged_floors":[11,22],"is_endless":false,"potions_floor_spawned":[6,12,13,19,21,29,30],"killed_by":"Automaton","ascension_level":20}}