{"host":"icrrc9b69c1a6188","time":1608168616,"event":{"mods":["BaseMod","Better Altar","Better Match","Better Note","Better Sensory Stone","Better Skull","Better Third Choice","Colored Map","Colored Powertips","Displayed Cursed Tome","Faster Ascension Climbing","HexUI Lib","Minty Spire (QoL Compilation)","Random Character Mod","Spicy Shops","StSLib","Unceasing Turn Reminder"],"gold_per_floor":[115,131,131,131,206,206,218,31,54,54,70,87,87,120,120,197,197,208,208,22,32,32,32,32,51,51,1,15,15,45,55,55,132,132,145,145,160,207,2,28,28,54,79,79,92,92,92,118,118,118,118,118,118,4,38,38,38],"floor_reached":56,"playtime":3365,"items_purged":["Dualcast","Strike_B","Zap+1","Strike_B"],"score":1912,"play_id":"a7bd9f96-a28b-4d53-a37e-93a06718d406","local_time":"20201216193016","is_ascension_mode":true,"campfire_choices":[{"data":"Zap","floor":6,"key":"SMITH"},{"data":"Reprogram","floor":10,"key":"SMITH"},{"data":"Hologram","floor":13,"key":"SMITH"},{"data":"Beam Cell","floor":15,"key":"SMITH"},{"data":"Conserve Battery","floor":23,"key":"SMITH"},{"data":"Skim","floor":29,"key":"SMITH"},{"data":"Hologram","floor":32,"key":"SMITH"},{"data":"Echo Form","floor":41,"key":"SMITH"},{"floor":44,"key":"REST"},{"floor":46,"key":"REST"},{"floor":49,"key":"RECALL"},{"data":"Go for the Eyes","floor":53,"key":"SMITH"}],"circlet_count":0,"master_deck":["AscendersBane","Strike_B","Defend_B+1","Defend_B","Defend_B","Defend_B+1","Sweeping Beam+1","Undo","Reprogram+1","Sweeping Beam+1","Hologram+1","Conserve Battery+1","Echo Form+1","Steam","Gash","Leap","Hologram+1","Skim+1","Skim","Reprogram+1","Reprogram+1","Reinforced Body","Go for the Eyes+1","Decay","Reboot"],"relics":["Cracked Core","Bag of Preparation","Letter Opener","Strawberry","War Paint","Sozu","Membership Card","MutagenicStrength","Oddly Smooth Stone","Mango","Red Mask","Busted Crown","ClockworkSouvenir","DollysMirror","Toy Ornithopter","Blue Candle","Akabeko","Whetstone","White Beast Statue"],"acts_visited":["Exordium","TheCity","TheBeyond","TheEnding"],"potions_floor_usage":[14,16,21],"damage_taken":[{"damage":9,"enemies":"Jaw Worm","floor":1,"turns":4},{"damage":1,"enemies":"Small Slimes","floor":2,"turns":3},{"damage":1,"enemies":"Cultist","floor":7,"turns":3},{"damage":0,"enemies":"2 Fungi Beasts","floor":11,"turns":2},{"damage":3,"enemies":"Exordium Thugs","floor":12,"turns":4},{"damage":1,"enemies":"3 Sentries","floor":14,"turns":5},{"damage":13,"enemies":"Hexaghost","floor":16,"turns":8},{"damage":6,"enemies":"2 Thieves","floor":18,"turns":3},{"damage":17,"enemies":"Spheric Guardian","floor":21,"turns":4},{"damage":3,"enemies":"Snake Plant","floor":25,"turns":6},{"damage":0,"enemies":"Centurion and Healer","floor":28,"turns":6},{"damage":0,"enemies":"Masked Bandits","floor":30,"turns":2},{"damage":2,"enemies":"3 Cultists","floor":31,"turns":5},{"damage":16,"enemies":"Automaton","floor":33,"turns":10},{"damage":9,"enemies":"3 Shapes","floor":35,"turns":4},{"damage":0,"enemies":"Orb Walker","floor":37,"turns":4},{"damage":15,"enemies":"Giant Head","floor":40,"turns":10},{"damage":46,"enemies":"Reptomancer","floor":42,"turns":6},{"damage":13,"enemies":"Maw","floor":45,"turns":7},{"damage":1,"enemies":"Nemesis","floor":48,"turns":9},{"damage":4,"enemies":"Awakened One","floor":50,"turns":13},{"damage":4,"enemies":"Donu and Deca","floor":51,"turns":9},{"damage":30,"enemies":"Shield and Spear","floor":55,"turns":8},{"damage":70,"enemies":"The Heart","floor":56,"turns":3}],"seed_played":"-9109762028965675834","potions_obtained":[{"floor":1,"key":"ColorlessPotion"},{"floor":7,"key":"ColorlessPotion"},{"floor":16,"key":"LiquidMemories"}],"is_trial":false,"path_per_floor":["M","M","?","T","?","R","M","$","T","R","M","M","R","E","R","B",null,"M","?","$","M","?","R","?","M","T","$","M","R","?","M","R","B",null,"M","?","M","T","$","E","R","E","T","R","M","R","?","E","R","B","B",null,"R","$","E","B"],"character_chosen":"DEFECT","items_purchased":["Reprogram","Sweeping Beam","Membership Card","Gash","Mango","ClockworkSouvenir","DollysMirror","Reinforced Body","Reboot"],"campfire_rested":2,"item_purchase_floors":[8,8,20,20,27,39,39,39,54],"current_hp_per_floor":[55,54,47,47,36,36,35,35,42,42,42,39,39,38,38,25,65,59,59,59,42,42,42,42,39,39,53,53,53,53,51,51,35,78,69,69,69,69,69,54,54,8,8,35,22,49,49,48,48,44,40,79,79,79,49,0,0],"gold":38,"neow_bonus":"RANDOM_COMMON_RELIC","is_daily":false,"chose_seed":false,"campfire_upgraded":9,"win_rate":0.0,"timestamp":1608168616,"path_taken":["M","M","?","?","?","R","M","?","T","R","M","?","R","E","R","BOSS","M","?","$","?","?","R","?","M","T","$","?","R","?","M","R","BOSS","M","?","M","?","?","E","R","E","T","R","M","R","?","E","R","BOSS","BOSS","R","$","E","BOSS"],"items_purchased_type":["Card","Card","Relic","Card","Relic","Relic","Relic","Card","Card"],"build_version":"2020-12-13","purchased_purges":4,"victory":false,"max_hp_per_floor":[71,71,71,71,71,71,71,71,78,78,78,78,78,78,78,78,78,78,78,78,78,78,78,78,78,78,92,92,92,92,92,92,92,92,92,92,92,92,92,92,92,92,92,92,92,92,92,92,92,92,92,92,92,92,92,92,92],"card_choices":[{"not_picked":["Redo","Heatsinks"],"picked":"Sweeping Beam","floor":1},{"not_picked":["Leap","Go for the Eyes"],"picked":"Undo","floor":2},{"not_picked":["Steam","Stack","Turbo"],"picked":"SKIP","floor":7},{"not_picked":["Ball Lightning","Steam Power"],"picked":"Hologram","floor":11},{"not_picked":["Electrodynamics","Beam Cell"],"picked":"Conserve Battery","floor":12},{"not_picked":["Lockon","Ball Lightning"],"picked":"Beam Cell","floor":14},{"not_picked":["All For One","Electrodynamics"],"picked":"Echo Form","floor":16},{"not_picked":["Beam Cell","Darkness"],"picked":"Steam","floor":18},{"not_picked":["Chaos","Aggregate"],"picked":"Leap","floor":21},{"not_picked":["Stack","Rip and Tear"],"picked":"Hologram","floor":25},{"not_picked":["Cold Snap+1","Defragment"],"picked":"Skim","floor":28},{"not_picked":["Force Field","Barrage+1"],"picked":"Skim","floor":31},{"not_picked":["Tempest"],"picked":"SKIP","floor":35},{"not_picked":[],"picked":"Reprogram+1","floor":37},{"not_picked":["Sweeping Beam"],"picked":"SKIP","floor":40},{"not_picked":[],"picked":"Go for the Eyes","floor":42},{"not_picked":["Static Discharge"],"picked":"SKIP","floor":45},{"not_picked":["Capacitor+1"],"picked":"SKIP","floor":48},{"not_picked":["Redo"],"picked":"SKIP","floor":55}],"player_experience":663777,"relics_obtained":[{"floor":4,"key":"Letter Opener"},{"floor":9,"key":"Strawberry"},{"floor":14,"key":"War Paint"},{"floor":26,"key":"Oddly Smooth Stone"},{"floor":30,"key":"Red Mask"},{"floor":40,"key":"Toy Ornithopter"},{"floor":42,"key":"Blue Candle"},{"floor":43,"key":"Akabeko"},{"floor":48,"key":"Whetstone"},{"floor":55,"key":"White Beast Statue"}],"event_choices":[{"cards_removed":["Strike_B"],"damage_healed":0,"gold_gain":0,"player_choice":"Card Removal","damage_taken":7,"max_hp_gain":0,"max_hp_loss":0,"event_name":"Golden Wing","floor":3,"gold_loss":0},{"damage_healed":0,"gold_gain":75,"player_choice":"Gold","damage_taken":11,"max_hp_gain":1,"max_hp_loss":0,"event_name":"betterThird:BetterGoop","floor":5,"gold_loss":0},{"cards_removed":["Reprogram"],"damage_healed":0,"gold_gain":0,"player_choice":"Give","damage_taken":0,"max_hp_gain":0,"max_hp_loss":0,"event_name":"betterNote:BetterNote","floor":19,"gold_loss":0,"cards_obtained":["None"]},{"damage_healed":0,"gold_gain":0,"player_choice":"Inject Mutagens","damage_taken":0,"relics_obtained":["MutagenicStrength"],"max_hp_gain":0,"max_hp_loss":0,"event_name":"Drug Dealer","floor":22,"gold_loss":0},{"damage_healed":0,"gold_gain":0,"player_choice":"Got Potions","damage_taken":0,"max_hp_gain":0,"max_hp_loss":0,"event_name":"Lab","floor":24,"gold_loss":0},{"damage_healed":0,"gold_gain":0,"player_choice":"Fought Bandits","damage_taken":0,"max_hp_gain":0,"max_hp_loss":0,"event_name":"Masked Bandits","floor":30,"gold_loss":0},{"cards_removed":["Beam Cell"],"damage_healed":0,"gold_gain":0,"player_choice":"Removed Attack","damage_taken":0,"max_hp_gain":0,"max_hp_loss":0,"event_name":"Falling","floor":36,"gold_loss":0},{"damage_healed":0,"gold_gain":0,"player_choice":"Cursed","damage_taken":0,"max_hp_gain":0,"max_hp_loss":0,"event_name":"Wheel of Change","floor":47,"gold_loss":0,"cards_obtained":["Decay"]}],"is_beta":false,"boss_relics":[{"not_picked":["Ectoplasm","Philosopher\u0027s Stone"],"picked":"Sozu"},{"not_picked":["Calling Bell","Coffee Dripper"],"picked":"Busted Crown"}],"items_purged_floors":[8,27,39,54],"is_endless":false,"potions_floor_spawned":[1,7,11,16,18,25,28,33,37,45,48,55],"killed_by":"The Heart","ascension_level":20}}