{"host":"k5dhp0bkccqfauyu","time":1608182250,"event":{"mods":["BaseMod","Better Note","Better Skull","Better Vampires","Colored Map","Colored Powertips","DeckTracker","Minty Spire (QoL Compilation)","Permanent Neow","StSLib","SuperFastMode"],"gold_per_floor":[114,130,15,34,34,34,67,67,67,97,111,111,126,159,171,260,272,299,324,336,348,348],"floor_reached":21,"playtime":602,"items_purged":[],"score":448,"play_id":"b7e75114-035d-4fa4-9b43-57790c1e5af7","local_time":"20201217161730","is_ascension_mode":true,"campfire_choices":[{"data":"Conclude","floor":6.0,"key":"SMITH"},{"floor":8.0,"key":"REST"},{"data":"Devotion","floor":15,"key":"SMITH"}],"circlet_count":0,"master_deck":["AscendersBane","Strike_P","Strike_P","Strike_P","Defend_P","Defend_P","Defend_P","Eruption+1","Vigilance+1","EmptyFist+1","SandsOfTime","Conclude+1","ThirdEye","Devotion+1","Wallop","Prostrate","Meditate","CrushJoints","Wish","LessonLearned+1","TalkToTheHand","FollowUp"],"relics":["Empty Cage","Shuriken","The Courier","StrikeDummy","MawBank","Runic Pyramid"],"acts_visited":["Exordium","TheCity"],"potions_floor_usage":[14,16,18],"damage_taken":[{"damage":7.0,"enemies":"2 Louse","floor":1.0,"turns":4.0},{"damage":2.0,"enemies":"Jaw Worm","floor":2.0,"turns":3.0},{"damage":0.0,"enemies":"Small Slimes","floor":4.0,"turns":3.0},{"damage":26.0,"enemies":"Gremlin Nob","floor":7.0,"turns":4.0},{"damage":5.0,"enemies":"Lagavulin","floor":10.0,"turns":5.0},{"damage":0,"enemies":"Looter","floor":11,"turns":3},{"damage":0,"enemies":"2 Fungi Beasts","floor":13,"turns":2},{"damage":0,"enemies":"Gremlin Nob","floor":14,"turns":2},{"damage":2,"enemies":"The Guardian","floor":16,"turns":5},{"damage":18,"enemies":"2 Thieves","floor":18,"turns":4},{"damage":16,"enemies":"Spheric Guardian","floor":19,"turns":4},{"damage":19,"enemies":"3 Cultists","floor":21,"turns":4}],"seed_played":"2904208532491263300","potions_obtained":[{"floor":1.0,"key":"Swift Potion"},{"floor":4.0,"key":"Strength Potion"},{"floor":10,"key":"Block Potion"},{"floor":13,"key":"SkillPotion"},{"floor":14,"key":"ColorlessPotion"},{"floor":19,"key":"Strength Potion"}],"is_trial":false,"path_per_floor":["M","M","$","M","?","R","E","R","T","E","M","?","M","E","R","B",null,"M","M","?","M"],"character_chosen":"WATCHER","items_purchased":["Conclude","ThirdEye"],"campfire_rested":1,"item_purchase_floors":[3,3],"current_hp_per_floor":[54,52,52,52,52,52,26,46,46,41,41,21,21,21,21,19,56,38,22,36,17,17],"gold":348,"neow_bonus":"BOSS_RELIC","is_daily":false,"chose_seed":false,"campfire_upgraded":2,"win_rate":0.0,"timestamp":1608182250,"path_taken":["M","M","$","M","?","R","E","R","T","E","M","?","M","E","R","BOSS","M","M","?","M"],"items_purchased_type":["Card","Card"],"build_version":"2020-12-13","purchased_purges":0,"victory":false,"max_hp_per_floor":[68,68,68,68,68,68,68,68,68,68,68,68,68,68,68,68,68,68,68,68,68,68],"card_choices":[{"not_picked":["Pray","FlyingSleeves"],"picked":"EmptyFist","floor":1.0},{"not_picked":["CutThroughFate","ThirdEye"],"picked":"SandsOfTime","floor":2.0},{"not_picked":["WreathOfFlame","FlurryOfBlows"],"picked":"Devotion","floor":4.0},{"not_picked":["BowlingBash","SashWhip"],"picked":"Wallop","floor":7.0},{"not_picked":["Halt","Tantrum"],"picked":"Prostrate","floor":10},{"not_picked":["TalkToTheHand","EmptyMind"],"picked":"Meditate","floor":11},{"not_picked":["Swivel","Crescendo"],"picked":"CrushJoints","floor":13},{"not_picked":["Fasting2","MentalFortress"],"picked":"Wish","floor":14},{"not_picked":["Scrawl","Vault"],"picked":"LessonLearned","floor":16},{"not_picked":["Adaptation","ForeignInfluence"],"picked":"TalkToTheHand","floor":18},{"not_picked":["Evaluate","FollowUp","Crescendo"],"picked":"SKIP","floor":19},{"not_picked":["Evaluate","Crescendo"],"picked":"FollowUp","floor":19}],"player_experience":1764112,"relics_obtained":[{"floor":7.0,"key":"Shuriken"},{"floor":9.0,"key":"The Courier"},{"floor":10,"key":"StrikeDummy"},{"floor":14,"key":"MawBank"}],"event_choices":[{"damage_healed":0.0,"max_hp_gain":0.0,"max_hp_loss":0.0,"gold_gain":0.0,"event_name":"Living Wall","player_choice":"Grow","floor":5.0,"gold_loss":0.0,"damage_taken":0.0,"cards_upgraded":["Eruption"]},{"damage_healed":0,"gold_gain":0,"player_choice":"Entered Light","damage_taken":20,"max_hp_gain":0,"max_hp_loss":0,"event_name":"Shining Light","floor":12,"gold_loss":0,"cards_upgraded":["Vigilance","EmptyFist"]},{"damage_healed":14,"gold_gain":0,"player_choice":"Heal","damage_taken":0,"max_hp_gain":0,"max_hp_loss":0,"event_name":"The Library","floor":20,"gold_loss":0}],"is_beta":false,"boss_relics":[{"not_picked":["Black Star","SlaversCollar"],"picked":"Runic Pyramid"}],"items_purged_floors":[],"is_endless":false,"potions_floor_spawned":[1,4,10,13,14,19],"killed_by":"3 Cultists","ascension_level":20}}