{"host":"hfxp6ue4pvwo3fit","time":1608226282,"event":{"mods":["AchievementEnabler","BaseMod","Colored Map","Colored Powertips","Highlight Path","Minty Spire (QoL Compilation)","StSLib","SuperFastMode"],"gold_per_floor":[111,91,101,119,133,165,165,200,200,228,245,245,245,245,245,245,245],"floor_reached":16,"playtime":343,"items_purged":[],"score":240,"play_id":"ff716823-56a7-4a0d-aa4f-ce47ddc53828","local_time":"20201217113122","is_ascension_mode":true,"campfire_choices":[{"data":"Uppercut","floor":7,"key":"SMITH"},{"data":"Inflame","floor":13,"key":"SMITH"},{"floor":15,"key":"REST"}],"circlet_count":0,"master_deck":["AscendersBane","Strike_R","Strike_R","Strike_R","Strike_R","Strike_R","Defend_R","Defend_R","Defend_R","Defend_R","Bash","Uppercut+1","Perfected Strike","Inflame+1","Armaments","Sentinel","Impervious"],"relics":["Burning Blood","NeowsBlessing","Bottled Tornado","Nunchaku","Juzu Bracelet","Pear"],"acts_visited":["Exordium"],"potions_floor_usage":[6,8,16],"damage_taken":[{"damage":0,"enemies":"Jaw Worm","floor":1,"turns":1},{"damage":0,"enemies":"Cultist","floor":3,"turns":1},{"damage":0,"enemies":"Small Slimes","floor":4,"turns":1},{"damage":7,"enemies":"2 Fungi Beasts","floor":5,"turns":3},{"damage":40,"enemies":"3 Sentries","floor":6,"turns":8},{"damage":15,"enemies":"Lagavulin","floor":8,"turns":6},{"damage":26,"enemies":"Gremlin Nob","floor":10,"turns":4},{"damage":7,"enemies":"Blue Slaver","floor":11,"turns":4},{"damage":29,"enemies":"The Guardian","floor":16,"turns":9}],"seed_played":"335307519815991590","potions_obtained":[{"floor":1,"key":"Strength Potion"},{"floor":2,"key":"LiquidMemories"},{"floor":11,"key":"AttackPotion"}],"is_trial":false,"path_per_floor":["M","?","M","M","M","E","R","E","T","E","M","?","R","?","R","B"],"character_chosen":"IRONCLAD","items_purchased":[],"campfire_rested":1,"item_purchase_floors":[],"current_hp_per_floor":[74,74,75,75,74,40,40,31,31,21,20,20,20,2,27,0,0],"gold":245,"neow_bonus":"THREE_ENEMY_KILL","is_daily":false,"chose_seed":false,"campfire_upgraded":2,"win_rate":0.0,"timestamp":1608226282,"path_taken":["M","?","M","?","?","E","R","E","T","E","M","?","R","?","R","BOSS"],"items_purchased_type":[],"build_version":"2020-12-13","purchased_purges":0,"victory":false,"max_hp_per_floor":[75,75,75,75,75,75,75,75,75,85,85,85,85,85,85,85,85],"card_choices":[{"not_picked":["Sword Boomerang","Dropkick"],"picked":"Uppercut","floor":1},{"not_picked":["Sword Boomerang","Wild Strike"],"picked":"Perfected Strike","floor":3},{"not_picked":["Armaments","Perfected Strike"],"picked":"Inflame","floor":4},{"not_picked":["Hemokinesis","Havoc"],"picked":"Armaments","floor":5},{"not_picked":["Havoc","Uppercut"],"picked":"Sentinel","floor":6},{"not_picked":["Cleave","Armaments","Ghostly Armor"],"picked":"SKIP","floor":8},{"not_picked":["Headbutt","Clash"],"picked":"Impervious","floor":10},{"not_picked":["Intimidate","Clothesline","Body Slam"],"picked":"SKIP","floor":11}],"player_experience":383971,"relics_obtained":[{"floor":6,"key":"Bottled Tornado"},{"floor":8,"key":"Nunchaku"},{"floor":9,"key":"Juzu Bracelet"},{"floor":10,"key":"Pear"}],"event_choices":[{"damage_healed":0,"gold_gain":0,"player_choice":"Bought 1 Potion","damage_taken":0,"max_hp_gain":0,"max_hp_loss":0,"event_name":"The Woman in Blue","floor":2,"gold_loss":0},{"damage_healed":0,"gold_gain":0,"player_choice":"Ignored","damage_taken":0,"max_hp_gain":0,"max_hp_loss":0,"event_name":"Shining Light","floor":12,"gold_loss":0},{"damage_healed":0,"gold_gain":0,"player_choice":"Fled","damage_taken":18,"max_hp_gain":0,"max_hp_loss":0,"event_name":"Scrap Ooze","floor":14,"gold_loss":0}],"is_beta":false,"boss_relics":[],"items_purged_floors":[],"is_endless":false,"potions_floor_spawned":[1,3,11],"killed_by":"The Guardian","ascension_level":20}}