{"host":"xz534terrkr331jc","time":1608193733,"event":{"mods":["BaseMod","Better Third Choice","Downfall","Hermit","Jorbs\u0027s Wanderer Trilogy","Marisa????????","Minty Spire (QoL Compilation)","Shade Mod","StSLib","The Cursed","The Hierophant","The Servant 0.9.4","The Wild Card"],"gold_per_floor":[119,132,58,58,58,87,98,23,46,46,80,80,100,111,111,214,214,228,228,228,238,253,253,272,283,283,293,293,293,307,207,207,311,311,330,300,319,319,319],"floor_reached":38,"playtime":2388,"items_purged":["Strike_R","Defend_R+1"],"score":413,"play_id":"2b316a0c-39fa-427f-a671-4ac742079264","local_time":"20201217092853","is_ascension_mode":false,"campfire_choices":[{"data":"Rampage","floor":10,"key":"SMITH"},{"data":"Whirlwind","floor":12,"key":"SMITH"},{"data":"Flex","floor":15,"key":"SMITH"},{"floor":23,"key":"RECALL"},{"data":"Uppercut","floor":29,"key":"SMITH"},{"floor":32,"key":"REST"}],"circlet_count":0,"master_deck":["Strike_R+1","Strike_R+1","Strike_R+1","Defend_R+1","Defend_R+1","Defend_R+1","Bash","Rampage+1","Shrug It Off","Whirlwind+1","Uppercut+1","Flex+1","Shrug It Off","Immolate"],"relics":["Black Blood","NeowsBlessing","Omamori","Bronze Scales","Ginger","Nilry\u0027s Codex","MutagenicStrength","Calling Bell","Tiny Chest","Meat on the Bone","Bird Faced Urn"],"acts_visited":["Exordium","TheCity","TheBeyond"],"potions_floor_usage":[11,16,16,24,33,33,33],"damage_taken":[{"damage":0,"enemies":"Cultist","floor":1,"turns":1},{"damage":0,"enemies":"Jaw Worm","floor":2,"turns":1},{"damage":0,"enemies":"Lagavulin","floor":6,"turns":1},{"damage":0,"enemies":"Small Slimes","floor":7,"turns":3},{"damage":25,"enemies":"3 Sentries","floor":11,"turns":5},{"damage":3,"enemies":"Exordium Wildlife","floor":13,"turns":3},{"damage":1,"enemies":"Red Slaver","floor":14,"turns":4},{"damage":26,"enemies":"Hexaghost","floor":16,"turns":9},{"damage":20,"enemies":"Shell Parasite","floor":18,"turns":7},{"damage":7,"enemies":"Chosen","floor":21,"turns":5},{"damage":11,"enemies":"Snecko","floor":22,"turns":4},{"damage":36,"enemies":"Centurion and Healer","floor":24,"turns":4},{"damage":14,"enemies":"3 Cultists","floor":25,"turns":4},{"damage":8,"enemies":"Chosen and Byrds","floor":27,"turns":5},{"damage":10,"enemies":"Snake Plant","floor":30,"turns":4},{"damage":64,"enemies":"Collector","floor":33,"turns":7},{"damage":21,"enemies":"3 Shapes","floor":35,"turns":5},{"damage":14,"enemies":"Orb Walker","floor":37,"turns":4},{"damage":71,"enemies":"Sphere and 2 Shapes","floor":38,"turns":5}],"seed_played":"-5786632857758222698","potions_obtained":[{"floor":1,"key":"Energy Potion"},{"floor":6,"key":"AttackPotion"},{"floor":11,"key":"Weak Potion"},{"floor":14,"key":"Block Potion"},{"floor":16,"key":"PowerPotion"},{"floor":18,"key":"BlessingOfTheForge"},{"floor":27,"key":"GamblersBrew"},{"floor":30,"key":"DuplicationPotion"},{"floor":33,"key":"DistilledChaos"},{"floor":35,"key":"HeartOfIron"},{"floor":36,"key":"CultistPotion"}],"is_trial":false,"path_per_floor":["M","M","$","$","?","E","M","$","T","R","E","R","M","M","R","B",null,"M","?","?","M","M","R","M","M","T","M","?","R","M","$","R","B",null,"M","?","M","M"],"character_chosen":"IRONCLAD","items_purchased":["Whirlwind"],"campfire_rested":1,"item_purchase_floors":[3],"current_hp_per_floor":[80,80,80,80,80,80,80,80,80,80,61,61,64,69,69,49,80,72,56,56,61,62,62,38,36,36,40,40,40,42,42,66,14,80,71,71,69,0,0],"gold":319,"neow_bonus":"THREE_ENEMY_KILL","is_daily":false,"chose_seed":false,"campfire_upgraded":4,"win_rate":0.0,"timestamp":1608193733,"path_taken":["M","M","?","$","?","E","M","$","T","R","E","R","M","M","R","BOSS","M","?","?","M","M","R","M","M","T","M","?","R","M","$","R","BOSS","M","?","M","M"],"items_purchased_type":["Card"],"build_version":"2020-12-13","purchased_purges":2,"victory":false,"max_hp_per_floor":[80,80,80,80,80,80,80,80,80,80,80,80,80,80,80,80,80,80,80,80,80,80,80,80,80,80,80,80,80,80,80,80,80,80,80,80,80,80,80],"card_choices":[{"not_picked":["Hemokinesis","Combust"],"picked":"Rampage","floor":1},{"not_picked":["Heavy Blade","Havoc"],"picked":"Shrug It Off","floor":2},{"not_picked":["Carnage","Power Through"],"picked":"Uppercut","floor":6},{"not_picked":["Clash","Thunderclap","Sword Boomerang"],"picked":"SKIP","floor":7},{"not_picked":["Sword Boomerang","Iron Wave"],"picked":"Flex","floor":11},{"not_picked":["Bludgeon","Wild Strike","Rage"],"picked":"SKIP","floor":13},{"not_picked":["Heavy Blade","Clash"],"picked":"Shrug It Off","floor":14},{"not_picked":["Sword Boomerang","Perfected Strike+1","Headbutt"],"picked":"SKIP","floor":18},{"not_picked":["Sword Boomerang","Iron Wave+1","Heavy Blade"],"picked":"SKIP","floor":21},{"not_picked":["Second Wind+1","Uppercut","Warcry"],"picked":"SKIP","floor":22},{"not_picked":["Iron Wave+1","Dual Wield","Seeing Red+1"],"picked":"SKIP","floor":24},{"not_picked":["Twin Strike","Inflame","Dual Wield"],"picked":"SKIP","floor":25},{"not_picked":["Clash","Flame Barrier","Armaments"],"picked":"SKIP","floor":27},{"not_picked":["Power Through","Corruption","Havoc"],"picked":"SKIP","floor":30},{"not_picked":["Impervious","Berserk"],"picked":"Immolate","floor":33},{"not_picked":["Disarm","Clothesline+1","Uppercut+1"],"picked":"SKIP","floor":35},{"not_picked":["Blood for Blood+1","Dropkick+1","Perfected Strike"],"picked":"SKIP","floor":37}],"player_experience":552426,"relics_obtained":[{"floor":6,"key":"Omamori"},{"floor":9,"key":"Bronze Scales"},{"floor":11,"key":"Ginger"},{"floor":19,"key":"Nilry\u0027s Codex"},{"floor":34,"key":"Tiny Chest"},{"floor":34,"key":"Meat on the Bone"},{"floor":34,"key":"Bird Faced Urn"}],"event_choices":[{"cards_removed":["Strike_R"],"damage_healed":0,"gold_gain":0,"player_choice":"Forget","damage_taken":0,"max_hp_gain":0,"max_hp_loss":0,"event_name":"Living Wall","floor":5,"gold_loss":0},{"damage_healed":0,"gold_gain":0,"player_choice":"Obtained Book","damage_taken":16,"max_hp_gain":0,"max_hp_loss":0,"event_name":"Cursed Tome","floor":19,"gold_loss":0},{"damage_healed":0,"gold_gain":0,"player_choice":"Inject Mutagens","damage_taken":0,"relics_obtained":["MutagenicStrength"],"max_hp_gain":0,"max_hp_loss":0,"event_name":"Drug Dealer","floor":20,"gold_loss":0},{"damage_healed":0,"gold_gain":0,"player_choice":"Simplicity","damage_taken":0,"max_hp_gain":0,"max_hp_loss":7,"event_name":"betterThird:BetterWriting","floor":28,"gold_loss":0},{"damage_healed":0,"gold_gain":0,"player_choice":"Bought 2 Potions","damage_taken":0,"max_hp_gain":0,"max_hp_loss":0,"event_name":"The Woman in Blue","floor":36,"gold_loss":0}],"is_beta":false,"boss_relics":[{"not_picked":["Ectoplasm","Snecko Eye"],"picked":"Black Blood"},{"not_picked":["SacredBark","Coffee Dripper"],"picked":"Calling Bell"}],"items_purged_floors":[8,31],"is_endless":false,"potions_floor_spawned":[1,6,11,14,16,18,22,27,30,33,35],"killed_by":"Sphere and 2 Shapes","ascension_level":0}}