{"host":"4wa3ho6pk3pud1fu","time":1608182627,"event":{"mods":["BaseMod","BetterRewards","Colored Map","Colored Powertips","Dio Mod","Infinite Spire","Minty Spire (QoL Compilation)","Prisma Mod","Replay The Spire","Shop Mod","StSLib","The Accelerator","The Alterego","The Cursed","The Judge","The Necromancer","The Runesmith","The Servant 0.9.4","TheBandit","Yuri Mod"],"gold_per_floor":[110,30,30,30,30,30,30,30],"floor_reached":6,"playtime":326,"items_purged":[],"score":42,"play_id":"609ca142-4411-42fa-a212-a2c327f1a456","local_time":"20201216232347","is_ascension_mode":false,"campfire_choices":[],"circlet_count":0,"master_deck":["wariomod:Strike","wariomod:Strike","wariomod:Strike","wariomod:Strike","wariomod:Defend","wariomod:Defend","wariomod:Defend","wariomod:Defend","wariomod:Step","wariomod:Leap+1","wariomod:TempestBlasts+1","wariomod:DonateDraw"],"relics":["wariomod:TheHat","infinitespire:FocusingShard"],"acts_visited":["Exordium"],"potions_floor_usage":[],"damage_taken":[{"damage":2.0,"enemies":"Small Slimes","floor":1.0,"turns":3.0},{"damage":15.0,"enemies":"Replay:BlueRogue","floor":6.0,"turns":7.0}],"seed_played":"-5526809133021532002","potions_obtained":[{"floor":1.0,"key":"SkillPotion"}],"is_trial":false,"path_per_floor":["M","$","?","?","?","E"],"character_chosen":"THE_BANDIT","items_purchased":["wariomod:DonateDraw"],"campfire_rested":0,"item_purchase_floors":[2],"current_hp_per_floor":[86,86,74,79,60,45,45,45],"gold":30,"neow_bonus":"TEN_PERCENT_HP_BONUS","is_daily":false,"chose_seed":false,"campfire_upgraded":0,"win_rate":0.0,"timestamp":1608182627,"path_taken":["M","$","?","?","?","E"],"items_purchased_type":["Card"],"build_version":"2020-12-13","purchased_purges":0,"victory":false,"max_hp_per_floor":[88,88,88,93,93,93,93,93],"card_choices":[{"not_picked":["wariomod:ThatsNotAll","wariomod:Boomsmack"],"picked":"wariomod:TempestBlasts","floor":1.0}],"player_experience":88213,"relics_obtained":[],"event_choices":[{"damage_healed":0.0,"max_hp_gain":0.0,"max_hp_loss":0.0,"gold_gain":0.0,"event_name":"Scrap Ooze","player_choice":"Success","floor":3.0,"gold_loss":0.0,"damage_taken":12.0,"relics_obtained":["infinitespire:FocusingShard"]},{"damage_healed":0.0,"max_hp_gain":5.0,"max_hp_loss":0.0,"gold_gain":0.0,"event_name":"Big Fish","player_choice":"Donut","floor":4.0,"gold_loss":0.0,"damage_taken":0.0},{"damage_healed":0.0,"max_hp_gain":0.0,"max_hp_loss":0.0,"gold_gain":0.0,"event_name":"Shining Light","player_choice":"Entered Light","floor":5.0,"gold_loss":0.0,"damage_taken":19.0,"cards_upgraded":["wariomod:Leap","wariomod:TempestBlasts"]}],"is_beta":false,"boss_relics":[],"items_purged_floors":[],"is_endless":false,"potions_floor_spawned":[1],"killed_by":"Replay:BlueRogue","ascension_level":0}}