{"host":"llpusn9usp8rznkj","time":1608235676,"event":{"mods":["2.2 Compatiblity","BaseMod","Colored Map","Colored Powertips","Conspire","Downfall","Hubris","Minty Spire (QoL Compilation)","Rare Cards Sparkle","Replay The Spire","StSLib","The Cursed"],"gold_per_floor":[119,6,6,25,25,50,50,75,75,175,175],"floor_reached":10,"playtime":244,"items_purged":[],"score":198,"play_id":"df4feeea-a962-46c4-9515-40475685badc","local_time":"20201217150756","is_ascension_mode":true,"campfire_choices":[],"circlet_count":0,"master_deck":["AscendersBane","Strike_G","Strike_G","Strike_G","Strike_G","Strike_G","Defend_G","Defend_G","Defend_G","Defend_G","Defend_G","Survivor","Neutralize","ReplayTheSpireMod:Speed Training","Backflip","Prepared","ReplayTheSpireMod:Speed Training","ReplayTheSpireMod:Scrap Shanks","ReplayTheSpireMod:Scrap Shanks"],"relics":["Ring of the Snake","NeowsBlessing","hubris:Icosahedron","Bronze Scales","Kunai","Gremlin Food"],"acts_visited":["Exordium"],"potions_floor_usage":[8,10],"damage_taken":[{"damage":0,"enemies":"Cultist","floor":1,"turns":1},{"damage":0,"enemies":"Small Slimes","floor":4,"turns":1},{"damage":0,"enemies":"Lagavulin","floor":6,"turns":1},{"damage":40,"enemies":"3 Sentries","floor":8,"turns":10},{"damage":25,"enemies":"Gremlin Nob","floor":10,"turns":4}],"seed_played":"2598793176904581281","potions_obtained":[{"floor":1,"key":"Weak Potion"},{"floor":6,"key":"ColorlessPotion"}],"is_trial":false,"path_per_floor":["M","$","?","M","$","E","?","E","T","E"],"character_chosen":"THE_SILENT","items_purchased":["Backflip","Prepared"],"campfire_rested":0,"item_purchase_floors":[2,2],"current_hp_per_floor":[59,59,59,59,59,59,59,19,19,0,0],"gold":175,"neow_bonus":"THREE_ENEMY_KILL","is_daily":false,"chose_seed":false,"campfire_upgraded":0,"win_rate":0.0,"timestamp":1608235676,"path_taken":["M","?","?","M","$","E","?","E","T","E"],"items_purchased_type":["Card","Card"],"build_version":"2020-12-13","purchased_purges":0,"victory":false,"max_hp_per_floor":[66,66,66,66,66,66,66,66,66,66,66],"card_choices":[{"not_picked":["Tactician","Fluid Movement"],"picked":"ReplayTheSpireMod:Speed Training","floor":1},{"not_picked":["Sucker Punch","PiercingWail"],"picked":"ReplayTheSpireMod:Speed Training","floor":4},{"not_picked":["Concentrate","Setup"],"picked":"ReplayTheSpireMod:Scrap Shanks","floor":6},{"not_picked":["PiercingWail","Flying Knee"],"picked":"ReplayTheSpireMod:Scrap Shanks","floor":8}],"player_experience":1070952,"relics_obtained":[{"floor":6,"key":"Bronze Scales"},{"floor":8,"key":"Kunai"},{"floor":9,"key":"Gremlin Food"}],"event_choices":[{"damage_healed":0,"gold_gain":0,"player_choice":"Disagree","damage_taken":0,"max_hp_gain":0,"max_hp_loss":0,"event_name":"conspire:LoneGhost","floor":7,"gold_loss":0}],"is_beta":false,"boss_relics":[],"items_purged_floors":[],"is_endless":false,"potions_floor_spawned":[1,6],"killed_by":"Gremlin Nob","ascension_level":20}}