{"host":"dw8189mw8rzr4e13","time":1608200799,"event":{"mods":["Act Like it!","BaseMod","Better Vampires","Colored Powertips","Downfall","Minty Spire (QoL Compilation)","Rare Cards Sparkle","StSLib"],"gold_per_floor":[99,126,139,139,139,173,223,238,30,63,82,96,6,19,35,35,35],"floor_reached":16,"playtime":1129,"items_purged":["champ:Strike"],"score":147,"play_id":"d376e43a-9e46-48e3-84a3-a7970c46c1ad","local_time":"20201217182639","is_ascension_mode":false,"campfire_choices":[{"data":"champ:Taunt","floor":1.0,"key":"SMITH"},{"data":"champ:BerserkersShout","floor":4.0,"key":"SMITH"}],"circlet_count":0,"master_deck":["champ:Strike+1","champ:Strike","champ:Strike","champ:Defend","champ:Defend","champ:Defend","champ:Defend","champ:Execute+1","champ:Taunt+1","champ:Haymaker","champ:BerserkersShout+1","champ:SkillfulDodge","champ:CalledShot","champ:TornadoPunch","champ:Encircle","champ:ShieldThrow","champ:Backstep","champ:DefensiveShout","champ:ArenaPreparation"],"relics":["champ:ChampionCrown","Nunchaku","Ice Cream","Whetstone","Lee\u0027s Waffle","Blue Candle"],"acts_visited":["Exordium"],"potions_floor_usage":[16],"damage_taken":[{"damage":68.0,"enemies":"Gremlin Nob","floor":2.0,"turns":6.0},{"damage":11.0,"enemies":"Jaw Worm","floor":3.0,"turns":5.0},{"damage":53,"enemies":"3 Sentries","floor":6,"turns":8},{"damage":9,"enemies":"Cultist","floor":8,"turns":3},{"damage":15,"enemies":"downfall:FleeingMerchant","floor":9,"turns":4},{"damage":32,"enemies":"Lagavulin","floor":10,"turns":7},{"damage":11,"enemies":"2 Louse","floor":11,"turns":2},{"damage":0,"enemies":"Exordium Thugs","floor":12,"turns":2},{"damage":33,"enemies":"downfall:FleeingMerchant","floor":13,"turns":4},{"damage":13,"enemies":"Blue Slaver","floor":14,"turns":4},{"damage":2,"enemies":"2 Fungi Beasts","floor":15,"turns":3},{"damage":80,"enemies":"downfall:Silent","floor":16,"turns":8}],"seed_played":"8492287136742446312","potions_obtained":[{"floor":2.0,"key":"SneckoOil"},{"floor":3.0,"key":"SmokeBomb"},{"floor":8,"key":"PowerPotion"},{"floor":12,"key":"champ:OpenerPotion"}],"is_trial":false,"path_per_floor":["R","E","M","R","?","E","T","M","$","E","M","M","$","M","M","B"],"character_chosen":"THE_CHAMP","items_purchased":["Lee\u0027s Waffle","champ:TornadoPunch"],"campfire_rested":0,"item_purchase_floors":[9,9],"current_hp_per_floor":[99,44,38,38,38,10,10,10,106,99,99,99,84,77,75,0,0],"gold":35,"neow_bonus":"TEN_PERCENT_HP_BONUS","is_daily":false,"chose_seed":false,"campfire_upgraded":2,"win_rate":0.0,"timestamp":1608200799,"path_taken":["R","E","M","R","?","E","T","M","$","E","M","?","$","M","M","BOSS"],"items_purchased_type":["Relic","Card"],"build_version":"2020-12-13","purchased_purges":1,"victory":false,"max_hp_per_floor":[99,99,99,99,99,99,99,99,106,106,106,106,106,106,106,106,106],"card_choices":[{"not_picked":["champ:ViciousMockery","champ:BringItOn"],"picked":"champ:Haymaker","floor":2.0},{"not_picked":["champ:CrookedStrike","champ:DefensiveShout"],"picked":"champ:BerserkersShout","floor":3.0},{"not_picked":["champ:DefensiveShout","champ:Haymaker"],"picked":"champ:SkillfulDodge","floor":6},{"not_picked":["champ:RapidStrikes","champ:BerserkersShout","champ:FlashCut"],"picked":"SKIP","floor":8},{"not_picked":["champ:BerserkersShout","champ:FanOfKnives"],"picked":"champ:CalledShot","floor":9},{"not_picked":["champ:BerserkersShout","champ:FlashCut"],"picked":"champ:Encircle","floor":10},{"not_picked":["champ:CrookedStrike","champ:FocusedDefense"],"picked":"champ:ShieldThrow","floor":11},{"not_picked":["champ:AdrenalArmor","champ:Haymaker"],"picked":"champ:Backstep","floor":12},{"not_picked":["champ:SkillfulDodge","champ:BerserkersShout"],"picked":"champ:DefensiveShout","floor":13},{"not_picked":["champ:Lariat","champ:BerserkersShout","champ:Circumvent"],"picked":"SKIP","floor":14},{"not_picked":["champ:Duel","champ:BerserkersShout"],"picked":"champ:ArenaPreparation","floor":15}],"player_experience":638755,"relics_obtained":[{"floor":2.0,"key":"Nunchaku"},{"floor":6,"key":"Ice Cream"},{"floor":7,"key":"Whetstone"},{"floor":10,"key":"Blue Candle"}],"event_choices":[{"damage_healed":0.0,"max_hp_gain":0.0,"max_hp_loss":0.0,"gold_gain":0.0,"event_name":"NoteForYourself","player_choice":"Ignored","floor":5.0,"gold_loss":0.0,"damage_taken":0.0}],"is_beta":false,"boss_relics":[],"items_purged_floors":[13],"is_endless":false,"potions_floor_spawned":[2,3,8,10,12],"killed_by":"downfall:Silent","ascension_level":0}}