{"host":"p9t7qd83igtcp2bh","time":1608184063,"event":{"mods":["2.2 Compatiblity","AchievementEnabler","BaseMod","Colored Map","Colored Powertips","Custom Start","DeckTracker","Keyboard Shortcuts","Minty Spire (QoL Compilation)","Permanent Neow","Spicy Shops","StSLib","SuperFastMode","everything is the same but u backflip on backflip"],"gold_per_floor":[112,123,48,48,61,76,76,151,151,151,167,187,147,167,167,242,292,308,308,308,308],"floor_reached":20,"playtime":1147,"items_purged":["Decay"],"score":332,"play_id":"630a2baf-a6c0-4bcb-a2ed-605ddd633026","local_time":"20201217144743","is_ascension_mode":true,"campfire_choices":[{"data":"Bouncing Flask","floor":7,"key":"SMITH"},{"floor":10,"key":"REST"},{"floor":15,"key":"REST"}],"circlet_count":0,"master_deck":["AscendersBane","Strike_G","Strike_G","Strike_G","Strike_G","Strike_G","Defend_G","Defend_G","Defend_G","Defend_G","Defend_G","Survivor+1","Neutralize","Grand Finale","Acrobatics","Footwork","Bouncing Flask+1","Footwork","PiercingWail","Night Terror","Infinite Blades","Burst","PiercingWail","Dodge and Roll+1"],"relics":["Ring of the Snake","Omamori","Tiny House"],"acts_visited":["Exordium","TheCity"],"potions_floor_usage":[12,13,16,20],"damage_taken":[{"damage":15,"enemies":"Cultist","floor":1,"turns":6},{"damage":1,"enemies":"Jaw Worm","floor":2,"turns":5},{"damage":5,"enemies":"Small Slimes","floor":5,"turns":6},{"damage":19,"enemies":"3 Louse","floor":6,"turns":5},{"damage":21,"enemies":"Blue Slaver","floor":11,"turns":5},{"damage":0,"enemies":"Lots of Slimes","floor":12,"turns":3},{"damage":0,"enemies":"Looter","floor":13,"turns":4},{"damage":0,"enemies":"Blue Slaver","floor":14,"turns":9},{"damage":6,"enemies":"The Guardian","floor":16,"turns":15},{"damage":7,"enemies":"Chosen","floor":18,"turns":6},{"damage":10,"enemies":"Masked Bandits","floor":20,"turns":3}],"seed_played":"-8928895449858748837","potions_obtained":[{"floor":2,"key":"Energy Potion"},{"floor":11,"key":"Explosive Potion"},{"floor":14,"key":"DistilledChaos"},{"floor":16,"key":"Dexterity Potion"},{"floor":17,"key":"SkillPotion"},{"floor":18,"key":"Strength Potion"}],"is_trial":false,"path_per_floor":["M","M","$","$","M","M","R","?","T","R","M","M","M","M","R","B",null,"M","?","?"],"character_chosen":"THE_SILENT","items_purchased":[],"campfire_rested":2,"item_purchase_floors":[],"current_hp_per_floor":[44,43,43,43,38,19,19,8,8,27,6,6,6,6,25,19,59,52,32,22,22],"gold":308,"neow_bonus":"THREE_RARE_CARDS","is_daily":false,"chose_seed":false,"campfire_upgraded":1,"win_rate":0.0,"timestamp":1608184063,"path_taken":["M","M","?","$","M","M","R","?","T","R","M","M","M","M","R","BOSS","M","?","?"],"items_purchased_type":[],"build_version":"2020-12-13","purchased_purges":1,"victory":false,"max_hp_per_floor":[66,66,66,66,66,66,66,66,66,66,66,66,66,66,66,66,71,71,76,76,76],"card_choices":[{"not_picked":["Adrenaline","Envenom"],"picked":"Grand Finale","floor":0},{"not_picked":["Dodge and Roll","Outmaneuver"],"picked":"Acrobatics","floor":1},{"not_picked":["Catalyst","Dodge and Roll"],"picked":"Footwork","floor":2},{"not_picked":["Dagger Spray","Flying Knee"],"picked":"Bouncing Flask","floor":5},{"not_picked":["Backflip","Bouncing Flask"],"picked":"Footwork","floor":6},{"not_picked":["Footwork","Dagger Spray"],"picked":"PiercingWail","floor":11},{"not_picked":["Accuracy","Bouncing Flask"],"picked":"Night Terror","floor":12},{"not_picked":["Concentrate","Eviscerate","Sucker Punch"],"picked":"SKIP","floor":13},{"not_picked":["Prepared","Blade Dance"],"picked":"Infinite Blades","floor":14},{"not_picked":["After Image","Corpse Explosion"],"picked":"Burst","floor":16},{"not_picked":["Dodge and Roll","Finisher"],"picked":"PiercingWail","floor":17},{"not_picked":["PiercingWail","Bane"],"picked":"Dodge and Roll+1","floor":18}],"player_experience":553636,"relics_obtained":[{"floor":9,"key":"Omamori"}],"event_choices":[{"damage_healed":0,"gold_gain":75,"player_choice":"Gather Gold","damage_taken":11,"max_hp_gain":0,"max_hp_loss":0,"event_name":"World of Goop","floor":8,"gold_loss":0},{"damage_healed":0,"gold_gain":0,"player_choice":"Shed Blood","damage_taken":25,"max_hp_gain":5,"max_hp_loss":0,"event_name":"Forgotten Altar","floor":19,"gold_loss":0},{"damage_healed":0,"gold_gain":0,"player_choice":"Fought Bandits","damage_taken":0,"max_hp_gain":0,"max_hp_loss":0,"event_name":"Masked Bandits","floor":20,"gold_loss":0}],"is_beta":false,"boss_relics":[{"not_picked":["Busted Crown","Runic Dome"],"picked":"Tiny House"}],"items_purged_floors":[3],"is_endless":false,"potions_floor_spawned":[2,11,14,16,18],"killed_by":"Masked Bandits","ascension_level":20}}