{"host":"9ndbo4kgsfoemf7y","time":1608198287,"event":{"mods":["AchievementEnabler","BaseMod","Colored Map","DeckTracker","Keyboard Shortcuts","Minty Spire (QoL Compilation)","Permanent Neow","Quick Restart","Relic Stats","StSLib","SuperFastMode"],"gold_per_floor":[110,123,133,16,16,32,66,66,91,111,111,111,121,156,156,230,230,240,251,251,251],"floor_reached":20,"playtime":550,"items_purged":[],"score":344,"play_id":"88018a7b-52c2-4615-9cd6-1f34d8cc838b","local_time":"20201217184447","is_ascension_mode":true,"campfire_choices":[{"floor":8.0,"key":"REST"},{"data":"Deadly Poison","floor":11.0,"key":"SMITH"},{"data":"Cloak And Dagger","floor":15.0,"key":"SMITH"}],"circlet_count":0,"master_deck":["AscendersBane","Strike_G","Strike_G","Strike_G","Strike_G","Defend_G","Defend_G","Defend_G","Defend_G+1","Survivor","Neutralize+1","Shame","Phantasmal Killer","Backstab","Backflip","Deadly Poison+1","Cloak And Dagger+1","Escape Plan+1","Heel Hook","Footwork","After Image","Deadly Poison","Envenom","Blade Dance"],"relics":["Ring of the Snake","Nunchaku","War Paint","PreservedInsect","WristBlade"],"acts_visited":["Exordium","TheCity"],"potions_floor_usage":[],"damage_taken":[{"damage":0.0,"enemies":"Cultist","floor":1.0,"turns":4.0},{"damage":4.0,"enemies":"Jaw Worm","floor":2.0,"turns":2.0},{"damage":1.0,"enemies":"2 Louse","floor":3.0,"turns":4.0},{"damage":7.0,"enemies":"Gremlin Gang","floor":6.0,"turns":5.0},{"damage":19.0,"enemies":"Lagavulin","floor":7.0,"turns":7.0},{"damage":3.0,"enemies":"Looter","floor":10.0,"turns":3.0},{"damage":2.0,"enemies":"Blue Slaver","floor":13.0,"turns":3.0},{"damage":10.0,"enemies":"3 Sentries","floor":14.0,"turns":3.0},{"damage":27.0,"enemies":"Hexaghost","floor":16.0,"turns":9.0},{"damage":2.0,"enemies":"Spheric Guardian","floor":18.0,"turns":5.0},{"damage":27.0,"enemies":"2 Thieves","floor":19.0,"turns":4.0},{"damage":22,"enemies":"Masked Bandits","floor":20,"turns":2}],"seed_played":"-7534047136306679861","potions_obtained":[{"floor":2.0,"key":"ColorlessPotion"},{"floor":6.0,"key":"EntropicBrew"},{"floor":7.0,"key":"Swift Potion"},{"floor":12.0,"key":"SkillPotion"},{"floor":14.0,"key":"Energy Potion"},{"floor":18.0,"key":"CultistPotion"}],"is_trial":false,"path_per_floor":["M","M","M","$","?","M","E","R","T","M","R","?","M","E","R","B",null,"M","M","?"],"character_chosen":"THE_SILENT","items_purchased":["Escape Plan","Heel Hook"],"campfire_rested":1,"item_purchase_floors":[4,4],"current_hp_per_floor":[59,55,54,54,54,47,28,47,47,44,44,44,42,32,32,5,51,49,22,0,0],"gold":251,"neow_bonus":"TRANSFORM_TWO_CARDS","is_daily":false,"chose_seed":false,"campfire_upgraded":2,"win_rate":0.0,"timestamp":1608198287,"path_taken":["M","M","?","$","?","M","E","R","T","?","R","?","?","E","R","BOSS","M","M","?"],"items_purchased_type":["Card","Card"],"build_version":"2020-12-13","purchased_purges":0,"victory":false,"max_hp_per_floor":[66,66,66,66,66,66,66,66,66,66,66,66,66,66,66,66,66,66,66,66,66],"relic_stats":{"Nunchaku":[5],"counters":[12,51],"PreservedInsect":0,"War Paint":["Escape Plan","Defend_G"],"obtain_stats":[{"Nunchaku":7,"WristBlade":17,"PreservedInsect":14,"War Paint":9,"Ring of the Snake":0},{"Nunchaku":5,"WristBlade":9,"PreservedInsect":8,"War Paint":5,"Ring of the Snake":0},{"Nunchaku":22,"WristBlade":40,"PreservedInsect":31,"War Paint":22,"Ring of the Snake":0}],"Ring of the Snake":[24]},"card_choices":[{"not_picked":["Dagger Throw","Acrobatics"],"picked":"Backflip","floor":1.0},{"not_picked":["Deflect","Riddle With Holes"],"picked":"Deadly Poison","floor":2.0},{"not_picked":["Backflip","Leg Sweep"],"picked":"Cloak And Dagger","floor":3.0},{"not_picked":["Outmaneuver","Bane"],"picked":"Footwork","floor":6.0},{"not_picked":["Footwork","Underhanded Strike"],"picked":"After Image","floor":7.0},{"not_picked":["Dodge and Roll","Slice"],"picked":"Deadly Poison","floor":10.0},{"not_picked":["Deadly Poison","Sucker Punch","Acrobatics"],"picked":"SKIP","floor":13.0},{"not_picked":["Slice","Unload","Predator"],"picked":"SKIP","floor":14.0},{"not_picked":["A Thousand Cuts","Tools of the Trade"],"picked":"Envenom","floor":16.0},{"not_picked":["Deflect","Outmaneuver","Quick Slash"],"picked":"SKIP","floor":18.0},{"not_picked":["Flying Knee","Choke"],"picked":"Blade Dance","floor":19.0}],"player_experience":687989,"relics_obtained":[{"floor":7.0,"key":"Nunchaku"},{"floor":9.0,"key":"War Paint"},{"floor":14.0,"key":"PreservedInsect"}],"event_choices":[{"damage_healed":0.0,"max_hp_gain":0.0,"max_hp_loss":0.0,"gold_gain":0.0,"event_name":"Upgrade Shrine","player_choice":"Upgraded","floor":5.0,"gold_loss":0.0,"damage_taken":0.0,"cards_upgraded":["Neutralize"]},{"damage_healed":0.0,"max_hp_gain":0.0,"max_hp_loss":0.0,"gold_gain":0.0,"event_name":"Lab","player_choice":"Got Potions","floor":12.0,"gold_loss":0.0,"damage_taken":0.0},{"damage_healed":0,"gold_gain":0,"player_choice":"Fought Bandits","damage_taken":0,"max_hp_gain":0,"max_hp_loss":0,"event_name":"Masked Bandits","floor":20,"gold_loss":0}],"is_beta":false,"boss_relics":[{"not_picked":["Ectoplasm","HoveringKite"],"picked":"WristBlade"}],"items_purged_floors":[],"is_endless":false,"potions_floor_spawned":[2,6,7,14,18],"killed_by":"Masked Bandits","ascension_level":17}}