{"host":"ci7ivtocgfxh0ueo","time":1608179640,"event":{"mods":["BaseMod","GifTheSpireLib","Minty Spire (QoL Compilation)","StSLib"],"gold_per_floor":[111,111,126,142,156,191,191,216,216,229,229,229,36,51,51,123,123,142,116,166,166,177,177,177],"floor_reached":23,"playtime":783,"items_purged":[],"score":376,"play_id":"e3d6523a-3c29-4689-9237-4e4ee9e099a5","local_time":"20201217123400","is_ascension_mode":true,"campfire_choices":[{"data":"Choke","floor":7,"key":"SMITH"},{"data":"Adrenaline","floor":11,"key":"SMITH"},{"floor":15,"key":"REST"}],"circlet_count":0,"master_deck":["AscendersBane","Strike_G","Strike_G","Strike_G","Strike_G","Strike_G","Defend_G","Defend_G","Defend_G","Defend_G","Defend_G","Survivor","Neutralize","Choke+1","Dagger Spray","Escape Plan","Masterful Stab","Adrenaline+1","Distraction+1","Deep Breath+1","Footwork","Eviscerate","Adrenaline+1","All Out Attack","Noxious Fumes","Crippling Poison+1"],"relics":["Ring of the Snake","NeowsBlessing","Potion Belt","Orichalcum","Toxic Egg 2"],"acts_visited":["Exordium","TheCity"],"potions_floor_usage":[5,6,16,16,23,23],"damage_taken":[{"damage":0,"enemies":"Small Slimes","floor":1,"turns":1},{"damage":0,"enemies":"Cultist","floor":3,"turns":1},{"damage":0,"enemies":"Jaw Worm","floor":4,"turns":1},{"damage":0,"enemies":"Gremlin Gang","floor":5,"turns":3},{"damage":33,"enemies":"3 Sentries","floor":6,"turns":10},{"damage":10,"enemies":"Gremlin Nob","floor":8,"turns":3},{"damage":0,"enemies":"Large Slime","floor":10,"turns":3},{"damage":9,"enemies":"3 Louse","floor":14,"turns":3},{"damage":6,"enemies":"Slime Boss","floor":16,"turns":7},{"damage":20,"enemies":"3 Byrds","floor":18,"turns":6},{"damage":18,"enemies":"2 Thieves","floor":19,"turns":4},{"damage":0,"enemies":"Chosen and Byrds","floor":22,"turns":2},{"damage":17,"enemies":"Book of Stabbing","floor":23,"turns":2}],"seed_played":"-4745581413349158363","potions_obtained":[{"floor":1,"key":"Explosive Potion"},{"floor":3,"key":"Ancient Potion"},{"floor":5,"key":"EssenceOfSteel"},{"floor":10,"key":"Dexterity Potion"},{"floor":19,"key":"ColorlessPotion"},{"floor":22,"key":"LiquidMemories"}],"is_trial":false,"path_per_floor":["M","?","M","M","M","E","R","E","T","M","R","?","$","M","R","B",null,"M","M","?","?","M","E"],"character_chosen":"THE_SILENT","items_purchased":["Deep Breath+1","PowerPotion","Footwork"],"campfire_rested":1,"item_purchase_floors":[13,13,13],"current_hp_per_floor":[59,59,59,59,59,26,26,16,16,16,16,16,16,7,26,20,55,35,17,17,17,17,0,0],"gold":177,"neow_bonus":"THREE_ENEMY_KILL","is_daily":false,"chose_seed":false,"campfire_upgraded":2,"win_rate":0.0,"timestamp":1608179640,"path_taken":["M","?","M","?","?","E","R","E","T","M","R","?","$","M","R","BOSS","M","?","?","?","M","E"],"items_purchased_type":["Card","Potion","Card"],"build_version":"2020-12-13","purchased_purges":0,"victory":false,"max_hp_per_floor":[66,66,66,66,66,66,66,66,66,66,66,66,66,66,66,66,66,66,66,66,66,66,66,66],"card_choices":[{"not_picked":["Cloak And Dagger","Flying Knee"],"picked":"Choke","floor":1},{"not_picked":["Reflex","Blade Dance"],"picked":"Dagger Spray","floor":3},{"not_picked":["Flying Knee","Concentrate","Blade Dance"],"picked":"SKIP","floor":4},{"not_picked":["Flechettes","Acrobatics"],"picked":"Escape Plan","floor":5},{"not_picked":["Finisher","Riddle With Holes"],"picked":"Masterful Stab","floor":6},{"not_picked":["All Out Attack","Crippling Poison"],"picked":"Adrenaline","floor":8},{"not_picked":["Poisoned Stab","Bane"],"picked":"Distraction+1","floor":10},{"not_picked":["Flechettes","Sucker Punch"],"picked":"Eviscerate","floor":14},{"not_picked":["Bullet Time+1","Grand Finale"],"picked":"Adrenaline+1","floor":16},{"not_picked":["Backflip+1","Deflect+1"],"picked":"All Out Attack","floor":18},{"not_picked":["Dagger Spray","Cloak And Dagger+1"],"picked":"Noxious Fumes","floor":19},{"not_picked":["Cloak And Dagger+1","Acrobatics+1"],"picked":"Crippling Poison+1","floor":22}],"player_experience":1262083,"relics_obtained":[{"floor":6,"key":"Potion Belt"},{"floor":8,"key":"Orichalcum"},{"floor":9,"key":"Toxic Egg 2"}],"event_choices":[{"damage_healed":0,"gold_gain":0,"player_choice":"Ignored","damage_taken":0,"max_hp_gain":0,"max_hp_loss":0,"event_name":"Purifier","floor":2,"gold_loss":0},{"damage_healed":0,"gold_gain":0,"player_choice":"0 cards matched","damage_taken":0,"max_hp_gain":0,"max_hp_loss":0,"event_name":"Match and Keep!","floor":12,"gold_loss":0,"cards_obtained":[]},{"damage_healed":0,"gold_gain":50,"player_choice":"Stole From Cult","damage_taken":0,"max_hp_gain":0,"max_hp_loss":0,"event_name":"Nest","floor":20,"gold_loss":0},{"damage_healed":0,"gold_gain":0,"player_choice":"Ignored","damage_taken":0,"max_hp_gain":0,"max_hp_loss":0,"event_name":"Cursed Tome","floor":21,"gold_loss":0}],"is_beta":false,"boss_relics":[{"not_picked":["Snecko Eye","Runic Pyramid","Sozu"]}],"items_purged_floors":[],"is_endless":false,"potions_floor_spawned":[1,3,5,10,19,22],"killed_by":"Book of Stabbing","ascension_level":17}}