{"host":"edk8ruzv78x6jv19","time":1608188220,"event":{"mods":["BaseMod","Better Third Choice","Infinite Spire","Lobotomy","Minty Spire (QoL Compilation)","Replay The Spire","StSLib","The Animator","Treasure Hunter"],"gold_per_floor":[162,162,162,162,162,162,87,120,120,120,151,169,204,50,50,156,156,175,175,175,205,61,61,88,102,102,102,102,128,155,155,155,272,272,285,285,131,131,181,181,181,216,216,216,216,216,63,83,83],"floor_reached":48,"playtime":1745,"items_purged":["Escape Plan","Infinite Blades"],"score":648,"play_id":"e56c84d2-ba20-4b28-804d-f91f315dbaf3","local_time":"20201217005700","daily_mods":["SealedDeck","Heirloom","Time Dilation","Flight","DeadlyEvents","Elite Swarm","Lethality","Night Terrors"],"is_ascension_mode":true,"campfire_choices":[{"data":"Dagger Spray","floor":6,"key":"SMITH"},{"data":"TH:CopperCoins","floor":10,"key":"SMITH"},{"data":"TH:DeckOfManyThings","floor":15,"key":"SMITH"},{"data":"infinitespire:NeuralNetwork","floor":23,"key":"SMITH"},{"data":"Adrenaline","floor":27,"key":"SMITH"},{"data":"infinitespire:Gouge","floor":28,"key":"SMITH"},{"data":"infinitespire:NeuralNetwork","floor":40,"key":"SMITH"},{"data":"infinitespire:FutureSight","floor":41,"key":"SMITH"},{"data":"TH:EnergyPotion","floor":44,"key":"SMITH"}],"circlet_count":0,"master_deck":["Cloak And Dagger+1","Hidden Blade+1","Dagger Spray+1","Dagger Spray+1","Quick Slash+1","Backflip+1","SpiderBud","TH:CursedSword+1","TH:CopperCoins+1","CrumblingArmor","Scarecrow","All Out Attack+1","QueenOfHatred","TH:DeckOfManyThings+1","Grand Finale+1","ShyLook","Die Die Die+1","FairyFestival","infinitespire:NeuralNetwork+1","infinitespire:Menacing+1","infinitespire:Gouge+1","Quick Slash+1","Flying Knee+1","Prepared+1","Distraction+1","Choke+1","ReplayTheSpireMod:Speed Training+1","TH:CopperCoins+1","OldLady","Adrenaline+1","ReplayTheSpireMod:The Works+1","TH:CopperCoins+1","Wellcheers","TH:CopperCoins+1","Phantasmal Killer+1","OSAHOGD","TH:DeckOfManyThings+1","TH:CursedSword+1","BigBird","Phantasmal Killer+1","Woodsman","Calculated Gamble+1","TH:DeckOfManyThings+1","infinitespire:NeuralNetwork+1","infinitespire:FutureSight+1","Flying Knee+1","BigBadWolf","TH:EnergyPotion+1","Amnesia","TH:Mimic","TH:CursedSword","Spreading Infection","Amnesia","TH:DeckOfManyThings"],"relics":["Ring of the Snake","Ring of Chaos","infinitespire:Joker Card","CogitoBucket","Snake Skull","infinitespire:ShieldingShard","Art of War","Prayer Wheel","TungstenRod","Tiny Chest","Runic Pyramid","FleshIdol","Black Star","infinitespire:CheckeredPen","Unceasing Top","Orrery","ReplayFunnel","infinitespire:Broken Mirror","Akabeko","infinitespire:BottledMercury","infinitespire:FocusingShard","Shuriken","Dream Catcher","Replay:Grab Bag","ReplayTheSpireMod:Onyx Gauntlets","Cursed Key","Empty Cage","SlaversCollar","TreeSap","Mark of the Bloom","PreservedInsect","ReplayTheSpireMod:EnergyBall","Tiny House","ReplayTheSpireMod:Shallot","Quantum Egg","Molten Egg 2","InkBottle","infinitespire:Lychee Nut","Strange Spoon"],"acts_visited":["Exordium","TheCity","TheBeyond"],"potions_floor_usage":[12,13,29,35],"damage_taken":[{"damage":0.0,"enemies":"Small Slimes","floor":1.0,"turns":1.0},{"damage":12,"enemies":"3 Sentries","floor":8,"turns":3},{"damage":0,"enemies":"Gremlin Nob","floor":11,"turns":2},{"damage":0,"enemies":"Jaw Worm","floor":12,"turns":1},{"damage":9,"enemies":"3 Sentries","floor":13,"turns":2},{"damage":43,"enemies":"Hexaghost","floor":16,"turns":7},{"damage":0,"enemies":"3 Byrds","floor":18,"turns":1},{"damage":0,"enemies":"Spheric Guardian","floor":25,"turns":2},{"damage":34,"enemies":"Slavers","floor":29,"turns":2},{"damage":17,"enemies":"Replay:Snechameleon","floor":30,"turns":2},{"damage":65,"enemies":"Champ","floor":33,"turns":8},{"damage":20,"enemies":"Orb Walker","floor":35,"turns":2},{"damage":0,"enemies":"Reptomancer","floor":42,"turns":1},{"damage":70,"enemies":"Giant Head","floor":48,"turns":3}],"seed_played":"8628824246909077359","potions_obtained":[{"floor":11,"key":"Poison Potion"},{"floor":12,"key":"PowerPotion"},{"floor":18,"key":"Explosive Potion"},{"floor":33,"key":"LifebloodPotion"},{"floor":39,"key":"infinitespire:BlackPotion"}],"is_trial":true,"path_per_floor":["M","WH","WH","?","?","R","$","E","T","R","E","M","E","$","R","B",null,"M","?","AVR","?","$","R","T","M","T","R","R","E","E","T","R","B",null,"M","?","$","?","AVR","R","R","E","T","R","T","T","$","E"],"character_chosen":"THE_SILENT","items_purchased":["Tiny Chest","Orrery","PreservedInsect","Strange Spoon"],"campfire_rested":0,"item_purchase_floors":[14,22,37,47],"current_hp_per_floor":[70,70,70,63,56,56,56,44,44,44,44,44,43,43,43,10,70,70,70,70,54,54,54,54,62,62,62,62,32,22,22,65,5,65,45,45,45,45,45,45,45,45,45,45,45,45,45,0,0],"gold":83,"neow_bonus":"RANDOM_COMMON_RELIC","is_daily":false,"chose_seed":false,"campfire_upgraded":9,"win_rate":0.0,"timestamp":1608188220,"path_taken":["M","WH","WH","WH","?","R","$","?","T","R","?","M","E","$","R","BOSS","M","?","AVR","?","?","R","?","?","T","R","R","?","?","?","R","BOSS","M","?","$","?","AVR","R","R","E","T","R","?","?","$","E"],"items_purchased_type":["Relic","Relic","Relic","Relic"],"build_version":"2020-12-13","purchased_purges":2,"victory":false,"max_hp_per_floor":[70,70,70,70,70,70,70,70,70,70,70,70,70,70,70,70,70,70,70,70,70,70,70,70,70,70,70,70,70,70,70,65,65,65,65,65,65,65,70,70,70,70,70,70,70,52,52,52,52],"card_choices":[{"not_picked":["Footwork","Poisoned Stab"],"picked":"Cloak And Dagger","floor":1.0},{"not_picked":["BeautyBeast","OSAHOGD"],"picked":"SpiderBud","floor":8},{"not_picked":["TH:TreasureMap"],"picked":"TH:CursedSword","floor":8},{"not_picked":["Replay:Bag of Tricks","ReplayTheSpireMod:From All Sides","Corpse Explosion"],"picked":"SKIP","floor":8},{"not_picked":["TH:BikiniMail"],"picked":"TH:CopperCoins","floor":9},{"not_picked":["OldLady","ShyLook"],"picked":"CrumblingArmor","floor":11},{"not_picked":["TH:Mimic","TH:BikiniMail"],"picked":"SKIP","floor":11},{"not_picked":["Bullet Time","Die Die Die","Night Terror"],"picked":"SKIP","floor":11},{"not_picked":["LittlePrince","FairyFestival","Woodsman"],"picked":"Singing Bowl","floor":12},{"not_picked":["MHz","WhitesApple"],"picked":"Scarecrow","floor":12},{"not_picked":["Dagger Throw","Prepared"],"picked":"All Out Attack","floor":12},{"not_picked":["Deadly Poison","Escape Plan","ReplayTheSpireMod:Exploit Weakness"],"picked":"SKIP","floor":12},{"not_picked":["MHz","Wellcheers"],"picked":"QueenOfHatred","floor":13},{"not_picked":["TH:BikiniMail"],"picked":"TH:DeckOfManyThings","floor":13},{"not_picked":["Bullet Time","Unload"],"picked":"Grand Finale","floor":13},{"not_picked":["SnowQueen","UniverseFragment","Mercenary"],"picked":"Singing Bowl","floor":16},{"not_picked":["MHz","HappyTeddy"],"picked":"ShyLook","floor":16},{"not_picked":["Poison Darts","Replay:Bag of Tricks"],"picked":"Die Die Die","floor":16},{"not_picked":["Mercenary","Rudolta"],"picked":"FairyFestival","floor":18},{"not_picked":["ReplayTheSpireMod:Exploit Weakness","Acrobatics","Concentrate"],"picked":"SKIP","floor":18},{"not_picked":["Calculated Gamble","Poisoned Stab","ReplayTheSpireMod:Scrap Shanks"],"picked":"SKIP","floor":18},{"not_picked":["Deadly Poison","Dodge and Roll+1"],"picked":"Quick Slash+1","floor":21},{"not_picked":["Underhanded Strike+1","Hidden Blade+1"],"picked":"Flying Knee","floor":22},{"not_picked":["Deflect","Draining Mist"],"picked":"Prepared","floor":22},{"not_picked":["Storm of Steel","Bane"],"picked":"Distraction","floor":22},{"not_picked":["Sucker Punch","PiercingWail"],"picked":"Choke","floor":22},{"not_picked":["Bane","ReplayTheSpireMod:Scrap Shanks+1"],"picked":"ReplayTheSpireMod:Speed Training","floor":22},{"not_picked":["TH:TreasureMap"],"picked":"TH:CopperCoins","floor":24},{"not_picked":["MHz","Murderer"],"picked":"OldLady","floor":25},{"not_picked":["Outmaneuver","Quick Slash+1"],"picked":"Adrenaline","floor":25},{"not_picked":["Dodge and Roll","Deadly Poison+1"],"picked":"ReplayTheSpireMod:The Works","floor":25},{"not_picked":["TH:ElvenBoots"],"picked":"TH:CopperCoins","floor":26},{"not_picked":["MHz","Yin"],"picked":"Wellcheers","floor":29},{"not_picked":["TH:TreasureMap"],"picked":"TH:CopperCoins","floor":29},{"not_picked":["Grand Finale","Storm of Steel"],"picked":"Phantasmal Killer","floor":29},{"not_picked":["Freischutz","LittleHelper"],"picked":"OSAHOGD","floor":30},{"not_picked":["TH:Mimic"],"picked":"TH:DeckOfManyThings","floor":30},{"not_picked":["infinitespire:Neurotoxin","After Image","Burst"],"picked":"SKIP","floor":30},{"not_picked":["TH:TreasureMap"],"picked":"TH:CursedSword","floor":31},{"not_picked":["NothingThere","BlackArmy"],"picked":"BigBird","floor":33},{"not_picked":["Night Terror","infinitespire:Neurotoxin"],"picked":"Phantasmal Killer","floor":33},{"not_picked":["MeatLantern","CherryBlossoms"],"picked":"Woodsman","floor":35},{"not_picked":["ReplayTheSpireMod:The Works+1","Eviscerate+1"],"picked":"Calculated Gamble+1","floor":35},{"not_picked":["Dagger Throw+1","Deflect+1","Caltrops+1"],"picked":"SKIP","floor":35},{"not_picked":["Poisoned Strike","Replay:Bootleg Shield Generator"],"picked":"TH:DeckOfManyThings","floor":38},{"not_picked":["Prepared+1","Poisoned Stab"],"picked":"Flying Knee+1","floor":39},{"not_picked":["WhitesApple","Murderer"],"picked":"BigBadWolf","floor":42},{"not_picked":["TH:ArmorSpikes"],"picked":"TH:EnergyPotion","floor":42},{"not_picked":["Grand Finale","ReplayTheSpireMod:From All Sides","Corpse Explosion"],"picked":"SKIP","floor":42},{"not_picked":["TH:TreasureMap"],"picked":"TH:Mimic","floor":43},{"not_picked":["TH:PixieDust"],"picked":"TH:CursedSword","floor":45},{"not_picked":["TH:BikiniMail"],"picked":"TH:DeckOfManyThings","floor":46}],"player_experience":23997,"relics_obtained":[{"floor":8,"key":"infinitespire:ShieldingShard"},{"floor":9,"key":"Art of War"},{"floor":11,"key":"Prayer Wheel"},{"floor":13,"key":"TungstenRod"},{"floor":21,"key":"Unceasing Top"},{"floor":24,"key":"ReplayFunnel"},{"floor":26,"key":"infinitespire:Broken Mirror"},{"floor":29,"key":"Akabeko"},{"floor":29,"key":"infinitespire:BottledMercury"},{"floor":30,"key":"infinitespire:FocusingShard"},{"floor":30,"key":"Shuriken"},{"floor":31,"key":"Dream Catcher"},{"floor":42,"key":"ReplayTheSpireMod:Shallot"},{"floor":42,"key":"Quantum Egg"},{"floor":43,"key":"Molten Egg 2"},{"floor":45,"key":"InkBottle"},{"floor":46,"key":"infinitespire:Lychee Nut"}],"event_choices":[{"cards_removed":["Cloak And Dagger"],"damage_healed":0,"gold_gain":0,"player_choice":"Card Removal","damage_taken":7,"max_hp_gain":0,"max_hp_loss":0,"event_name":"Golden Wing","floor":4,"gold_loss":0},{"damage_healed":0,"gold_gain":0,"player_choice":"Damaged","damage_taken":7,"max_hp_gain":0,"max_hp_loss":0,"event_name":"Wheel of Change","floor":5,"gold_loss":0},{"damage_healed":0,"gold_gain":0,"player_choice":"Upgrade","damage_taken":0,"relics_obtained":["Mark of the Bloom"],"max_hp_gain":0,"max_hp_loss":0,"event_name":"MindBloom","floor":36,"gold_loss":0,"cards_upgraded":["Cloak And Dagger","Hidden Blade","Dagger Spray","Quick Slash","Backflip","TH:CursedSword","All Out Attack","Grand Finale","Die Die Die","infinitespire:Menacing","Flying Knee","Prepared","Distraction","Choke","ReplayTheSpireMod:Speed Training","TH:CopperCoins","ReplayTheSpireMod:The Works","TH:CopperCoins","TH:CopperCoins","Phantasmal Killer","TH:DeckOfManyThings","Phantasmal Killer"]},{"damage_healed":0,"gold_gain":0,"player_choice":"Memory 1","damage_taken":0,"max_hp_gain":0,"max_hp_loss":0,"event_name":"SensoryStone","floor":38,"gold_loss":0}],"is_beta":false,"boss_relics":[{"not_picked":["Snecko Heart","Coffee Dripper"],"picked":"Runic Pyramid"},{"not_picked":["Replay:Ancient Bell","Astrolabe"],"picked":"Replay:Grab Bag"},{"not_picked":["ChewingGum","Replay:Bronze Core"],"picked":"ReplayTheSpireMod:Onyx Gauntlets"},{"not_picked":["Replay:Wanted Poster","Runic Dome"],"picked":"Cursed Key"},{"not_picked":["Replay:Drink Me","Snecko Scales"],"picked":"Empty Cage"},{"not_picked":["WristBlade","Calling Bell"],"picked":"SlaversCollar"}],"items_purged_floors":[7,20],"is_endless":false,"potions_floor_spawned":[11,12,18,33],"killed_by":"Giant Head","ascension_level":1}}