{"host":"vdpaduzlq0qlaikq","time":1608163780,"event":{"mods":["AchievementEnabler","BaseMod","Better Third Choice","BetterRewards","Colored Map","Downfall","Gold Saver","Hermit","Jorbs\u0027s Wanderer Trilogy","Minty Spire (QoL Compilation)","Relic Filter","Spicy Shops","StSLib","The Necromancer"],"gold_per_floor":[1476,1501,1501,1501,1536,1536,1536,1548,1473,1508,1520,1550,1560,1575,1590,1692,1692,1617,754,754,754,788,788,788,803,814,739,34,34,34,134,147,250,250,250,277,277,309,309,327,327,352,402,402,79,79,128,128,141,141,141,166,64,64,64],"floor_reached":56,"playtime":3740,"items_purged":["Guardian:Strike_Guardian","Guardian:Defend_Guardian","Guardian:Defend_Guardian+1"],"score":1598,"play_id":"f4e39959-e703-46c2-87ba-4bae2b09a990","local_time":"20201216220940","is_ascension_mode":true,"campfire_choices":[{"data":"Guardian:CurlUp","floor":1,"key":"SMITH"},{"floor":3,"key":"RECALL"},{"data":"Guardian:EvasiveProtocol","floor":9,"key":"SMITH"},{"data":"1","floor":18,"key":"LIFT"},{"data":"Guardian:PrismaticBarrier","floor":21,"key":"SMITH"},{"data":"Guardian:Preprogram","floor":27,"key":"SMITH"},{"data":"2","floor":39,"key":"LIFT"},{"data":"3","floor":44,"key":"LIFT"},{"data":"Guardian:Orbwalk","floor":54,"key":"SMITH"}],"circlet_count":0,"master_deck":["Guardian:Strike_Guardian+1","Guardian:Strike_Guardian+1","Guardian:Strike_Guardian+1","Guardian:Defend_Guardian+1","Guardian:Defend_Guardian+1","Guardian:CurlUp+1","Guardian:TwinSlam+1","Guardian:EvasiveProtocol+1","Guardian:PiercingHide","Guardian:ChargeUp","Guardian:BronzeOrb+1","Guardian:Orbwalk+1","Guardian:FloatingOrbs","Guardian:Preprogram+1","Guardian:EvasiveProtocol","Guardian:PrismaticBarrier+1","Guardian:PrimingBeam+1","Guardian:Reroute+1","Guardian:Orbwalk+1","Guardian:SpikerProtocol","Guardian:StasisEngine","Guardian:GuardianWhirl","Guardian:Recover+1","Guardian:TemporalStrike+1","Guardian:PiercingHide+1","Guardian:RevengeProtocol","Guardian:ShieldSpikes","expansioncontent:DefensiveStance","Guardian:WalkerClaw+1","Guardian:Orbwalk+1"],"relics":["Guardian:ModeShifter","downfall:HeartsMalice","Pen Nib","Guardian:PickAxe","Nunchaku","Eternal Feather","downfall:HeartBlessingRed","Girya","SacredBark","downfall:HeartBlessingGreen","Potion Belt","White Beast Statue","Omamori","Whetstone","WarpedTongs","downfall:HeartBlessingBlue","Matryoshka","Juzu Bracelet","Blood Vial","Smiling Mask","CaptainsWheel","Letter Opener","SlaversCollar","Gremlin Horn","Regal Pillow","Ornamental Fan","HornCleat","Kunai","Peace Pipe","Guardian:BottledStasis","Anchor","Singing Bowl","Bronze Scales","Dream Catcher","Shuriken","DollysMirror"],"acts_visited":["Exordium","TheCity","TheBeyond","TheEnding"],"potions_floor_usage":[15,32,32,36,38,42,45,45,45,50,55,55,55,55,55],"damage_taken":[{"damage":0,"enemies":"3 Sentries","floor":2,"turns":1},{"damage":0,"enemies":"Lagavulin","floor":5,"turns":1},{"damage":0,"enemies":"Cultist","floor":6,"turns":1},{"damage":0,"enemies":"Small Slimes","floor":8,"turns":3},{"damage":38,"enemies":"Gremlin Nob","floor":10,"turns":6},{"damage":0,"enemies":"Jaw Worm","floor":11,"turns":3},{"damage":0,"enemies":"3 Louse","floor":13,"turns":4},{"damage":0,"enemies":"2 Fungi Beasts","floor":14,"turns":3},{"damage":0,"enemies":"Lots of Slimes","floor":15,"turns":1},{"damage":0,"enemies":"downfall:Watcher","floor":16,"turns":8},{"damage":0,"enemies":"downfall:FleeingMerchant","floor":19,"turns":4},{"damage":9,"enemies":"Slavers","floor":22,"turns":6},{"damage":0,"enemies":"Chosen","floor":25,"turns":4},{"damage":1,"enemies":"Centurion and Healer","floor":26,"turns":5},{"damage":0,"enemies":"downfall:FleeingMerchant","floor":28,"turns":4},{"damage":10,"enemies":"downfall:Defect","floor":31,"turns":5},{"damage":0,"enemies":"3 Cultists","floor":32,"turns":3},{"damage":18,"enemies":"downfall:Ironclad","floor":33,"turns":7},{"damage":11,"enemies":"Nemesis","floor":36,"turns":5},{"damage":8,"enemies":"Giant Head","floor":38,"turns":7},{"damage":22,"enemies":"3 Shapes","floor":40,"turns":4},{"damage":0,"enemies":"Nemesis","floor":42,"turns":5},{"damage":0,"enemies":"Mind Bloom Boss Battle","floor":43,"turns":6},{"damage":0,"enemies":"downfall:FleeingMerchant","floor":45,"turns":3},{"damage":0,"enemies":"Orb Walker","floor":49,"turns":3},{"damage":22,"enemies":"downfall:Silent","floor":50,"turns":9},{"damage":0,"enemies":"downfall:CharBossMerchant","floor":52,"turns":8},{"damage":10,"enemies":"downfall:NeowBoss","floor":55,"turns":18}],"seed_played":"-5890462124666176818","potions_obtained":[{"floor":8,"key":"sneckomod:MuddlingPotion"},{"floor":10,"key":"ColorlessPotion"},{"floor":11,"key":"Dexterity Potion"},{"floor":15,"key":"Regen Potion"},{"floor":22,"key":"Dexterity Potion"},{"floor":25,"key":"PowerPotion"},{"floor":26,"key":"Weak Potion"},{"floor":28,"key":"Slimebound:ThreeZeroPotion"},{"floor":31,"key":"Guardian:BlockOnCardUsePotion"},{"floor":32,"key":"DuplicationPotion"},{"floor":33,"key":"Weak Potion"},{"floor":36,"key":"LiquidMemories"},{"floor":38,"key":"Guardian:DefensiveModePotion"},{"floor":42,"key":"SteroidPotion"},{"floor":45,"key":"Fruit Juice"},{"floor":49,"key":"Strength Potion"},{"floor":52,"key":"SkillPotion"}],"is_trial":false,"path_per_floor":["R","E","R","?","E","M","T","M","R","E","M","?","M","M","M","B",null,"R","$","?","R","E","?","T","M","M","R","$","?","?","?","M","B",null,"R","E","?","E","R","M","T","E","?","R","$","?","?","?","M","B",null,"E","$","R","B",null],"character_chosen":"GUARDIAN","items_purchased":["Potion Belt","White Beast Statue","Guardian:EvasiveProtocol","Guardian:PrismaticBarrier","Omamori","Guardian:Orbwalk","Matryoshka","Juzu Bracelet","Blood Vial","Guardian:BottledStasis","Anchor","Singing Bowl","Guardian:ShieldSpikes","Fruit Juice","AttackPotion","DollysMirror","Guardian:Gem_Red"],"campfire_rested":0,"item_purchase_floors":[19,19,19,19,19,28,28,28,28,45,45,45,45,45,45,53,53],"current_hp_per_floor":[80,80,80,68,68,68,68,68,77,39,39,39,39,39,39,39,80,80,80,80,80,71,71,71,71,70,90,90,90,90,80,82,66,90,90,79,79,90,90,68,68,70,72,87,109,109,109,109,110,88,110,112,112,112,102],"gold":64,"neow_bonus":"THREE_ENEMY_KILL","is_daily":false,"chose_seed":false,"campfire_upgraded":5,"win_rate":0.0,"timestamp":1608163780,"path_taken":["R","E","R","?","E","M","T","M","R","E","M","?","?","M","M","BOSS","R","$","?","R","E","?","T","?","M","R","$","?","?","?","M","BOSS","R","E","?","E","R","M","T","E","?","R","$","?","?","?","M","BOSS","E","$","R","BOSS"],"items_purchased_type":["Relic","Relic","Card","Card","Relic","Card","Relic","Relic","Relic","Relic","Relic","Relic","Card","Potion","Potion","Relic","Card"],"build_version":"2020-12-13","purchased_purges":3,"victory":true,"max_hp_per_floor":[80,80,80,80,80,80,80,80,80,80,80,80,80,80,80,80,80,80,80,80,80,80,80,80,80,80,90,90,90,90,90,90,90,90,90,90,90,90,90,90,90,90,90,90,110,110,110,110,110,110,110,112,112,112,112],"card_choices":[{"not_picked":["Guardian:WalkerClaw","Guardian:Recover"],"picked":"Guardian:Gem_Green","floor":2},{"not_picked":["Guardian:Repulse","Guardian:Recover","Guardian:SentryBeam"],"picked":"SKIP","floor":5},{"not_picked":["Guardian:CrystalBeam","Guardian:ShieldSpikes"],"picked":"Guardian:EvasiveProtocol","floor":6},{"not_picked":["Guardian:Gem_Fragmented","Guardian:CrystalBeam"],"picked":"Guardian:PiercingHide","floor":8},{"not_picked":["Guardian:WalkerClaw","Guardian:Gem_Cyan"],"picked":"Guardian:ChargeUp","floor":10},{"not_picked":["Guardian:MultiBeam","Guardian:TimeBomb"],"picked":"Guardian:BronzeOrb","floor":11},{"not_picked":["Guardian:PrismaticBeam","Guardian:Gem_Green"],"picked":"Guardian:Orbwalk","floor":13},{"not_picked":["Guardian:Gem_Red","Guardian:CrystalBeam"],"picked":"Guardian:FloatingOrbs","floor":14},{"not_picked":["Guardian:TemporalShield","Guardian:Recover"],"picked":"Guardian:Gem_Red","floor":15},{"not_picked":["Guardian:PrimingBeam","Guardian:DecasProtection"],"picked":"Guardian:Preprogram","floor":19},{"not_picked":["Guardian:HyperBeam_Guardian","Guardian:Repulse+1"],"picked":"Guardian:PrimingBeam+1","floor":22},{"not_picked":["Guardian:ChargeCore","Guardian:ShieldCharger"],"picked":"Guardian:Reroute+1","floor":25},{"not_picked":["Guardian:Suspension","Guardian:RollAttack"],"picked":"Guardian:Gem_Green","floor":26},{"not_picked":["Guardian:BronzeArmor","Guardian:WalkerClaw+1"],"picked":"Guardian:Gem_Green","floor":28},{"not_picked":["Guardian:MultiBeam+1","Guardian:Gem_Cyan"],"picked":"Guardian:SpikerProtocol","floor":31},{"not_picked":["Guardian:Gem_Red","Guardian:Suspension"],"picked":"Guardian:Gem_Lightblue","floor":32},{"not_picked":["Guardian:Gem_Synthetic","Guardian:SphericShield"],"picked":"Guardian:StasisEngine","floor":33},{"not_picked":["Guardian:Emergency+1","Guardian:CrystalBeam+1"],"picked":"Guardian:GuardianWhirl","floor":36},{"not_picked":["Guardian:Gem_Lightblue","Guardian:RevengeProtocol"],"picked":"Guardian:Recover+1","floor":38},{"not_picked":["Guardian:ChargeCore","Guardian:Incinerate"],"picked":"Guardian:TemporalStrike+1","floor":40},{"not_picked":["Guardian:RollAttack","Guardian:GemFire"],"picked":"Guardian:PiercingHide+1","floor":42},{"not_picked":["Guardian:PrimingBeam+1","Guardian:Incinerate"],"picked":"Guardian:Gem_Cyan","floor":43},{"not_picked":["Guardian:GuardianWhirl+1","Guardian:BronzeOrb"],"picked":"Guardian:RevengeProtocol","floor":45},{"not_picked":["expansioncontent:SuperHexaguard","expansioncontent:PrepareCrush"],"picked":"expansioncontent:DefensiveStance","floor":48},{"not_picked":["Guardian:DecasProtection","Guardian:Suspension"],"picked":"Guardian:WalkerClaw+1","floor":49},{"not_picked":["Guardian:RollAttack+1","Guardian:FierceBash","Guardian:TemporalShield"],"picked":"Singing Bowl","floor":52}],"player_experience":577598,"relics_obtained":[{"floor":2,"key":"Pen Nib"},{"floor":5,"key":"Nunchaku"},{"floor":7,"key":"Eternal Feather"},{"floor":10,"key":"Girya"},{"floor":22,"key":"Whetstone"},{"floor":31,"key":"CaptainsWheel"},{"floor":31,"key":"Letter Opener"},{"floor":36,"key":"Gremlin Horn"},{"floor":38,"key":"Regal Pillow"},{"floor":41,"key":"Ornamental Fan"},{"floor":41,"key":"HornCleat"},{"floor":42,"key":"Kunai"},{"floor":43,"key":"Peace Pipe"},{"floor":47,"key":"Bronze Scales"},{"floor":47,"key":"Dream Catcher"},{"floor":52,"key":"Shuriken"}],"event_choices":[{"damage_healed":0,"gold_gain":0,"player_choice":"Simplicity","damage_taken":0,"max_hp_gain":0,"max_hp_loss":6,"event_name":"betterThird:BetterWriting","floor":20,"gold_loss":0},{"cards_removed":["Guardian:Gem_Green"],"damage_healed":5,"gold_gain":0,"player_choice":"Offered Common","damage_taken":0,"max_hp_gain":0,"max_hp_loss":0,"event_name":"Bonfire Elementals","floor":29,"gold_loss":0},{"cards_removed":["Guardian:Gem_Green"],"damage_healed":5,"gold_gain":0,"player_choice":"Offered Special","damage_taken":0,"max_hp_gain":0,"max_hp_loss":0,"event_name":"Bonfire Elementals","floor":29,"gold_loss":0},{"damage_healed":0,"gold_gain":0,"player_choice":"Upgraded","damage_taken":0,"max_hp_gain":0,"max_hp_loss":0,"event_name":"Upgrade Shrine","floor":37,"gold_loss":0,"cards_upgraded":["Guardian:Orbwalk"]}],"is_beta":false,"boss_relics":[{"not_picked":["Pandora\u0027s Box","Sozu"],"picked":"SacredBark"},{"not_picked":["Cursed Key","Busted Crown"],"picked":"SlaversCollar"}],"items_purged_floors":[19,19,28],"is_endless":false,"potions_floor_spawned":[8,10,11,13,15,22,25,26,28,31,32,33,36,38,40,42,43,45,49,52],"ascension_level":1}}