{"host":"qoai0zeca0j4yswu","time":1608248672,"event":{"mods":["BaseMod","Downfall","Minty Spire (QoL Compilation)","StSLib","The Animator"],"gold_per_floor":[99,99,6,6,6,6,6,6,6,41,52,52,68,53,70,165,165,15,35,54,54,54],"floor_reached":21,"playtime":1315,"items_purged":[],"score":225,"play_id":"68faad48-f3be-461e-94c1-a3dfb2f38a59","local_time":"20201217154432","is_ascension_mode":false,"campfire_choices":[{"floor":1,"key":"RECALL"},{"data":"expansioncontent:DefensiveStance","floor":4,"key":"SMITH"},{"data":"Slimebound:RainOfGoop","floor":6,"key":"SMITH"},{"data":"Slimebound:FlameTackle","floor":8,"key":"SMITH"},{"data":"Slimebound:MassFeed","floor":18,"key":"SMITH"}],"circlet_count":0,"master_deck":["Slimebound:Strike_Slimebound","Slimebound:Strike_Slimebound","Slimebound:Strike_Slimebound","Slimebound:Tackle","Slimebound:Defend_Slimebound","Slimebound:Defend_Slimebound+1","Slimebound:Defend_Slimebound","Slimebound:Defend_Slimebound","Slimebound:Split","Slimebound:CorrosiveSpit+1","Slimebound:FlameTackle+1","Slimebound:Chomp+1","expansioncontent:DefensiveStance+1","Slimebound:RainOfGoop+1","Regret","Slimebound:ComboTackle","Slimebound:SlimeSpikes","Slimebound:MassFeed","Slimebound:MassFeed+1","CurseOfTheBell","Slimebound:Dissolve","Slimebound:FinishingTackle"],"relics":["Slimebound:AbsorbEndCombat","downfall:HeartsMalice","Mango","Calling Bell","Dream Catcher","Question Card","Dead Branch","downfall:HeartBlessingBlue","downfall:HeartBlessingRed"],"acts_visited":["Exordium","TheCity"],"potions_floor_usage":[16],"damage_taken":[{"damage":0,"enemies":"Small Slimes","floor":2,"turns":1},{"damage":0,"enemies":"downfall:FleeingMerchant","floor":3,"turns":1},{"damage":0,"enemies":"downfall:FleeingMerchant","floor":5,"turns":1},{"damage":39,"enemies":"Lagavulin","floor":10,"turns":5},{"damage":5,"enemies":"Jaw Worm","floor":11,"turns":3},{"damage":3,"enemies":"2 Louse","floor":13,"turns":2},{"damage":7,"enemies":"downfall:FleeingMerchant","floor":14,"turns":4},{"damage":5,"enemies":"Lots of Slimes","floor":15,"turns":2},{"damage":43,"enemies":"downfall:Silent","floor":16,"turns":9},{"damage":50,"enemies":"3 Byrds","floor":19,"turns":8},{"damage":29,"enemies":"Shell Parasite","floor":20,"turns":6},{"damage":68,"enemies":"Slavers","floor":21,"turns":6}],"seed_played":"-4966259292949477692","potions_obtained":[{"floor":10,"key":"Block Potion"},{"floor":11,"key":"Slimebound:SlimedPotion"},{"floor":15,"key":"SmokeBomb"},{"floor":16,"key":"FearPotion"}],"is_trial":false,"path_per_floor":["R","M","$","R","$","R","T","R","?","E","M","?","M","$","M","B",null,"R","M","M","E"],"character_chosen":"SLIMEBOUND","items_purchased":["expansioncontent:DefensiveStance"],"campfire_rested":0,"item_purchase_floors":[3],"current_hp_per_floor":[60,60,60,60,60,60,60,60,60,43,44,49,48,49,55,25,91,101,65,52,0,0],"gold":54,"neow_bonus":"THREE_ENEMY_KILL","is_daily":false,"chose_seed":false,"campfire_upgraded":4,"win_rate":0.0,"timestamp":1608248672,"path_taken":["R","M","$","R","$","R","T","R","?","E","M","?","M","$","M","BOSS","R","M","M","E"],"items_purchased_type":["Card"],"build_version":"2020-12-13","purchased_purges":0,"victory":false,"max_hp_per_floor":[60,60,60,60,60,60,60,60,60,74,74,79,79,79,88,91,91,101,101,101,101,101],"card_choices":[{"not_picked":["Slimebound:ViciousTackle","Slimebound:SplitBruiser"],"picked":"Slimebound:FlameTackle","floor":2},{"not_picked":["Slimebound:SplitMire","Slimebound:GoopSpray"],"picked":"Slimebound:Chomp","floor":3},{"not_picked":["Slimebound:SplitLeeching","Slimebound:Replication"],"picked":"Slimebound:RainOfGoop","floor":5},{"not_picked":["Slimebound:SplitBruiser","Slimebound:GrowthPunch","Slimebound:LeechingTouch"],"picked":"SKIP","floor":10},{"not_picked":["Slimebound:Nibble","Slimebound:MegaLick"],"picked":"Slimebound:ComboTackle","floor":11},{"not_picked":["Slimebound:ProtectTheBoss","Slimebound:SplitLeeching"],"picked":"Slimebound:SlimeSpikes","floor":13},{"not_picked":["Slimebound:FormOfPuddle","Slimebound:Replication"],"picked":"Slimebound:MassFeed","floor":14},{"not_picked":["Slimebound:PressTheAttack","Slimebound:RejuvenatingLick","Slimebound:SlimeBrawl"],"picked":"SKIP","floor":15},{"not_picked":["Slimebound:OneTwoCombo","Slimebound:OozeBath"],"picked":"Slimebound:MassFeed","floor":16},{"not_picked":["Slimebound:GrowthPunch","Slimebound:GoopSpray","Slimebound:LeechingTouch"],"picked":"Slimebound:Dissolve","floor":19},{"not_picked":["Slimebound:ForwardTackle","Slimebound:RollThrough","Slimebound:Repurpose"],"picked":"Slimebound:FinishingTackle","floor":20}],"player_experience":704961,"relics_obtained":[{"floor":10,"key":"Mango"},{"floor":17,"key":"Dream Catcher"},{"floor":17,"key":"Question Card"},{"floor":17,"key":"Dead Branch"}],"event_choices":[{"damage_healed":0,"gold_gain":0,"player_choice":"Donut","damage_taken":0,"max_hp_gain":5,"max_hp_loss":0,"event_name":"Big Fish","floor":12,"gold_loss":0}],"is_beta":false,"boss_relics":[{"not_picked":["Runic Dome","Ectoplasm"],"picked":"Calling Bell"}],"items_purged_floors":[],"is_endless":false,"potions_floor_spawned":[10,11,15,16,19,20],"killed_by":"Slavers","ascension_level":0}}