{"host":"oc5h2hqz0xgb0igf","time":1608179434,"event":{"mods":["AchievementEnabler","BaseMod","Card Forge","Colored Map","Colored Powertips","Minty Spire (QoL Compilation)","Rare Cards Sparkle","StSLib"],"gold_per_floor":[109,119,119,139,160,199,218,236,289,324,324,169,169,210,210,341,341,341,341,341,341,341,341,341,341,341,341,341,341,341,341,341,341,341,341,102,102,102,102,102,102,102,102,102,102,102,102,0,0,0,0,0,0,0,0],"floor_reached":56,"playtime":1459,"items_purged":[],"score":1945,"play_id":"a969c3c9-b5c1-49d6-8b89-da9078d2b6b0","local_time":"20201216203034","is_ascension_mode":true,"campfire_choices":[{"data":"Expertise","floor":11,"key":"SMITH"},{"floor":13,"key":"RECALL"},{"floor":15,"key":"REST"},{"floor":27,"key":"REST"},{"floor":30,"key":"REST"},{"floor":32,"key":"REST"},{"floor":45,"key":"REST"},{"floor":49,"key":"REST"},{"floor":52,"key":"REST"}],"circlet_count":0,"master_deck":["Grand Finale+1","Expertise+1","Expertise+1","Ghostly+1","Ghostly+1"],"relics":["Ring of the Snake","Hammer of Thor","Seething Fire","Anvil of the Gods","Bronze Scales","HornCleat","Oddly Smooth Stone","Whetstone","Bag of Marbles","Paper Crane","Ectoplasm","PreservedInsect","Smiling Mask","Gremlin Horn","Juzu Bracelet","Philosopher\u0027s Stone","Sundial","White Beast Statue","Lantern","Thread and Needle","Regal Pillow","Red Mask","Anchor"],"acts_visited":["Exordium","TheCity","TheBeyond","TheEnding"],"potions_floor_usage":[55,55,55],"damage_taken":[{"damage":0,"enemies":"2 Louse","floor":1,"turns":1},{"damage":0,"enemies":"Jaw Worm","floor":2,"turns":1},{"damage":0,"enemies":"Small Slimes","floor":4,"turns":1},{"damage":0,"enemies":"3 Louse","floor":5,"turns":1},{"damage":0,"enemies":"3 Sentries","floor":6,"turns":1},{"damage":0,"enemies":"Looter","floor":7,"turns":1},{"damage":0,"enemies":"Exordium Wildlife","floor":8,"turns":1},{"damage":0,"enemies":"Lagavulin","floor":10,"turns":1},{"damage":0,"enemies":"Gremlin Nob","floor":14,"turns":1},{"damage":0,"enemies":"Slime Boss","floor":16,"turns":1},{"damage":0,"enemies":"3 Byrds","floor":18,"turns":1},{"damage":0,"enemies":"Spheric Guardian","floor":20,"turns":1},{"damage":0,"enemies":"Cultist and Chosen","floor":21,"turns":1},{"damage":0,"enemies":"Book of Stabbing","floor":23,"turns":1},{"damage":0,"enemies":"Gremlin Leader","floor":25,"turns":1},{"damage":0,"enemies":"Chosen and Byrds","floor":28,"turns":1},{"damage":0,"enemies":"Book of Stabbing","floor":29,"turns":1},{"damage":0,"enemies":"3 Cultists","floor":31,"turns":1},{"damage":0,"enemies":"Collector","floor":33,"turns":1},{"damage":0,"enemies":"Orb Walker","floor":35,"turns":1},{"damage":4,"enemies":"3 Shapes","floor":38,"turns":1},{"damage":0,"enemies":"3 Darklings","floor":39,"turns":1},{"damage":0,"enemies":"Nemesis","floor":40,"turns":1},{"damage":0,"enemies":"Reptomancer","floor":42,"turns":1},{"damage":0,"enemies":"Nemesis","floor":44,"turns":1},{"damage":1,"enemies":"Sphere and 2 Shapes","floor":46,"turns":1},{"damage":0,"enemies":"Reptomancer","floor":47,"turns":1},{"damage":0,"enemies":"Donu and Deca","floor":50,"turns":1},{"damage":0,"enemies":"Shield and Spear","floor":54,"turns":1},{"damage":18,"enemies":"The Heart","floor":55,"turns":4}],"seed_played":"-4948243619747887306","potions_obtained":[{"floor":1,"key":"LiquidMemories"},{"floor":4,"key":"Strength Potion"},{"floor":5,"key":"SmokeBomb"},{"floor":14,"key":"Fire Potion"},{"floor":25,"key":"Swift Potion"},{"floor":29,"key":"GhostInAJar"},{"floor":42,"key":"Regen Potion"}],"is_trial":false,"path_per_floor":["M","M","?","M","M","E","M","M","T","E","R","$","R","E","R","B",null,"M","?","M","M","?","E","$","E","T","R","M","E","R","M","R","B",null,"M","$","?","M","M","E","?","E","T","E","R","M","E","?","R","B",null,"R","$","E","B",null],"character_chosen":"THE_SILENT","items_purchased":["Bag of Marbles","Sundial"],"campfire_rested":7,"item_purchase_floors":[12,36],"current_hp_per_floor":[70,70,53,53,53,53,53,53,53,53,53,53,53,53,70,70,70,70,70,70,70,35,35,35,35,35,35,35,35,35,35,35,35,35,35,35,33,29,29,29,29,29,29,29,33,32,32,32,33,33,33,33,33,33,19],"gold":0,"neow_bonus":"RANDOM_COMMON_RELIC","is_daily":false,"chose_seed":false,"campfire_upgraded":1,"win_rate":0.0,"timestamp":1608179434,"path_taken":["M","M","?","M","M","E","M","M","T","E","R","$","R","E","R","BOSS","M","?","M","M","?","E","$","E","T","R","M","E","R","M","R","BOSS","M","$","?","M","M","E","?","E","T","E","R","M","E","?","R","BOSS","R","$","E","BOSS"],"items_purchased_type":["Relic","Relic"],"build_version":"2020-12-13","purchased_purges":0,"victory":true,"max_hp_per_floor":[70,70,70,70,70,70,70,70,70,70,70,70,70,70,70,70,70,70,70,70,70,35,35,35,35,35,35,35,35,35,35,35,35,35,35,35,33,33,33,33,33,33,33,33,33,33,33,33,33,33,33,33,33,33,33],"card_choices":[{"not_picked":["Skewer","Poisoned Stab","Bane"],"picked":"SKIP","floor":1},{"not_picked":["Concentrate","Bane","Backflip"],"picked":"SKIP","floor":2},{"not_picked":["Concentrate","Bane","Backflip"],"picked":"SKIP","floor":2},{"not_picked":["Blur","Expertise","Flying Knee"],"picked":"SKIP","floor":4},{"not_picked":["PiercingWail","Backflip","Blade Dance"],"picked":"SKIP","floor":5},{"not_picked":["Quick Slash","Outmaneuver","Cloak And Dagger"],"picked":"SKIP","floor":6},{"not_picked":["Prepared","Expertise","Poisoned Stab"],"picked":"SKIP","floor":7},{"not_picked":["Underhanded Strike","Backflip","Envenom"],"picked":"SKIP","floor":8},{"not_picked":["Flying Knee","Outmaneuver","Prepared"],"picked":"SKIP","floor":10},{"not_picked":["Sucker Punch","Prepared","Footwork"],"picked":"SKIP","floor":14},{"not_picked":["Cloak And Dagger+1","Bane","Catalyst"],"picked":"SKIP","floor":18},{"not_picked":["Cloak And Dagger","Dagger Spray","Crippling Poison"],"picked":"SKIP","floor":20},{"not_picked":["Outmaneuver","Slice","Burst"],"picked":"SKIP","floor":21},{"not_picked":["Dodge and Roll","Outmaneuver","Slice"],"picked":"SKIP","floor":23},{"not_picked":["Caltrops","Concentrate","Outmaneuver"],"picked":"SKIP","floor":25},{"not_picked":["Concentrate","Flying Knee","Blade Dance"],"picked":"SKIP","floor":28},{"not_picked":["Noxious Fumes+1","Terror","Outmaneuver"],"picked":"SKIP","floor":29},{"not_picked":["Backstab+1","Quick Slash","Concentrate"],"picked":"SKIP","floor":31},{"not_picked":["Blade Dance+1","Cloak And Dagger+1","Dagger Spray+1"],"picked":"SKIP","floor":35},{"not_picked":["Noxious Fumes+1","Dagger Throw+1","Endless Agony+1"],"picked":"SKIP","floor":38},{"not_picked":["Acrobatics+1","Dagger Throw","Flying Knee+1"],"picked":"SKIP","floor":39},{"not_picked":["Distraction+1","Deflect","Quick Slash"],"picked":"SKIP","floor":40},{"not_picked":["After Image","Crippling Poison","Well Laid Plans"],"picked":"SKIP","floor":42},{"not_picked":["Terror+1","Finisher+1","Quick Slash+1"],"picked":"SKIP","floor":44},{"not_picked":["Finisher+1","Bane","Slice+1"],"picked":"SKIP","floor":46},{"not_picked":["Flechettes+1","Leg Sweep+1","Calculated Gamble"],"picked":"SKIP","floor":47},{"not_picked":["Setup+1","Blade Dance","Night Terror"],"picked":"SKIP","floor":54}],"player_experience":105615,"relics_obtained":[{"floor":6,"key":"HornCleat"},{"floor":9,"key":"Oddly Smooth Stone"},{"floor":10,"key":"Whetstone"},{"floor":14,"key":"Paper Crane"},{"floor":23,"key":"PreservedInsect"},{"floor":25,"key":"Smiling Mask"},{"floor":26,"key":"Gremlin Horn"},{"floor":29,"key":"Juzu Bracelet"},{"floor":40,"key":"White Beast Statue"},{"floor":42,"key":"Lantern"},{"floor":44,"key":"Thread and Needle"},{"floor":47,"key":"Regal Pillow"},{"floor":54,"key":"Anchor"}],"event_choices":[{"damage_healed":0,"gold_gain":0,"player_choice":"Take Damage","damage_taken":17,"relics_obtained":["Golden Idol"],"max_hp_gain":0,"max_hp_loss":0,"event_name":"Golden Idol","floor":3,"gold_loss":0},{"damage_healed":23,"gold_gain":0,"player_choice":"Heal","damage_taken":0,"max_hp_gain":0,"max_hp_loss":0,"event_name":"The Library","floor":19,"gold_loss":0},{"damage_healed":0,"gold_gain":0,"player_choice":"Became a Ghost","damage_taken":0,"max_hp_gain":0,"max_hp_loss":35,"event_name":"Ghosts","floor":22,"gold_loss":0,"cards_obtained":["Ghostly","Ghostly","Ghostly","Ghostly","Ghostly"]},{"damage_healed":0,"gold_gain":0,"player_choice":"Max HP","damage_taken":0,"max_hp_gain":0,"max_hp_loss":2,"event_name":"Winding Halls","floor":37,"gold_loss":0},{"damage_healed":0,"gold_gain":333,"player_choice":"Gave Idol","damage_taken":0,"max_hp_gain":0,"max_hp_loss":0,"event_name":"The Moai Head","floor":41,"relics_lost":["Golden Idol"],"gold_loss":0},{"damage_healed":0,"gold_gain":0,"player_choice":"Paid","damage_taken":0,"relics_obtained":["Red Mask"],"max_hp_gain":0,"max_hp_loss":0,"event_name":"Tomb of Lord Red Mask","floor":48,"gold_loss":102}],"is_beta":false,"boss_relics":[{"not_picked":["Empty Cage","HoveringKite"],"picked":"Ectoplasm"},{"not_picked":["SacredBark","SlaversCollar"],"picked":"Philosopher\u0027s Stone"}],"items_purged_floors":[],"is_endless":false,"potions_floor_spawned":[1,4,5,7,14,18,23,25,28,29,35,38,39,42,44,46,47,54],"ascension_level":2}}