{"host":"c70kelp781yiwf61","time":1608216113,"event":{"mods":["BaseMod","Minty Spire (QoL Compilation)","Reimu£®≤©¿ˆ¡È√Œ£©","Waifu the Spire"],"gold_per_floor":[9999,10011,10011,10011,8706,8719,8732,8751,8774,8802,7713,7730,7746,6818,6818,6920,6920,6937,5854,5854,5066,5100,5100,5100,5134,5161,5161,5172,5203,5215,5229,5229,5331,5331,5341,4082,4082,4094,4106,4140,4140,4152,4152,3167,3167,3179,3197,3228,3228,3228,3228,3228,2166,2199,2199],"floor_reached":56,"playtime":2814,"items_purged":["Strike_G","Strike_G","Strike_G","Calculated Gamble","Poisoned Stab","Accuracy","A Thousand Cuts"],"score":1396,"play_id":"4d96c3f4-bfb8-4d17-8ab0-808932fdbd4e","local_time":"20201217224153","is_ascension_mode":true,"campfire_choices":[{"data":"Footwork","floor":15,"key":"SMITH"},{"data":"Adrenaline","floor":23,"key":"SMITH"},{"data":"1","floor":27,"key":"LIFT"},{"data":"2","floor":32,"key":"LIFT"},{"data":"3","floor":41,"key":"LIFT"},{"data":"Apotheosis","floor":45,"key":"SMITH"},{"floor":49,"key":"RECALL"},{"data":"Burst","floor":52,"key":"SMITH"}],"circlet_count":0,"master_deck":["Defend_G","Defend_G","Defend_G","Defend_G","Survivor","Neutralize","Phantasmal Killer","Bane","Venomology","Venomology","Footwork+1","Bouncing Flask","Chrysalis","Poisoned Stab","Die Die Die","Poisoned Stab","Secret Weapon","Well Laid Plans","Terror","The Bomb","Poisoned Stab","Adrenaline+1","Quick Slash+1","Distraction+1","Poisoned Stab+1","Panache","Outmaneuver","Flying Knee","Violence","Blur+1","Burst","Outmaneuver","Envenom","Cloak And Dagger+1","Catalyst","Unload","CurseOfTheBell","Outmaneuver","Glass Knife","Secret Weapon","Corpse Explosion","Infinite Blades","Flying Knee","Bullet Time","Caltrops+1","Burst","Apotheosis+1","After Image","Burst+1","Secret Weapon","Catalyst+1"],"relics":["Ring of the Snake","Strange Spoon","Sundial","RuthlessExorcism:ReiMu","Mastiff:ReiMu","Nunchaku","Medical Kit","Calipers","MealTicket","TentaclePot:ReiMu","Boot","Strawberry","Astrolabe","Toolbox","Blood Vial","Bag of Preparation","Oddly Smooth Stone","Girya","OrangePellets","Nloth\u0027s Gift","Lantern","Mercury Hourglass","Calling Bell","Darkstone Periapt","Potion Belt","Torii","Question Card","Ancient Tea Set","Cauldron","Centennial Puzzle","Thread and Needle","Anchor","TheAbacus","Dream Catcher","Tingsha","Happy Flower","Chemical X","Bag of Marbles","Eternal Feather"],"acts_visited":["Exordium","TheCity","TheBeyond","TheEnding"],"potions_floor_usage":[7,8,10,10,16,16,22,22,25,25,29,29,31,33,33,33,33,38,39,40,40,46,46,47,48,48,48,50,50,50,50,53,54,54,55,55,55,55,55,55],"damage_taken":[{"damage":1,"enemies":"Cultist","floor":1,"turns":4},{"damage":1,"enemies":"Jaw Worm","floor":2,"turns":2},{"damage":1,"enemies":"Small Slimes","floor":6,"turns":3},{"damage":0,"enemies":"2 Fungi Beasts","floor":7,"turns":1},{"damage":0,"enemies":"Red Slaver","floor":8,"turns":2},{"damage":13,"enemies":"Lagavulin","floor":10,"turns":3},{"damage":12,"enemies":"Lots of Slimes","floor":12,"turns":3},{"damage":1,"enemies":"Gremlin Gang","floor":13,"turns":3},{"damage":36,"enemies":"Hexaghost","floor":16,"turns":8},{"damage":6,"enemies":"Chosen","floor":18,"turns":3},{"damage":0,"enemies":"Masked Bandits","floor":22,"turns":2},{"damage":8,"enemies":"Gremlin Leader","floor":25,"turns":4},{"damage":0,"enemies":"2 Thieves","floor":28,"turns":1},{"damage":41,"enemies":"Book of Stabbing","floor":29,"turns":6},{"damage":4,"enemies":"Centurion and Healer","floor":30,"turns":3},{"damage":0,"enemies":"Snecko","floor":31,"turns":2},{"damage":32,"enemies":"Collector","floor":33,"turns":6},{"damage":0,"enemies":"3 Shapes","floor":35,"turns":1},{"damage":0,"enemies":"Orb Walker","floor":38,"turns":2},{"damage":0,"enemies":"Transient","floor":39,"turns":5},{"damage":35,"enemies":"Nemesis","floor":40,"turns":7},{"damage":1,"enemies":"Writhing Mass","floor":42,"turns":2},{"damage":0,"enemies":"Maw","floor":46,"turns":4},{"damage":0,"enemies":"Sphere and 2 Shapes","floor":47,"turns":3},{"damage":7,"enemies":"Giant Head","floor":48,"turns":6},{"damage":20,"enemies":"Awakened One","floor":50,"turns":7},{"damage":2,"enemies":"Shield and Spear","floor":54,"turns":2},{"damage":30,"enemies":"The Heart","floor":55,"turns":6}],"seed_played":"-7489511008316987496","potions_obtained":[{"floor":8,"key":"Weak Potion"},{"floor":22,"key":"AttackPotion"},{"floor":31,"key":"Energy Potion"},{"floor":33,"key":"Weak Potion"},{"floor":36,"key":"LiquidMemories"},{"floor":36,"key":"PowerPotion"},{"floor":36,"key":"SteroidPotion"},{"floor":36,"key":"Strength Potion"},{"floor":36,"key":"DuplicationPotion"},{"floor":38,"key":"PowerPotion"},{"floor":42,"key":"ColorlessPotion"},{"floor":47,"key":"SpeedPotion"}],"is_trial":false,"path_per_floor":["M","M","?","?","$","M","M","M","T","E","$","M","M","$","R","B",null,"M","$","?","$","?","R","?","E","T","R","M","E","M","M","R","B",null,"M","$","?","M","M","E","R","M","T","$","R","M","M","E","R","B",null,"R","$","E","B",null],"character_chosen":"THE_SILENT","items_purchased":["Venomology","Footwork","Bouncing Flask","Poisoned Stab","Chrysalis","Strange Spoon","Sundial","RuthlessExorcism:ReiMu","SkillPotion","AttackPotion","Block Potion","Medical Kit","Calipers","MealTicket","LiquidBronze","DuplicationPotion","Poisoned Stab","Secret Weapon","Well Laid Plans","TentaclePot:ReiMu","Boot","Strawberry","Terror","The Bomb","BlessingOfTheForge","Poisoned Stab","Panache","SmokeBomb","Toolbox","Blood Vial","Bag of Preparation","A Thousand Cuts","Outmaneuver","Violence","Oddly Smooth Stone","Girya","OrangePellets","Question Card","Ancient Tea Set","Cauldron","Glass Knife","Secret Weapon","Corpse Explosion","Infinite Blades","Apotheosis","Anchor","TheAbacus","After Image","Dream Catcher","Fruit Juice","Energy Potion","Dexterity Potion","Happy Flower","Chemical X","Bag of Marbles","Secret Weapon"],"campfire_rested":0,"item_purchase_floors":[5,5,5,5,5,5,5,5,5,5,5,11,11,11,11,11,11,11,11,14,14,14,14,14,14,14,19,19,19,19,19,19,19,21,21,21,21,36,36,36,36,36,36,36,44,44,44,44,44,53,53,53,53,53,53,53],"current_hp_per_floor":[69,68,68,68,68,67,67,67,67,54,54,42,41,63,63,27,77,71,77,77,77,77,77,77,69,69,69,71,32,30,32,32,2,77,77,77,77,77,77,42,42,43,43,58,58,60,62,57,57,39,77,77,82,80,52],"gold":2199,"neow_bonus":"ONE_RANDOM_RARE_CARD","is_daily":false,"chose_seed":false,"campfire_upgraded":4,"win_rate":0.0,"timestamp":1608216113,"path_taken":["M","M","?","?","$","M","M","M","T","E","$","M","?","?","R","BOSS","M","$","?","$","?","R","?","E","T","R","M","E","M","M","R","BOSS","M","$","?","?","?","E","R","M","T","$","R","M","M","E","R","BOSS","R","$","E","BOSS"],"items_purchased_type":["Card","Card","Card","Card","Card","Relic","Relic","Relic","Potion","Potion","Potion","Relic","Relic","Relic","Potion","Potion","Card","Card","Card","Relic","Relic","Relic","Card","Card","Potion","Card","Card","Potion","Relic","Relic","Relic","Card","Card","Card","Relic","Relic","Relic","Relic","Relic","Relic","Card","Card","Card","Card","Card","Relic","Relic","Card","Relic","Potion","Potion","Potion","Relic","Relic","Relic","Card"],"build_version":"2020-12-13","purchased_purges":7,"victory":true,"max_hp_per_floor":[70,70,70,70,70,70,70,70,70,70,70,70,70,77,77,77,77,77,77,77,77,77,77,77,77,77,77,77,77,77,77,77,77,77,77,77,77,77,77,77,77,77,77,77,77,77,77,77,77,77,77,77,82,82,82],"card_choices":[{"not_picked":["Dagger Throw","Endless Agony"],"picked":"Masterful Stab","floor":1},{"not_picked":["Endless Agony","Predator"],"picked":"Bane","floor":2},{"not_picked":["Bane","Bouncing Flask"],"picked":"Noxious Fumes","floor":6},{"not_picked":["Sucker Punch","Calculated Gamble"],"picked":"Poisoned Stab","floor":7},{"not_picked":["Sucker Punch","Dagger Throw"],"picked":"Die Die Die","floor":8},{"not_picked":["Reflex","Escape Plan"],"picked":"Calculated Gamble","floor":10},{"not_picked":["Dagger Throw","Dodge and Roll","Cloak And Dagger"],"picked":"SKIP","floor":12},{"not_picked":["Heel Hook","Backflip"],"picked":"Accuracy","floor":13},{"not_picked":["Doppelganger","After Image"],"picked":"Adrenaline","floor":16},{"not_picked":["Finisher","Prepared","Distraction"],"picked":"SKIP","floor":18},{"not_picked":["Deadly Poison","Noxious Fumes"],"picked":"Blur+1","floor":22},{"not_picked":["Riddle With Holes","Underhanded Strike"],"picked":"Burst","floor":25},{"not_picked":["Endless Agony","Heel Hook"],"picked":"Outmaneuver","floor":28},{"not_picked":["Poisoned Stab+1","Bane+1"],"picked":"Envenom","floor":29},{"not_picked":["Sucker Punch+1","Dodge and Roll"],"picked":"Cloak And Dagger+1","floor":30},{"not_picked":["Slice","Terror"],"picked":"Catalyst","floor":31},{"not_picked":["After Image","Night Terror"],"picked":"Unload","floor":33},{"not_picked":["Deadly Poison","Underhanded Strike+1"],"picked":"Outmaneuver","floor":35},{"not_picked":["Outmaneuver","Dagger Throw+1","A Thousand Cuts"],"picked":"Flying Knee","floor":38},{"not_picked":["Poisoned Stab+1","Prepared+1","Acrobatics+1"],"picked":"Bullet Time","floor":39},{"not_picked":["Predator+1","Slice+1","Finisher"],"picked":"Caltrops+1","floor":40},{"not_picked":["Slice","Distraction","Blur+1"],"picked":"Burst","floor":42},{"not_picked":["Endless Agony","Underhanded Strike+1","Outmaneuver","Prepared+1"],"picked":"SKIP","floor":46},{"not_picked":["Dagger Spray","Quick Slash+1","Tactician+1","Terror"],"picked":"SKIP","floor":47},{"not_picked":["Endless Agony+1","Venomology","A Thousand Cuts"],"picked":"Burst","floor":48},{"not_picked":["Reflex+1","Tactician+1","Predator+1"],"picked":"Catalyst+1","floor":54}],"player_experience":140187,"relics_obtained":[{"floor":9,"key":"Mastiff:ReiMu"},{"floor":10,"key":"Nunchaku"},{"floor":22,"key":"Red Mask"},{"floor":25,"key":"Lantern"},{"floor":29,"key":"Mercury Hourglass"},{"floor":34,"key":"Darkstone Periapt"},{"floor":34,"key":"Potion Belt"},{"floor":34,"key":"Torii"},{"floor":40,"key":"Centennial Puzzle"},{"floor":43,"key":"Thread and Needle"},{"floor":48,"key":"Tingsha"},{"floor":54,"key":"Eternal Feather"}],"event_choices":[{"damage_healed":0,"gold_gain":0,"player_choice":"Leave","damage_taken":0,"max_hp_gain":0,"max_hp_loss":0,"event_name":"The Cleric","floor":3,"gold_loss":0},{"damage_healed":0,"gold_gain":0,"cards_transformed":["Strike_G"],"player_choice":"Transformed","damage_taken":0,"max_hp_gain":0,"max_hp_loss":0,"event_name":"Transmorgrifier","floor":4,"gold_loss":0,"cards_obtained":["Venomology"]},{"damage_healed":0,"gold_gain":0,"player_choice":"Read","damage_taken":0,"max_hp_gain":0,"max_hp_loss":0,"event_name":"The Library","floor":20,"gold_loss":0,"cards_obtained":["Flying Knee"]},{"damage_healed":0,"gold_gain":0,"player_choice":"Fought Bandits","damage_taken":0,"max_hp_gain":0,"max_hp_loss":0,"event_name":"Masked Bandits","floor":22,"gold_loss":0},{"damage_healed":0,"gold_gain":0,"player_choice":"Traded Relic","damage_taken":0,"relics_obtained":["Nloth\u0027s Gift"],"max_hp_gain":0,"max_hp_loss":0,"event_name":"N\u0027loth","floor":24,"relics_lost":["Red Mask"],"gold_loss":0},{"cards_removed":["Noxious Fumes"],"damage_healed":0,"gold_gain":0,"player_choice":"Purged","damage_taken":0,"max_hp_gain":0,"max_hp_loss":0,"event_name":"Purifier","floor":37,"gold_loss":0}],"is_beta":false,"boss_relics":[{"not_picked":["Velvet Choker","Fusion Hammer"],"picked":"Astrolabe"},{"not_picked":["Busted Crown","Runic Pyramid"],"picked":"Calling Bell"}],"items_purged_floors":[5,11,14,19,36,44,53],"is_endless":false,"potions_floor_spawned":[8,12,16,18,22,29,31,33,38,42,47],"ascension_level":1}}