{"host":"zivz6e0vf73jivdq","time":1608211389,"event":{"mods":["Act Like it!","BaseMod","Friendly Minions","Gensokyo","HololiveMod","Koishi","Marisa£¨ìFÓê¡¡Ä§ÀíÉ³£©","Minty Spire (QoL Compilation)","MostiFishMod","Pale of the Ancients","Prisma Mod","Reimu£¨²©ÀöÁéÃÎ£©","Remilia£¨ÀÙÃ×ÀòÑÇ£©","Replay The Spire","RumiaBox-Â¶Ã×æ«µÄÉñÃØºÐ×Ó","StSLib","The Jungle","The Servant 0.9.4","Youmu£¨»êÆÇÑýÃÎ£©","¡¾¶«·½¶þ´Î´´×÷¡¿°ËÔÆ×Ïmod","¡¾ÒÅÎï¿¨ÅÆ¡¿REMEMod"],"gold_per_floor":[118,118,138,149,159,193,212,212,212,242,258,288,288,305,305,406,406,424,364,375,389,60,60,80,106,163,192,204,216,256,280,292,409,421,451,482,510,574,604,651,663,710,794,806,831,868,297,351,351,351,351],"floor_reached":50,"playtime":3809,"items_purged":["Strike_R","Strike_R"],"score":1433,"play_id":"96dad29c-8a3f-4e99-ad64-6a108b6a5905","local_time":"20201217212309","is_ascension_mode":true,"campfire_choices":[{"data":"Seeing Red","floor":8.0,"key":"SMITH"},{"data":"Armaments","floor":15.0,"key":"SMITH"},{"data":"MostiFishMod:HellRitual","floor":23.0,"key":"SMITH"},{"floor":28.0,"key":"REST"},{"floor":32.0,"key":"DIG"},{"data":"Pot Of Greed","floor":41.0,"key":"SMITH"}],"circlet_count":0,"master_deck":["Strike_R","Strike_R","Defend_R","Defend_R","Bash","Flame Barrier","Bloodletting","Bludgeon","Shrug It Off","Cleave","Disarm","Burning Pact","MostiFishMod:#F4004","Seeing Red+1","Dark Embrace","Sentinel","Double Tap","Armaments+1","MostiFishMod:HellRitual+1","Burning Pact+1","Replay:Undeath\u0027s Touch","Dropkick","ReplayTheSpireMod:Strike From Hell","MostiFishMod:ButterFly","Violence","Sword Boomerang","Pot Of Greed","Pot Of Greed","Pot Of Greed+1","Rupture+1","MostiFishMod:HellRitual+1","Feel No Pain","Barricade","Feel No Pain","MostiFishMod:BrandingRite+1","Pommel Strike+1","Metallicize+1","Pot Of Greed","Defy Death","MostiFishMod:NeverNightCountry+1","MostiFishMod:KingOfFree+1","Pommel Strike+1","Defy Death"],"relics":["Burning Blood","DaveBox","REME_ComplimentaryCards","REME_IWantAll","ArrowTower","Question Card","Prayer Wheel","Pet Ghost","Oddly Smooth Stone","SynthV:C4","Tea:ReiMu","Snack Pack","ImportantClient","Black Star","ReplayTheSpireMod:TigerMarble","BargainBundle","Grinning Jar","MawBank","PreservedInsect","King of Hearts","Red Skull","Ooze Armor","CatCart","Molten Egg 2","Blood Vial","Singing Bowl","ReplayTheSpireMod:Ninjato","Ancient Tea Set","Toy Ornithopter","REME_LimitBreaker","TheAbacus","Hololive_LightStick"],"acts_visited":[],"potions_floor_usage":[],"damage_taken":[{"damage":0.0,"enemies":"Small Slimes","floor":1.0,"turns":3.0},{"damage":6.0,"enemies":"Cultist","floor":3.0,"turns":3.0},{"damage":2.0,"enemies":"Jaw Worm","floor":4.0,"turns":3.0},{"damage":6.0,"enemies":"Exordium Thugs","floor":5.0,"turns":4.0},{"damage":10.0,"enemies":"3 Sentries","floor":6.0,"turns":4.0},{"damage":16.0,"enemies":"3 Louse","floor":7.0,"turns":2.0},{"damage":24.0,"enemies":"Gremlin Nob","floor":10.0,"turns":4.0},{"damage":3.0,"enemies":"Red Slaver","floor":11.0,"turns":4.0},{"damage":3.0,"enemies":"Lagavulin","floor":12.0,"turns":5.0},{"damage":3.0,"enemies":"Gremlin Gang","floor":14.0,"turns":3.0},{"damage":14.0,"enemies":"The Guardian","floor":16.0,"turns":9.0},{"damage":13.0,"enemies":"2 Thieves","floor":18.0,"turns":4.0},{"damage":28.0,"enemies":"Shell Parasite","floor":20.0,"turns":5.0},{"damage":10.0,"enemies":"Shelled Parasite and Fungi","floor":21.0,"turns":4.0},{"damage":9.0,"enemies":"Sentry and Sphere","floor":24.0,"turns":4.0},{"damage":31.0,"enemies":"Slavers","floor":25.0,"turns":3.0},{"damage":21.0,"enemies":"Centurion and Healer","floor":27.0,"turns":3.0},{"damage":26.0,"enemies":"Book of Stabbing","floor":30.0,"turns":3.0},{"damage":6.0,"enemies":"Snake Plant","floor":31.0,"turns":2.0},{"damage":30.0,"enemies":"Pondfish","floor":33.0,"turns":7.0},{"damage":1.0,"enemies":"Orb Walker","floor":35.0,"turns":2.0},{"damage":48.0,"enemies":"3 Darklings","floor":36.0,"turns":4.0},{"damage":35.0,"enemies":"Transient","floor":37.0,"turns":5.0},{"damage":9.0,"enemies":"Orin","floor":38.0,"turns":5.0},{"damage":14.0,"enemies":"Jaw Worm Horde","floor":39.0,"turns":2.0},{"damage":21.0,"enemies":"Giant Head","floor":40.0,"turns":6.0},{"damage":9.0,"enemies":"R_Hoarder","floor":42.0,"turns":5.0},{"damage":32.0,"enemies":"Maw","floor":45.0,"turns":5.0},{"damage":9.0,"enemies":"Nemesis","floor":46.0,"turns":3.0},{"damage":0,"enemies":"Replay:Hell Engine","floor":50,"turns":1}],"seed_played":"-7564592157677925506","potions_obtained":[{"floor":4.0,"key":"Explosive Potion"},{"floor":5.0,"key":"SkillPotion"},{"floor":7.0,"key":"Languid Potion"},{"floor":10.0,"key":"Dexterity Potion"},{"floor":18.0,"key":"SkillPotion"},{"floor":24.0,"key":"BlessingOfTheForge"},{"floor":30.0,"key":"DuplicationPotion"},{"floor":33.0,"key":"Elixir"},{"floor":36.0,"key":"MagicPotion:ReiMu"}],"is_trial":false,"path_per_floor":["M","?","M","M","M","E","M","R","T","E","M","E","?","M","R","B",null,"M","?","M","M","$","R","M","E","T","M","R","?","E","M","R","B",null,"M","M","M","?","M","E","R","E","T","?","M","E","$","T","R","B"],"character_chosen":"IRONCLAD","items_purchased":["ReplayTheSpireMod:TigerMarble","BargainBundle","MostiFishMod:ButterFly","Violence","REME_LimitBreaker","TheAbacus","MostiFishMod:KingOfFree+1","Pommel Strike+1"],"campfire_rested":1,"item_purchase_floors":[22,22,22,22,47,47,47,47],"current_hp_per_floor":[62,54,54,58,58,54,44,44,44,26,29,32,32,37,37,33,68,61,61,41,39,39,39,42,23,23,14,38,38,24,38,38,20,65,80,54,31,34,28,17,17,34,34,34,44,43,43,43,43,45,45],"gold":351,"neow_bonus":"ONE_RARE_RELIC","is_daily":false,"chose_seed":false,"campfire_upgraded":4,"win_rate":0.0,"timestamp":1608211389,"path_taken":["M","?","?","M","M","E","M","R","T","E","M","E","?","M","R","BOSS","M","?","M","M","?","R","M","E","T","?","R","?","E","?","R","BOSS","M","?","M","?","M","E","R","E","T","?","M","E","?","?","R","BOSS"],"items_purchased_type":["Relic","Relic","Card","Card","Relic","Relic","Card","Card"],"build_version":"2020-12-13","purchased_purges":2,"victory":false,"max_hp_per_floor":[80,80,80,80,80,80,80,80,80,80,80,80,80,80,80,80,80,80,80,80,80,80,80,80,80,80,80,80,80,80,80,80,80,80,80,82,82,82,82,82,82,84,84,84,84,84,84,84,84,84,84],"card_choices":[{"not_picked":["Headbutt","Evolve","Iron Wave"],"picked":"SKIP","floor":1.0},{"not_picked":["Infernal Blade","Perfected Strike","Feel No Pain"],"picked":"Flame Barrier","floor":3.0},{"not_picked":["Havoc","Headbutt","Uppercut"],"picked":"Bloodletting","floor":3.0},{"not_picked":["Shrug It Off","Ghostly Armor","ReplayTheSpireMod:Limb From Limb"],"picked":"Bludgeon","floor":4.0},{"not_picked":["Reckless Charge","Headbutt","Dual Wield"],"picked":"Shrug It Off","floor":4.0},{"not_picked":["Pummel","Twin Strike","True Grit"],"picked":"Cleave","floor":5.0},{"not_picked":["Infernal Blade","Iron Wave","Clash"],"picked":"Disarm","floor":5.0},{"not_picked":["Perfected Strike","REME_Cut","Run Through"],"picked":"Burning Pact","floor":6.0},{"not_picked":["Replay:Undeath\u0027s Touch","Iron Wave","Evolve"],"picked":"MostiFishMod:#F4004","floor":7.0},{"not_picked":["Clothesline","Ghostly Armor","Intimidate"],"picked":"Seeing Red","floor":7.0},{"not_picked":["Heavy Blade","Iron Wave","ReplayTheSpireMod:Strike From Hell"],"picked":"Dark Embrace","floor":10.0},{"not_picked":["Wild Strike","Intimidate","Clash"],"picked":"Sentinel","floor":11.0},{"not_picked":["Warcry","Shrug It Off","Clash","Juggernaut"],"picked":"SKIP","floor":11.0},{"not_picked":["Blood for Blood","Clothesline","Evolve"],"picked":"Double Tap","floor":12.0},{"not_picked":["Sword Boomerang","True Grit","Headbutt"],"picked":"Armaments","floor":14.0},{"not_picked":["Cleave","Infernal Blade","Clash","Twin Strike"],"picked":"SKIP","floor":14.0},{"not_picked":["Bludgeon","Fiend Fire","MostiFishMod:NewArrival"],"picked":"MostiFishMod:HellRitual","floor":16.0},{"not_picked":["Cleave","Abandon","Evolve","True Grit"],"picked":"SKIP","floor":18.0},{"not_picked":["Cleave","True Grit","Burning Pact+1","Massacre+1"],"picked":"SKIP","floor":18.0},{"not_picked":["Cleave","True Grit","Massacre+1"],"picked":"Burning Pact+1","floor":18.0},{"not_picked":["Cleave","Abandon","Evolve","True Grit"],"picked":"SKIP","floor":18.0},{"not_picked":["Flame Barrier+1","Havoc+1","Headbutt"],"picked":"ReplayTheSpireMod:Strike From Hell","floor":20.0},{"not_picked":["Flex","Headbutt","MostiFishMod:DarkDeal","True Grit"],"picked":"SKIP","floor":20.0},{"not_picked":["Fire Breathing","Iron Wave","Anger","Wild Strike"],"picked":"SKIP","floor":21.0},{"not_picked":["Iron Wave","Clothesline","Warcry+1","Whirlwind+1"],"picked":"SKIP","floor":21.0},{"not_picked":["Second Wind","Run Through","Shockwave"],"picked":"Sword Boomerang","floor":24.0},{"not_picked":["Cleave","Anger+1","Run Through","Impervious"],"picked":"SKIP","floor":24.0},{"not_picked":["Cleave","Anger+1","Run Through","Impervious"],"picked":"SKIP","floor":24.0},{"not_picked":["Run Through","Inflame","Second Wind","ReplayReversal"],"picked":"SKIP","floor":25.0},{"not_picked":["Reckless Charge","Anger+1","Blood for Blood"],"picked":"Rupture+1","floor":27.0},{"not_picked":["ReplayTheSpireMod:Strike From Hell","Wild Strike","Headbutt","Evolve"],"picked":"SKIP","floor":27.0},{"not_picked":["Heavy Blade+1","ReplayTheSpireMod:Limb From Limb","Clash","Burning Pact"],"picked":"SKIP","floor":30.0},{"not_picked":["Heavy Blade+1","ReplayTheSpireMod:Limb From Limb","Clash","Burning Pact"],"picked":"SKIP","floor":30.0},{"not_picked":["ReplayTheSpireMod:Strike From Hell","Clothesline","ReplayTheSpireMod:Stacked"],"picked":"Feel No Pain","floor":31.0},{"not_picked":["ReplayTheSpireMod:Strike From Hell","Twin Strike","Fire Breathing","Havoc"],"picked":"SKIP","floor":31.0},{"not_picked":["MostiFishMod:ChineseTea","MostiFishMod:NeverNightCountry","Juggernaut"],"picked":"Barricade","floor":33.0},{"not_picked":["Cleave","Thunderclap","Clash","Dropkick+1"],"picked":"SKIP","floor":35.0},{"not_picked":["Thunderclap+1","Flame Barrier+1","Iron Wave+1","REME_SingleHolding"],"picked":"SKIP","floor":35.0},{"not_picked":["Cleave","Thunderclap","Clash","Dropkick+1"],"picked":"SKIP","floor":35.0},{"not_picked":["Thunderclap+1","Flame Barrier+1","Iron Wave+1","REME_SingleHolding"],"picked":"SKIP","floor":35.0},{"not_picked":["Heavy Blade","Run Through+1","Anger"],"picked":"Feel No Pain","floor":36.0},{"not_picked":["True Grit+1","Abandon","Replay:Many Hands","Replay:Undeath\u0027s Touch+1"],"picked":"SKIP","floor":36.0},{"not_picked":["Clothesline","Havoc+1","Pummel"],"picked":"MostiFishMod:BrandingRite+1","floor":37.0},{"not_picked":["Sword Boomerang","Replay:Undeath\u0027s Touch","Run Through","Perfected Strike+1"],"picked":"SKIP","floor":37.0},{"not_picked":["Reckless Charge+1","ReplayTheSpireMod:Strike From Hell+1","Anger","Wild Strike"],"picked":"SKIP","floor":39.0},{"not_picked":["Sword Boomerang","Cleave","Rupture+1","Armaments"],"picked":"SKIP","floor":39.0},{"not_picked":["MostiFishMod:UniRed+1","REME_Scribble","Replay:Undeath\u0027s Touch+1"],"picked":"Pommel Strike+1","floor":40.0},{"not_picked":["Twin Strike+1","Clash+1","Replay:Undeath\u0027s Touch+1","Sentinel+1"],"picked":"Singing Bowl","floor":42.0},{"not_picked":["Carnage+1","Clash+1","Perfected Strike+1"],"picked":"Metallicize+1","floor":45.0},{"not_picked":["Blood for Blood+1","Anger+1","Warcry+1"],"picked":"Defy Death","floor":45.0},{"not_picked":["Clothesline+1","Anger+1","Whirlwind+1"],"picked":"MostiFishMod:NeverNightCountry+1","floor":46.0}],"player_experience":675120,"relics_obtained":[{"floor":1.0,"key":"Question Card"},{"floor":6.0,"key":"Pet Ghost"},{"floor":9.0,"key":"Oddly Smooth Stone"},{"floor":10.0,"key":"SynthV:C4"},{"floor":12.0,"key":"Tea:ReiMu"},{"floor":16.0,"key":"ImportantClient"},{"floor":25.0,"key":"Grinning Jar"},{"floor":25.0,"key":"MawBank"},{"floor":26.0,"key":"PreservedInsect"},{"floor":30.0,"key":"King of Hearts"},{"floor":32.0,"key":"Red Skull"},{"floor":38.0,"key":"CatCart"},{"floor":40.0,"key":"Molten Egg 2"},{"floor":42.0,"key":"Blood Vial"},{"floor":42.0,"key":"Singing Bowl"},{"floor":43.0,"key":"ReplayTheSpireMod:Ninjato"},{"floor":46.0,"key":"Ancient Tea Set"},{"floor":46.0,"key":"Toy Ornithopter"},{"floor":48.0,"key":"Hololive_LightStick"}],"event_choices":[{"damage_healed":0.0,"max_hp_gain":0.0,"max_hp_loss":0.0,"gold_gain":0.0,"event_name":"Wheel of Change","player_choice":"Damaged","floor":2.0,"gold_loss":0.0,"damage_taken":8.0},{"damage_healed":0.0,"max_hp_gain":0.0,"max_hp_loss":0.0,"gold_gain":0.0,"event_name":"WeMeetAgain","player_choice":"Gave Potion","floor":13.0,"gold_loss":0.0,"damage_taken":0.0,"relics_obtained":["Snack Pack"]},{"damage_healed":0.0,"max_hp_gain":0.0,"max_hp_loss":0.0,"gold_gain":0.0,"cards_transformed":["Defend_R","Strike_R"],"event_name":"Designer","player_choice":"Transformed Cards","floor":19.0,"gold_loss":60.0,"damage_taken":0.0,"cards_obtained":["Replay:Undeath\u0027s Touch","Dropkick"]},{"damage_healed":0.0,"max_hp_gain":0.0,"max_hp_loss":0.0,"gold_gain":0.0,"event_name":"Duplicator","player_choice":"Copied","floor":29.0,"gold_loss":0.0,"damage_taken":0.0,"cards_obtained":["MostiFishMod:HellRitual"]},{"damage_healed":0.0,"max_hp_gain":0.0,"max_hp_loss":0.0,"gold_gain":0.0,"event_name":"OrinTheCat","player_choice":"Fight","floor":38.0,"gold_loss":0.0,"damage_taken":0.0}],"is_beta":false,"boss_relics":[{"not_picked":["TimeKeys","Black Blood"],"picked":"Black Star"},{"not_picked":["Hololive_Finger","SynthV:MejaisSoulstealer"],"picked":"Ooze Armor"}],"items_purged_floors":[22,47],"is_endless":false,"potions_floor_spawned":[4,5,7,10,11,18,24,27,30,33,36,39,42,45],"killed_by":"Replay:Hell Engine","ascension_level":5}}