{"host":"htqwg582tjjtn9p7","time":1608223086,"event":{"mods":["2.2 Compatiblity","AchievementEnabler","Act Like it!","Aspiration","BaseMod","Better Third Choice","Colored Map","Conspire","Curses Come First","Displayed Cursed Tome","Energized Spire","Force Act Four","GifTheSpireLib","Hermit","Highlight Path","JesterMod","Mad Scientist","Minty Spire (QoL Compilation)","Pale of the Ancients","Permanent Neow","Random Character Button","Relic Stats","Replay The Spire","Robot Space Explorer","Somnambulant","Spicy Shops","Spikes Relics","StSLib","Stuff the Spire","The Blue Laboratory","The Disciple","The Dragon Tamer","The Forsaken","The Gatherer","The Judge","The Jungle","The Runesmith","The Servant 0.9.4"],"gold_per_floor":[111,128,148,163,115,115,126,126,126,158,174,190,190,204,204,275,275,247,264,264,264],"floor_reached":20,"playtime":910,"items_purged":[],"score":403,"play_id":"77ca80f2-327f-49fd-941f-a783637b037c","local_time":"20201217173806","is_ascension_mode":true,"campfire_choices":[{"data":"Toxin Wave","floor":6,"key":"SMITH"},{"floor":8,"key":"REST"},{"floor":15,"key":"REST"}],"circlet_count":0,"master_deck":["AscendersBane","Strike_G","Strike_G","Strike_G","Strike_G","Strike_G","Defend_G","Defend_G","Defend_G","Defend_G","Defend_G","Survivor","Neutralize","Flying Knee","Backflip","Toxin Wave+1","conspire:PoisonWeapons","Cloak And Dagger","Cloak And Dagger","Backflip","Sucker Punch","Pain","StuffTheSpire:Injection","A Thousand Cuts","Dagger Throw","Infinite Blades"],"relics":["Ring of Chaos","betterThird:SlimedRelic","Iron Hammer","ShockBauble","WarpedTongs","Black Star"],"acts_visited":["Exordium","TheCity"],"potions_floor_usage":[7,12,16,20],"damage_taken":[{"damage":10,"enemies":"Cultist","floor":1,"turns":6},{"damage":3,"enemies":"2 Louse","floor":2,"turns":4},{"damage":0,"enemies":"Small Slimes","floor":3,"turns":4},{"damage":11,"enemies":"Red Slaver","floor":4,"turns":5},{"damage":8,"enemies":"Large Slime","floor":7,"turns":6},{"damage":9,"enemies":"3 Sentries","floor":10,"turns":10},{"damage":1,"enemies":"Lots of Slimes","floor":11,"turns":3},{"damage":3,"enemies":"Exordium Thugs","floor":12,"turns":4},{"damage":0,"enemies":"Looter","floor":14,"turns":2},{"damage":12,"enemies":"Hexaghost","floor":16,"turns":9},{"damage":15,"enemies":"2 Thieves","floor":18,"turns":5},{"damage":3,"enemies":"conspire:FuzzyDice","floor":19,"turns":7},{"damage":40,"enemies":"Sentry and Sphere","floor":20,"turns":3}],"seed_played":"-999826214024783936","potions_obtained":[{"floor":3,"key":"Swift Potion"},{"floor":10,"key":"blueLaboratory:PolymorphPotion"},{"floor":11,"key":"CunningPotion"},{"floor":12,"key":"Weak Potion"},{"floor":14,"key":"Poison Potion"}],"is_trial":false,"path_per_floor":["M","M","M","M","?","R","M","R","T","E","M","M","?","M","R","B",null,"M","M","M"],"character_chosen":"THE_SILENT","items_purchased":[],"campfire_rested":2,"item_purchase_floors":[],"current_hp_per_floor":[49,46,46,35,24,24,16,35,35,26,25,22,22,22,41,29,57,42,39,0,0],"gold":264,"neow_bonus":"BOSS_RELIC","is_daily":false,"chose_seed":false,"campfire_upgraded":1,"win_rate":0.0,"timestamp":1608223086,"path_taken":["M","M","?","M","?","R","M","R","T","E","M","M","?","M","R","BOSS","M","M","M"],"items_purchased_type":[],"build_version":"2020-12-13","purchased_purges":0,"victory":false,"max_hp_per_floor":[66,66,66,66,66,66,66,66,66,66,66,66,66,66,66,66,66,66,66,66,66],"relic_stats":{"counters":[13,68],"Black Star":0,"obtain_stats":[{"ShockBauble":10,"betterThird:SlimedRelic":5,"Ring of Chaos":0,"Iron Hammer":9,"Black Star":17,"Ring of the Snake":0,"WarpedTongs":13},{"ShockBauble":6,"betterThird:SlimedRelic":4,"Ring of Chaos":0,"Iron Hammer":5,"Black Star":10,"Ring of the Snake":0,"WarpedTongs":8},{"ShockBauble":35,"betterThird:SlimedRelic":19,"Ring of Chaos":0,"Iron Hammer":25,"Black Star":53,"Ring of the Snake":0,"WarpedTongs":42}],"WarpedTongs":[21]},"card_choices":[{"not_picked":["StuffTheSpire:Python","Slice"],"picked":"Flying Knee","floor":1},{"not_picked":["Prepared","Outmaneuver"],"picked":"Backflip","floor":2},{"not_picked":["Dodge and Roll","Toxin Wave","ReplayTheSpireMod:Shiv Toss"],"picked":"SKIP","floor":3},{"not_picked":["Dodge and Roll","ReplayTheSpireMod:Shiv Toss"],"picked":"Toxin Wave","floor":3},{"not_picked":["ReplayTheSpireMod:The Works","StuffTheSpire:BumpUp"],"picked":"conspire:PoisonWeapons","floor":4},{"not_picked":["Prepared","StuffTheSpire:BumpUp"],"picked":"Cloak And Dagger","floor":7},{"not_picked":["ReplayTheSpireMod:Tripwire","Quick Slash"],"picked":"Cloak And Dagger","floor":10},{"not_picked":["Doppelganger","Dagger Throw"],"picked":"Backflip","floor":11},{"not_picked":["Deadly Poison","StuffTheSpire:Python"],"picked":"Sucker Punch","floor":12},{"not_picked":["Underhanded Strike","StuffTheSpire:BumpUp"],"picked":"StuffTheSpire:Injection","floor":14},{"not_picked":["Phantasmal Killer","Glass Knife"],"picked":"A Thousand Cuts","floor":16},{"not_picked":["Deflect","Quick Slash"],"picked":"Dagger Throw","floor":18},{"not_picked":["Underhanded Strike","Sucker Punch"],"picked":"Infinite Blades","floor":19}],"player_experience":1694412,"relics_obtained":[{"floor":9,"key":"Iron Hammer"},{"floor":10,"key":"ShockBauble"}],"event_choices":[{"damage_healed":0,"gold_gain":0,"player_choice":"Slimed","damage_taken":11,"max_hp_gain":0,"max_hp_loss":0,"event_name":"betterThird:BetterGoop","floor":5,"gold_loss":48},{"damage_healed":0,"gold_gain":0,"player_choice":"Rummage","damage_taken":0,"relics_obtained":["WarpedTongs"],"max_hp_gain":0,"max_hp_loss":0,"event_name":"Accursed Blacksmith","floor":13,"gold_loss":0,"cards_obtained":["Pain"]}],"is_beta":false,"boss_relics":[{"not_picked":["energizedSpire:HighHeels","energizedSpire:PogoStick"],"picked":"Black Star"}],"items_purged_floors":[],"is_endless":false,"potions_floor_spawned":[3,10,11,12,14,19],"killed_by":"Sentry and Sphere","ascension_level":15}}