{"host":"zi8o4akxlgxypwgb","time":1608222149,"event":{"mods":["BaseMod","Minty Spire (QoL Compilation)","Replay The Spire","StSLib","SuperFastMode"],"gold_per_floor":[117,131,81,81,156,187,187,221,291,317,333,361,361,373,373,474,474,484,484,42,58,75,108,108,108,108],"floor_reached":25,"playtime":879,"items_purged":["Defend_R"],"score":286,"play_id":"9f75c7df-bc75-4bdc-92c1-afcda5283acc","local_time":"20201218002229","is_ascension_mode":true,"campfire_choices":[{"data":"Berserk","floor":13.0,"key":"SMITH"},{"data":"Ghostly Armor","floor":15.0,"key":"SMITH"},{"data":"Secret Weapon","floor":24.0,"key":"SMITH"}],"circlet_count":0,"master_deck":["Strike_R","Strike_R","Strike_R+1","Strike_R","Strike_R","Defend_R","Defend_R+1","ReplayTheSpireMod:Limb From Limb","Ghostly Armor+1","Headbutt","Corruption+1","Perfected Strike","Wild Strike","Berserk+1","Clash","Metallicize","Limit Break","Heavy Blade+1","Secret Weapon+1","Run Through","Anger+1","Flex","Wild Strike+1"],"relics":["Burning Blood","Replay:Rubber Ducky","Red Skull","Bottled Lightning","Orichalcum","Replay:Accelerometer","Black Star","Replay:Baseball","Blood Vial","Simple Rune"],"acts_visited":["Exordium","TheCity"],"potions_floor_usage":[],"damage_taken":[{"damage":6.0,"enemies":"Cultist","floor":1.0,"turns":4.0},{"damage":4.0,"enemies":"Jaw Worm","floor":2.0,"turns":3.0},{"damage":8.0,"enemies":"Gremlin Nob","floor":6.0,"turns":3.0},{"damage":37.0,"enemies":"3 Sentries","floor":8.0,"turns":9.0},{"damage":22.0,"enemies":"Lagavulin","floor":10.0,"turns":5.0},{"damage":0.0,"enemies":"2 Louse","floor":11.0,"turns":2.0},{"damage":18.0,"enemies":"Gremlin Nob","floor":12.0,"turns":3.0},{"damage":1.0,"enemies":"Looter","floor":14.0,"turns":2.0},{"damage":21.0,"enemies":"Fading Forest","floor":16.0,"turns":12.0},{"damage":23.0,"enemies":"Shell Parasite","floor":18.0,"turns":7.0},{"damage":9.0,"enemies":"Spheric Guardian","floor":21.0,"turns":4.0},{"damage":20.0,"enemies":"Snake Plant","floor":22.0,"turns":4.0},{"damage":34.0,"enemies":"Book of Stabbing","floor":23.0,"turns":4.0},{"damage":33,"enemies":"Slavers","floor":25,"turns":2}],"seed_played":"-3950930866140491516","potions_obtained":[{"floor":2.0,"key":"SpeedPotion"},{"floor":6.0,"key":"DuplicationPotion"},{"floor":10.0,"key":"Ancient Potion"}],"is_trial":false,"path_per_floor":["M","M","?","?","?","E","?","E","T","E","M","E","R","M","R","B",null,"M","?","$","M","M","E","R","E"],"character_chosen":"IRONCLAD","items_purchased":["Secret Weapon","Replay:Baseball","Run Through"],"campfire_rested":0,"item_purchase_floors":[20,20,20],"current_hp_per_floor":[88,88,88,88,77,75,75,44,44,28,34,22,22,27,27,28,88,71,71,71,68,54,26,26,0,0],"gold":108,"neow_bonus":"TEN_PERCENT_HP_BONUS","is_daily":false,"chose_seed":false,"campfire_upgraded":3,"win_rate":0.0,"timestamp":1608222149,"path_taken":["M","?","?","?","?","E","?","E","T","E","M","E","R","M","R","BOSS","M","?","$","M","?","E","R","E"],"items_purchased_type":["Card","Relic","Card"],"build_version":"2020-12-13","purchased_purges":1,"victory":false,"max_hp_per_floor":[88,88,88,88,88,88,88,88,88,88,88,88,88,88,88,88,88,88,88,88,88,88,88,88,88,88],"card_choices":[{"not_picked":["Pommel Strike","Cleave"],"picked":"ReplayTheSpireMod:Limb From Limb","floor":1.0},{"not_picked":["Defy Death","Flex"],"picked":"Ghostly Armor","floor":2.0},{"not_picked":["Anger","Twin Strike"],"picked":"Headbutt","floor":6.0},{"not_picked":["Run Through","Spot Weakness"],"picked":"Perfected Strike","floor":8.0},{"not_picked":["Iron Wave","Fire Breathing"],"picked":"Wild Strike","floor":10.0},{"not_picked":["Headbutt","Shrug It Off"],"picked":"Berserk","floor":11.0},{"not_picked":["Shrug It Off","Warcry"],"picked":"Clash","floor":12.0},{"not_picked":["True Grit","Clothesline"],"picked":"Metallicize","floor":14.0},{"not_picked":["Berserk","Reaper"],"picked":"Limit Break","floor":16.0},{"not_picked":["Warcry","Seeing Red"],"picked":"Heavy Blade+1","floor":18.0},{"not_picked":["ReplayTheSpireMod:Strike From Hell","Heavy Blade"],"picked":"Anger+1","floor":21.0},{"not_picked":["Sword Boomerang","Replay:Undeath\u0027s Touch+1"],"picked":"Flex","floor":22.0},{"not_picked":["Shrug It Off","Havoc"],"picked":"Wild Strike+1","floor":23.0}],"player_experience":345121,"relics_obtained":[{"floor":6.0,"key":"Replay:Rubber Ducky"},{"floor":8.0,"key":"Red Skull"},{"floor":9.0,"key":"Bottled Lightning"},{"floor":10.0,"key":"Orichalcum"},{"floor":12.0,"key":"Replay:Accelerometer"},{"floor":23.0,"key":"Blood Vial"},{"floor":23.0,"key":"Simple Rune"}],"event_choices":[{"cards_removed":["Defend_R"],"damage_healed":0.0,"max_hp_gain":0.0,"max_hp_loss":0.0,"gold_gain":0.0,"event_name":"The Cleric","player_choice":"Card Removal","floor":3.0,"gold_loss":50.0,"damage_taken":0.0},{"damage_healed":0.0,"max_hp_gain":0.0,"max_hp_loss":0.0,"gold_gain":75.0,"event_name":"World of Goop","player_choice":"Gather Gold","floor":5.0,"gold_loss":0.0,"damage_taken":11.0},{"damage_healed":0.0,"max_hp_gain":0.0,"max_hp_loss":0.0,"gold_gain":0.0,"event_name":"Match and Keep!","player_choice":"0 cards matched","floor":19.0,"gold_loss":0.0,"damage_taken":0.0,"cards_obtained":[]}],"is_beta":false,"boss_relics":[{"not_picked":["Abe\u0027s Treasure","Painkiller Herb"],"picked":"Black Star"}],"items_purged_floors":[20],"is_endless":false,"potions_floor_spawned":[2,6,10],"killed_by":"Slavers","ascension_level":3}}