{"host":"gx04ak8ofzo346nl","time":1608181257,"event":{"mods":["BaseMod","Colored Map","Downfall","Googly Eyes","Minty Spire (QoL Compilation)","Replay The Spire","StSLib"],"gold_per_floor":[99,115,149,164,174,159,159,186,204,229,239,250,261,271,286,388,388,163,180,214,232,232,247,247,232,332,362,374,374,374,47,57,57,57],"floor_reached":33,"playtime":3319,"items_purged":[],"score":388,"play_id":"22214e07-5ad5-4b2c-b5b3-2434d7b06164","local_time":"20201216210057","is_ascension_mode":false,"campfire_choices":[{"floor":1,"key":"RECALL"},{"floor":18,"key":"DIG"}],"circlet_count":0,"master_deck":["Guardian:Strike_Guardian","Guardian:Strike_Guardian","Guardian:Strike_Guardian","Guardian:Defend_Guardian","Guardian:Defend_Guardian","Guardian:Defend_Guardian","Guardian:Defend_Guardian","Guardian:CurlUp","Guardian:TwinSlam","Guardian:SpikerProtocol","Guardian:BronzeOrb","Guardian:RollAttack","Guardian:RevengeProtocol","Guardian:ShieldCharger","Guardian:SentryBeam","Guardian:Suspension","Guardian:Clone","Guardian:VentSteam","Guardian:StasisStrike","Guardian:FierceBash","CurseOfTheBell","Guardian:Suspension","Guardian:TimeCapacitor+1","Guardian:ChargeUp","Guardian:Orbwalk","Guardian:ConstructionForm","Guardian:Recover","Guardian:BronzeOrb","Guardian:TimeBomb","Guardian:TemporalStrike","Guardian:Gem_Lightblue","Guardian:Gem_Synthetic","Guardian:Gem_Cyan","Guardian:Gem_Green"],"relics":["Guardian:ModeShifter","Bag of Marbles","Replay:Bottled Flurry","Durian","Replay:Towering Pillar of Hats","Calling Bell","Guardian:PickAxe","Letter Opener","Prayer Wheel","downfall:HeartBlessingRed","downfall:HeartBlessingGreen","downfall:HeartBlessingBlue","Juzu Bracelet","Potion Belt","Thread and Needle","Peace Pipe","Ornamental Fan","Shuriken","MutagenicStrength","ClockworkSouvenir"],"acts_visited":["Exordium","TheCity"],"potions_floor_usage":[6,16,20,25,26,26],"damage_taken":[{"damage":0,"enemies":"Small Slimes","floor":2,"turns":3},{"damage":29,"enemies":"3 Sentries","floor":3,"turns":10},{"damage":6,"enemies":"Jaw Worm","floor":4,"turns":3},{"damage":0,"enemies":"2 Louse","floor":5,"turns":2},{"damage":1,"enemies":"downfall:FleeingMerchant","floor":6,"turns":4},{"damage":16,"enemies":"Lagavulin","floor":8,"turns":6},{"damage":3,"enemies":"Blue Slaver","floor":9,"turns":5},{"damage":0,"enemies":"Replay:BlueRogue","floor":10,"turns":7},{"damage":0,"enemies":"3 Louse","floor":11,"turns":3},{"damage":0,"enemies":"Red Slaver","floor":12,"turns":3},{"damage":5,"enemies":"Large Slime","floor":13,"turns":5},{"damage":0,"enemies":"Exordium Thugs","floor":14,"turns":4},{"damage":1,"enemies":"Looter","floor":15,"turns":3},{"damage":8,"enemies":"downfall:Watcher","floor":16,"turns":9},{"damage":8,"enemies":"Spheric Guardian","floor":19,"turns":5},{"damage":11,"enemies":"Book of Stabbing","floor":20,"turns":5},{"damage":0,"enemies":"Chosen","floor":21,"turns":4},{"damage":18,"enemies":"Snake Plant","floor":23,"turns":3},{"damage":9,"enemies":"downfall:FleeingMerchant","floor":25,"turns":4},{"damage":22,"enemies":"Colosseum Nobs","floor":26,"turns":4},{"damage":0,"enemies":"Replay:Snechameleon","floor":27,"turns":9},{"damage":26,"enemies":"Chosen and Byrds","floor":28,"turns":9},{"damage":0,"enemies":"downfall:FleeingMerchant","floor":31,"turns":4},{"damage":0,"enemies":"Centurion and Healer","floor":32,"turns":5},{"damage":1,"enemies":"downfall:Defect","floor":33,"turns":6}],"seed_played":"-464694239086620967","potions_obtained":[{"floor":2,"key":"Strength Potion"},{"floor":4,"key":"Guardian:AcceleratePotion"},{"floor":5,"key":"champ:CounterPotion"},{"floor":12,"key":"Guardian:StasisDiscoveryPotion"},{"floor":14,"key":"Adrenaline Potion"},{"floor":19,"key":"PowerPotion"},{"floor":20,"key":"SneckoOil"},{"floor":32,"key":"Explosive Potion"}],"is_trial":false,"path_per_floor":["R","M","E","M","M","$","T","E","M","E","M","M","M","M","M","B",null,"R_BF","M","E","M","?","M","T","$","?","E","M","?","?","$","M","B"],"character_chosen":"GUARDIAN","items_purchased":["ClockworkSouvenir","Guardian:Gem_Synthetic"],"campfire_rested":0,"item_purchase_floors":[31,31],"current_hp_per_floor":[80,80,51,45,45,44,44,33,30,30,30,30,25,25,24,16,85,95,87,76,76,76,58,58,49,27,27,1,1,1,1,1,0,0],"gold":57,"neow_bonus":"RANDOM_COMMON_RELIC","is_daily":false,"chose_seed":false,"campfire_upgraded":0,"win_rate":0.0,"timestamp":1608181257,"path_taken":["R","M","E","M","M","$","T","E","M","E","M","M","M","M","M","BOSS","R_BF","M","E","M","?","M","T","$","?","E","M","?","?","?","M","BOSS"],"items_purchased_type":["Relic","Card"],"build_version":"2020-12-13","purchased_purges":0,"victory":false,"max_hp_per_floor":[80,80,80,80,80,80,80,85,85,85,85,85,85,85,85,85,85,95,95,95,95,95,95,95,95,95,95,95,95,95,95,95,95,95],"card_choices":[{"not_picked":["Guardian:Incinerate","Guardian:Harden"],"picked":"Guardian:SpikerProtocol","floor":2},{"not_picked":["Guardian:TemporalStrike","Guardian:PrismaticBarrier"],"picked":"Guardian:BronzeOrb","floor":3},{"not_picked":["Guardian:Suspension","Guardian:Gem_Cyan"],"picked":"Guardian:RollAttack","floor":4},{"not_picked":["Guardian:DecasProtection","Guardian:WalkerClaw"],"picked":"Guardian:RevengeProtocol","floor":5},{"not_picked":["Guardian:RollAttack","Guardian:ChargeCore"],"picked":"Guardian:ShieldCharger","floor":6},{"not_picked":["Guardian:DonusPower","Guardian:PolyBeam"],"picked":"Guardian:Gem_Cyan","floor":8},{"not_picked":["Guardian:FloatingOrbs","Guardian:Gem_Lightblue"],"picked":"Guardian:SentryBeam","floor":9},{"not_picked":["Guardian:Reroute","Guardian:Planning"],"picked":"Guardian:Gem_Purple","floor":10},{"not_picked":["Guardian:CrystalBeam","Guardian:Gem_Lightblue"],"picked":"Guardian:Suspension","floor":11},{"not_picked":["Guardian:Gem_Fragmented","Guardian:RollAttack"],"picked":"Guardian:Gem_Crimson","floor":12},{"not_picked":["Guardian:Gem_Cyan","Guardian:Gem_Red"],"picked":"Guardian:Clone","floor":13},{"not_picked":["Guardian:Gem_White","Guardian:RollAttack"],"picked":"Guardian:VentSteam","floor":14},{"not_picked":["Guardian:Incinerate","Guardian:ShieldCharger"],"picked":"Guardian:StasisStrike","floor":15},{"not_picked":["Guardian:FastForward","Guardian:ExploitGems"],"picked":"Guardian:FierceBash","floor":16},{"not_picked":["Guardian:DonusPower","Guardian:PrimingBeam+1"],"picked":"Guardian:Gem_Crimson","floor":19},{"not_picked":["Guardian:Recover","Guardian:ChargeCore"],"picked":"Guardian:Suspension","floor":19},{"not_picked":["Guardian:RefractedBeam+1","Guardian:Gem_Cyan"],"picked":"Guardian:TimeCapacitor+1","floor":20},{"not_picked":["Guardian:VentSteam","Guardian:Orbwalk"],"picked":"Guardian:ChargeUp","floor":21},{"not_picked":["Guardian:MultiBeam","Guardian:PrimingBeam+1"],"picked":"Guardian:Orbwalk","floor":21},{"not_picked":["Guardian:SentryBeam+1","Guardian:Gem_Fragmented"],"picked":"Guardian:ConstructionForm","floor":23},{"not_picked":["Guardian:PrismaticBarrier","Guardian:ChargeCore"],"picked":"Guardian:Recover","floor":23},{"not_picked":["Guardian:PrimingBeam","Guardian:PiercingHide","Guardian:ChargeCore"],"picked":"SKIP","floor":25},{"not_picked":["Guardian:VentSteam","Guardian:Planning"],"picked":"Guardian:BronzeOrb","floor":26},{"not_picked":["Guardian:RefractedBeam","Guardian:VentSteam"],"picked":"Guardian:TimeBomb","floor":27},{"not_picked":["Guardian:WalkerClaw","Guardian:Gem_Lightblue"],"picked":"Guardian:Gem_Fragmented","floor":28},{"not_picked":["Guardian:WalkerClaw","Guardian:Gem_Red"],"picked":"Guardian:TemporalStrike","floor":28},{"not_picked":["Guardian:Suspension+1","Guardian:Reroute"],"picked":"Guardian:Gem_Lightblue","floor":31},{"not_picked":["Guardian:Gem_Green","Guardian:RollAttack"],"picked":"Guardian:Gem_Cyan","floor":32},{"not_picked":["Guardian:Planning","Guardian:BaubleBeam"],"picked":"Guardian:Gem_Green","floor":32}],"player_experience":154667,"relics_obtained":[{"floor":3,"key":"Replay:Bottled Flurry"},{"floor":8,"key":"Durian"},{"floor":10,"key":"Replay:Towering Pillar of Hats"},{"floor":17,"key":"Guardian:PickAxe"},{"floor":17,"key":"Letter Opener"},{"floor":17,"key":"Prayer Wheel"},{"floor":18,"key":"Juzu Bracelet"},{"floor":20,"key":"Potion Belt"},{"floor":24,"key":"Thread and Needle"},{"floor":26,"key":"Peace Pipe"},{"floor":26,"key":"Ornamental Fan"},{"floor":27,"key":"Shuriken"}],"event_choices":[{"damage_healed":0,"gold_gain":0,"player_choice":"Inject Mutagens","damage_taken":0,"relics_obtained":["MutagenicStrength"],"max_hp_gain":0,"max_hp_loss":0,"event_name":"Drug Dealer","floor":29,"gold_loss":0}],"is_beta":false,"boss_relics":[{"not_picked":["Black Star","Replay:Wanted Poster"],"picked":"Calling Bell"}],"items_purged_floors":[],"is_endless":false,"potions_floor_spawned":[2,4,5,12,13,14,19,20,32],"killed_by":"downfall:Defect","ascension_level":0}}