{"host":"21h5e52imz35vo8g","time":1608233512,"event":{"mods":["AchievementEnabler","BaseMod","Colored Map","Colored Powertips","Googly Eyes","Minty Spire (QoL Compilation)","Quick Restart","Rare Cards Sparkle","Replay The Spire","StSLib"],"gold_per_floor":[114,64,19,36,49,49,75,75,75,75,75,109,119,99,99,196,196,183,183,183],"floor_reached":19,"playtime":888,"items_purged":[],"score":212,"play_id":"5f3b733d-1e72-4c1a-80e5-633c4046e544","local_time":"20201218033152","is_ascension_mode":true,"campfire_choices":[{"data":"Neutralize","floor":6,"key":"SMITH"},{"data":"Concentrate","floor":8,"key":"SMITH"},{"data":"Acrobatics","floor":15,"key":"SMITH"}],"circlet_count":0,"master_deck":["Strike_G","Strike_G","Strike_G","Strike_G","Strike_G","Defend_G","Defend_G","Defend_G","Defend_G","Survivor","Neutralize+1","Backflip","Quick Slash","Concentrate+1","Underhanded Strike","All Out Attack","Acrobatics+1","Burst"],"relics":["NeowsBlessing","Paper Crane","Matryoshka","Sizzling Blood","Boot","Thread and Needle","Replay:WaspNest","Ring of Chaos"],"acts_visited":["Exordium","TheCity"],"potions_floor_usage":[7,12],"damage_taken":[{"damage":0,"enemies":"Small Slimes","floor":1,"turns":1},{"damage":0,"enemies":"Jaw Worm","floor":4,"turns":1},{"damage":0,"enemies":"Cultist","floor":5,"turns":1},{"damage":22,"enemies":"Gremlin Nob","floor":7,"turns":4},{"damage":2,"enemies":"Lagavulin","floor":12,"turns":10},{"damage":7,"enemies":"Looter","floor":13,"turns":4},{"damage":6,"enemies":"Exordium Thugs","floor":14,"turns":4},{"damage":43,"enemies":"Fading Forest","floor":16,"turns":11},{"damage":19,"enemies":"2 Thieves","floor":18,"turns":4}],"seed_played":"7059332163597740407","potions_obtained":[{"floor":1,"key":"Adrenaline Potion"},{"floor":5,"key":"DuplicationPotion"},{"floor":12,"key":"Milkshake"}],"is_trial":false,"path_per_floor":["M","?","$","M","M","R","E","R","T","?","T","E","M","M","R","B",null,"M","$"],"character_chosen":"THE_SILENT","items_purchased":["Backflip"],"campfire_rested":0,"item_purchase_floors":[3],"current_hp_per_floor":[70,70,70,70,70,70,48,48,48,52,52,54,51,49,49,20,74,59,59,59],"gold":183,"neow_bonus":"THREE_ENEMY_KILL","is_daily":false,"chose_seed":false,"campfire_upgraded":3,"win_rate":0.0,"timestamp":1608233512,"path_taken":["M","?","$","M","M","R","E","R","T","?","?","E","?","M","R","BOSS","M","$"],"items_purchased_type":["Card"],"build_version":"2020-12-13","purchased_purges":0,"victory":false,"max_hp_per_floor":[70,70,70,70,70,70,70,70,70,74,74,74,74,74,74,74,74,74,74,74],"card_choices":[{"not_picked":["Predator","Dagger Spray","PiercingWail"],"picked":"SKIP","floor":1},{"not_picked":["Setup","Dagger Spray","Quick Slash"],"picked":"SKIP","floor":4},{"not_picked":["Setup","Dagger Spray"],"picked":"Quick Slash","floor":4},{"not_picked":["Flying Knee","Flechettes","ReplayTheSpireMod:Shiv Toss"],"picked":"SKIP","floor":5},{"not_picked":["Accuracy","Distraction"],"picked":"Concentrate","floor":7},{"not_picked":["Outmaneuver","Quick Slash"],"picked":"Underhanded Strike","floor":12},{"not_picked":["Cloak And Dagger","Deadly Poison"],"picked":"All Out Attack","floor":13},{"not_picked":["Unload","Deflect"],"picked":"Acrobatics","floor":14},{"not_picked":["Die Die Die","Wraith Form v2"],"picked":"Burst","floor":16},{"not_picked":["Bouncing Flask+1","Backflip","Acrobatics"],"picked":"SKIP","floor":18}],"player_experience":273781,"relics_obtained":[{"floor":7,"key":"Paper Crane"},{"floor":9,"key":"Matryoshka"},{"floor":11,"key":"Boot"},{"floor":11,"key":"Thread and Needle"},{"floor":12,"key":"Replay:WaspNest"}],"event_choices":[{"cards_removed":["Defend_G"],"damage_healed":0,"gold_gain":0,"player_choice":"Card Removal","damage_taken":0,"max_hp_gain":0,"max_hp_loss":0,"event_name":"The Cleric","floor":2,"gold_loss":50}],"is_beta":false,"boss_relics":[{"not_picked":["Velvet Choker","Black Star"],"picked":"Ring of Chaos"}],"items_purged_floors":[],"is_endless":false,"potions_floor_spawned":[1,5,12],"ascension_level":4}}