{"host":"6qo42zgaknezulyg","time":1608211034,"event":{"mods":["2.2 Compatiblity","BaseMod","Keyboard Shortcuts","Minty Spire (QoL Compilation)","Permanent Neow","Quick Restart","StSLib","SuperFastMode","The Disciple"],"gold_per_floor":[114,130,130,147,147,147,180,67,67,67,96,76,91,107,107,202,202,182,195,120,44,44,44,73,73,73,73,73,99,99,114,114,212,212,231,248,248,268,287,287,287,356,379,403,26,26,26,26,26,26],"floor_reached":51,"playtime":3832,"items_purged":["Strike_Br","Strike_Br"],"score":726,"play_id":"cb185c44-5a99-4b05-b019-537f0158c3b8","local_time":"20201217221714","is_ascension_mode":true,"campfire_choices":[{"data":"DaylightSavings","floor":6.0,"key":"SMITH"},{"floor":10.0,"key":"REST"},{"data":"Analog","floor":15.0,"key":"SMITH"},{"data":"FormalWear","floor":23.0,"key":"SMITH"},{"floor":25.0,"key":"REST"},{"floor":27.0,"key":"REST"},{"floor":32.0,"key":"REST"},{"floor":40.0,"key":"REST"},{"floor":47.0,"key":"REST"},{"data":"ResonantCall","floor":49.0,"key":"SMITH"}],"circlet_count":0,"master_deck":["Defend_Br","Defend_Br","Defend_Br","SecondHand","PatternShift","WakeUpCall","DaylightSavings+2","LockedAnchor","HandsUp","Analog+1","LockedThread+1","Backlash","Keepsakes","LockedLightning+1","LockedThread+1","LockedWarPaint+1","FormalWear+1","LockedTornado+1","Echoward","ResonantCall","MasterKey","BiteCommand+1","Shiv","PrimeTime+1","Stagnate","ResonantCall+1"],"relics":["Chronometer","Frozen Egg 2","Orichalcum?","Orichalcum","Akabeko","Lizard Tail","SlaversCollar","Torii","Art of War","Incense Burner","Bottled Lightning","Runic Dome","Bottled Flame","Ornamental Fan","CeramicFish","Shuriken"],"acts_visited":["Exordium","TheCity","TheBeyond"],"potions_floor_usage":[50,50],"damage_taken":[{"damage":0.0,"enemies":"2 Louse","floor":1.0,"turns":4.0},{"damage":2.0,"enemies":"Small Slimes","floor":2.0,"turns":5.0},{"damage":13.0,"enemies":"Jaw Worm","floor":4.0,"turns":6.0},{"damage":24.0,"enemies":"Gremlin Nob","floor":7.0,"turns":9.0},{"damage":9.0,"enemies":"3 Sentries","floor":11.0,"turns":19.0},{"damage":1.0,"enemies":"Gremlin Gang","floor":13.0,"turns":6.0},{"damage":2.0,"enemies":"Large Slime","floor":14.0,"turns":14.0},{"damage":0.0,"enemies":"Hexaghost","floor":16.0,"turns":14.0},{"damage":23.0,"enemies":"2 Thieves","floor":18.0,"turns":4.0},{"damage":11.0,"enemies":"Chosen","floor":19.0,"turns":10.0},{"damage":30.0,"enemies":"Gremlin Leader","floor":24.0,"turns":9.0},{"damage":24.0,"enemies":"Slavers","floor":29.0,"turns":9.0},{"damage":2.0,"enemies":"Snake Plant","floor":31.0,"turns":6.0},{"damage":1.0,"enemies":"Champ","floor":33.0,"turns":19.0},{"damage":3.0,"enemies":"3 Shapes","floor":35.0,"turns":12.0},{"damage":1.0,"enemies":"Orb Walker","floor":36.0,"turns":5.0},{"damage":16.0,"enemies":"Jaw Worm Horde","floor":38.0,"turns":7.0},{"damage":9.0,"enemies":"3 Darklings","floor":39.0,"turns":7.0},{"damage":12.0,"enemies":"Spire Growth","floor":44.0,"turns":7.0},{"damage":26,"enemies":"Time Eater","floor":50,"turns":14}],"seed_played":"-5384754869702938545","potions_obtained":[{"floor":1.0,"key":"DistilledChaos"},{"floor":4.0,"key":"DuplicationPotion"},{"floor":13.0,"key":"EntropicBrew"},{"floor":16.0,"key":"Block Potion"},{"floor":24.0,"key":"Weak Potion"},{"floor":31.0,"key":"Energy Potion"},{"floor":33.0,"key":"SteroidPotion"},{"floor":36.0,"key":"AttackPotion"}],"is_trial":false,"path_per_floor":["M","M","?","M","?","R","E","$","T","R","E","?","M","M","R","B",null,"M","M","?","$","?","R","E","R","T","R","?","E","$","M","R","B",null,"M","M","?","M","M","R","?","T","T","M","$","?","R","?","R","B",null],"character_chosen":"CHRONO_CLASS","items_purchased":["LockedThread+1","FormalWear","Shuriken","ResonantCall"],"campfire_rested":6,"item_purchase_floors":[8,21,45,45],"current_hp_per_floor":[65,63,38,25,25,25,1,1,1,20,11,11,10,8,8,8,65,42,31,31,31,31,31,1,20,20,39,39,15,15,13,32,31,65,62,61,61,45,36,55,55,55,55,43,43,43,61,61,61,35],"gold":26,"neow_bonus":"TRANSFORM_CARD","is_daily":false,"chose_seed":false,"campfire_upgraded":4,"win_rate":0.0,"timestamp":1608211034,"path_taken":["M","M","?","M","?","R","E","$","T","R","E","?","M","M","R","BOSS","M","M","?","$","?","R","E","R","T","R","?","E","?","M","R","BOSS","M","M","?","M","M","R","?","?","T","?","$","?","R","?","R","BOSS"],"items_purchased_type":["Card","Card","Relic","Card"],"build_version":"2020-12-13","purchased_purges":2,"victory":true,"max_hp_per_floor":[65,65,65,65,65,65,65,65,65,65,65,65,65,65,65,65,65,65,65,65,65,65,65,65,65,65,65,65,65,65,65,65,65,65,65,65,65,65,65,65,65,65,65,65,65,62,62,62,62,62],"card_choices":[{"not_picked":["Engulf","Cuckoo"],"picked":"DaylightSavings","floor":1.0},{"not_picked":["ShortSighted","BlueShift"],"picked":"LockedAnchor","floor":2.0},{"not_picked":["ExoVibe","AlternateTimeline"],"picked":"HandsUp","floor":4.0},{"not_picked":["ExoVibe","LockedWhetstone+1"],"picked":"Analog","floor":7.0},{"not_picked":["Engulf","Tempo"],"picked":"LockedFlame+1","floor":11.0},{"not_picked":["PrimeTime","BlueShift"],"picked":"Backlash","floor":13.0},{"not_picked":["BackFourSeconds","WindUp"],"picked":"Keepsakes","floor":14.0},{"not_picked":["LockedFlame+1","Echonomics"],"picked":"LockedLightning+1","floor":16.0},{"not_picked":["Break+1","BlueShift"],"picked":"LockedThread+1","floor":18.0},{"not_picked":["LockedAnchor+1","HandsUp+1"],"picked":"LockedWarPaint+1","floor":19.0},{"not_picked":["BlueShift","AlternateTimeline"],"picked":"LockedTornado+1","floor":24.0},{"not_picked":["Keepsakes","BlueShift"],"picked":"Echoward","floor":29.0},{"not_picked":["BlueShift","Chronoelasticity+1"],"picked":"ResonantCall","floor":31.0},{"not_picked":["Pendulum","BeatsPerMinute"],"picked":"MasterKey","floor":33.0},{"not_picked":["AlternateTimeline","LockedMedicine+1","ShortSighted"],"picked":"SKIP","floor":35.0},{"not_picked":["ReapSow+1","Chronoelasticity+1"],"picked":"BiteCommand+1","floor":36.0},{"not_picked":["LockedAnchor+1","DaylightSavings+1"],"picked":"PrimeTime+1","floor":38.0},{"not_picked":["BiteCommand+1","Chronoelasticity+1"],"picked":"Accruing+1","floor":39.0},{"not_picked":["Tempo+1","BlueShift+1"],"picked":"Stagnate","floor":44.0}],"player_experience":739657,"relics_obtained":[{"floor":7.0,"key":"Orichalcum"},{"floor":9.0,"key":"Akabeko"},{"floor":11.0,"key":"Lizard Tail"},{"floor":24.0,"key":"Art of War"},{"floor":26.0,"key":"Incense Burner"},{"floor":29.0,"key":"Bottled Lightning"},{"floor":42.0,"key":"Ornamental Fan"},{"floor":43.0,"key":"CeramicFish"}],"event_choices":[{"damage_healed":0.0,"max_hp_gain":0.0,"max_hp_loss":0.0,"gold_gain":0.0,"event_name":"Scrap Ooze","player_choice":"Success","floor":3.0,"gold_loss":0.0,"damage_taken":25.0,"relics_obtained":["Frozen Egg 2"]},{"damage_healed":0.0,"max_hp_gain":0.0,"max_hp_loss":0.0,"gold_gain":0.0,"event_name":"World of Goop","player_choice":"Left Gold","floor":12.0,"gold_loss":20.0,"damage_taken":0.0},{"cards_removed":["Defend_Br"],"damage_healed":0.0,"max_hp_gain":0.0,"max_hp_loss":0.0,"gold_gain":0.0,"event_name":"Beggar","player_choice":"Gave Gold","floor":20.0,"gold_loss":75.0,"damage_taken":0.0},{"damage_healed":0.0,"max_hp_gain":0.0,"max_hp_loss":0.0,"gold_gain":0.0,"event_name":"The Mausoleum","player_choice":"Opened","floor":22.0,"gold_loss":0.0,"damage_taken":0.0,"relics_obtained":["Torii"]},{"cards_removed":["Strike_Br"],"damage_healed":0.0,"max_hp_gain":0.0,"max_hp_loss":0.0,"gold_gain":0.0,"event_name":"Back to Basics","player_choice":"Elegance","floor":28.0,"gold_loss":0.0,"damage_taken":0.0},{"damage_healed":0.0,"max_hp_gain":0.0,"max_hp_loss":0.0,"gold_gain":0.0,"event_name":"SensoryStone","player_choice":"Memory 1","floor":41.0,"gold_loss":0.0,"damage_taken":0.0},{"damage_healed":0.0,"max_hp_gain":0.0,"max_hp_loss":3.0,"gold_gain":0.0,"event_name":"Winding Halls","player_choice":"Max HP","floor":46.0,"gold_loss":0.0,"damage_taken":0.0},{"cards_removed":["Accruing"],"damage_healed":0.0,"max_hp_gain":0.0,"max_hp_loss":0.0,"gold_gain":0.0,"event_name":"Falling","player_choice":"Removed Attack","floor":48.0,"gold_loss":0.0,"damage_taken":0.0}],"is_beta":false,"boss_relics":[{"not_picked":["Empty Cage","Pandora\u0027s Box"],"picked":"SlaversCollar"},{"not_picked":["Coffee Dripper","Tiny House"],"picked":"Runic Dome"}],"items_purged_floors":[8,45],"is_endless":false,"potions_floor_spawned":[1,4,13,16,18,24,31,33,36,44],"ascension_level":1}}