{"host":"u3jctbsl7uavviuy","time":1608168218,"event":{"mods":["BaseMod","BetterRewards","GungeonMod","HololiveMod","Luminous","Marisa（F雨　魔理沙）","Minty Spire (QoL Compilation)","Relic Stats","Replay The Spire","Shop Mod","Spicy Shops","StSLib","TestMod","The Animator","The Cursed","The Gatherer","The Servant 0.9.4","WarShipGirlsR/战舰少女R mod","vexMod","篝火指南"],"gold_per_floor":[117,133,83,83,103,131,131,163,190,10,0,30,40,54,54,131,131,142,57,57,257,276,311,311,339,339,339,339,357,371,400,4,80,130,149,57,251,251,14,46,57,102,113,124,154,165,202,230,39,50],"floor_reached":51,"playtime":2356,"items_purged":["Clash","Strike_R+1"],"score":1592,"play_id":"ded8176f-ca42-4c6b-9b6c-1898a9e4f0a0","local_time":"20201217102338","is_ascension_mode":true,"campfire_choices":[{"floor":7.0,"key":"REST"},{"data":"Seeing Red","floor":15.0,"key":"SMITH"},{"data":"Infernal Blade","floor":24.0,"key":"SMITH"},{"floor":27.0,"key":"REST"},{"data":"Heavy Blade","floor":41,"key":"SMITH"},{"data":"Limit Break","floor":44,"key":"SMITH"}],"circlet_count":0,"master_deck":["AscendersBane","Strike_R+1","Strike_R+1","Strike_R+1","Strike_R+1","Defend_R+1","Defend_R+1","Defend_R+1","Bash+1","Shrug It Off+1","Shrug It Off","Inflame+1","Seeing Red+1","Demon Form+1","Inflame+1","Heavy Blade+1","Infernal Blade+1","Flex","Blood for Blood+1","ReplayTheSpireMod:Limb From Limb+1","Second Wind","Sword Boomerang","Bloodletting+1","Pummel+1","Reaper+1","Thunderclap+1","testmod-Reproduce+1","Burning Pact","Limit Break+1","Immolate","ReplayTheSpireMod:Strike From Hell+1","Feel No Pain+1","Master of Strategy","Bandage Up","testmod-PainDetonator"],"relics":["Burning Blood","testmod-TestBox","testmod-IWantAll","Chemical X","Frozen Egg 2","Another Sword","Onion Ring","Bottled Lightning","vexMod:MemoryStick","Replay:Rubber Ducky","Vajra","Pen Nib","Charon\u0027s Ashes","Blue Doll","Membership Card","testmod-CasingShield","Replay:Baseball","Tiny House","testmod-Charity","ClockworkSouvenir","MawBank","ReplayTheSpireMod:Ninjato","testmod-Hope","testmod-RealStoneCalender","White Beast Statue","Whetstone"],"acts_visited":["Exordium","TheCity","TheBeyond"],"potions_floor_usage":[40,42,42,50,50],"damage_taken":[{"damage":2.0,"enemies":"Jaw Worm","floor":1.0,"turns":4.0},{"damage":0.0,"enemies":"Small Slimes","floor":2.0,"turns":3.0},{"damage":6.0,"enemies":"Cultist","floor":5.0,"turns":3.0},{"damage":20.0,"enemies":"3 Sentries","floor":6.0,"turns":7.0},{"damage":3.0,"enemies":"Lagavulin","floor":8.0,"turns":5.0},{"damage":2.0,"enemies":"Replay:BlueRogue","floor":12.0,"turns":3.0},{"damage":10.0,"enemies":"Exordium Thugs","floor":13.0,"turns":3.0},{"damage":1.0,"enemies":"Exordium Wildlife","floor":14.0,"turns":3.0},{"damage":0.0,"enemies":"Slime Boss","floor":16.0,"turns":6.0},{"damage":8.0,"enemies":"2 Thieves","floor":18.0,"turns":3.0},{"damage":25.0,"enemies":"3 Byrds","floor":22.0,"turns":6.0},{"damage":35.0,"enemies":"Book of Stabbing","floor":23.0,"turns":5.0},{"damage":26.0,"enemies":"Replay:Snechameleon","floor":25.0,"turns":5.0},{"damage":0.0,"enemies":"Sentry and Sphere","floor":29.0,"turns":3.0},{"damage":0.0,"enemies":"Snecko","floor":30.0,"turns":2.0},{"damage":18.0,"enemies":"Book of Stabbing","floor":31.0,"turns":4.0},{"damage":9.0,"enemies":"Automaton","floor":33.0,"turns":6.0},{"damage":42.0,"enemies":"3 Darklings","floor":35.0,"turns":7.0},{"damage":35,"enemies":"Reptomancer","floor":40,"turns":4},{"damage":12,"enemies":"Giant Head","floor":42,"turns":4},{"damage":0,"enemies":"3 Shapes","floor":45,"turns":3},{"damage":13,"enemies":"Reptomancer","floor":47,"turns":2},{"damage":0,"enemies":"Transient","floor":48,"turns":5},{"damage":15,"enemies":"Replay:Hell Engine","floor":50,"turns":2}],"seed_played":"4348096527079949446","potions_obtained":[{"floor":1.0,"key":"FearPotion"},{"floor":2.0,"key":"LiquidMemories"},{"floor":13.0,"key":"Toxic Potion"},{"floor":16.0,"key":"FearPotion"},{"floor":18.0,"key":"Adrenaline Potion"},{"floor":22.0,"key":"Explosive Potion"},{"floor":23.0,"key":"Fire Potion"},{"floor":30.0,"key":"EssenceOfSteel"},{"floor":34.0,"key":"testmod-TestPotion"},{"floor":35.0,"key":"BloodPotion"},{"floor":40,"key":"DistilledChaos"},{"floor":47,"key":"DistilledChaos"},{"floor":48,"key":"Swift Potion"}],"is_trial":false,"path_per_floor":["M","M","?","?","M","E","R","E","T","$","?","E","M","M","R","B",null,"M","?","$","?","M","E","R","E","T","R","?","M","M","E","R","B",null,"M","$","?","?","$","E","R","E","T","R","M","?","E","M","R","B",null],"character_chosen":"IRONCLAD","items_purchased":["Chemical X","Frozen Egg 2","Another Sword","Shrug It Off","Inflame+1","Heavy Blade","BloodPotion","Membership Card","Bloodletting+1","Pummel","testmod-CasingShield","Replay:Baseball","testmod-Reproduce+1","Limit Break","testmod-Charity","ClockworkSouvenir","White Beast Statue","Whetstone"],"campfire_rested":2,"item_purchase_floors":[0,0,0,0,10,10,10,32,32,32,32,32,36,39,39,39,49,49],"current_hp_per_floor":[40,46,46,30,30,16,40,43,43,43,43,47,43,48,48,54,74,72,72,72,72,53,40,40,20,20,44,44,50,56,44,44,41,75,53,53,32,40,40,29,30,44,45,46,54,45,40,65,66,62],"gold":61,"neow_bonus":"","is_daily":false,"chose_seed":false,"campfire_upgraded":4,"win_rate":0.0,"timestamp":1608168218,"path_taken":["M","M","?","?","M","E","R","E","T","$","?","E","?","M","R","BOSS","M","?","$","?","?","E","R","E","T","R","?","M","M","E","R","BOSS","M","$","?","?","$","E","R","E","T","R","M","?","E","M","R","BOSS"],"items_purchased_type":["Relic","Relic","Relic","Card","Card","Card","Potion","Relic","Card","Card","Relic","Relic","Card","Card","Relic","Relic","Relic","Relic"],"build_version":"2020-12-13","purchased_purges":2,"victory":true,"max_hp_per_floor":[80,80,80,80,80,80,80,80,80,80,80,80,80,80,80,80,80,80,80,80,80,80,80,80,80,80,80,80,80,80,80,80,80,85,85,85,85,85,85,86,87,89,90,91,93,94,96,98,99,100],"relic_stats":{"counters":[24,98],"Pen Nib":[9],"Charon\u0027s Ashes":[168],"Chemical X":[2],"Whetstone":["Pummel","Blood for Blood"],"MawBank":121,"obtain_stats":[{"vexMod:MemoryStick":12,"Tiny House":34,"Vajra":23,"Blue Doll":31,"testmod-IWantAll":0,"DemoMod:GlassGuonStoneRelic":8,"Whetstone":49,"Burning Blood":0,"testmod-CasingShield":32,"testmod-Charity":39,"Replay:Rubber Ducky":19,"ClockworkSouvenir":39,"Chemical X":0,"testmod-TestBox":0,"ReplayTheSpireMod:Ninjato":42,"Pen Nib":25,"Charon\u0027s Ashes":26,"Frozen Egg 2":0,"MawBank":40,"White Beast Statue":49,"testmod-RealStoneCalender":47,"Replay:Baseball":32,"testmod-Hope":43,"Onion Ring":6,"Another Sword":0,"Bottled Lightning":8,"Membership Card":32},{"vexMod:MemoryStick":6,"Tiny House":17,"Vajra":12,"Blue Doll":16,"testmod-IWantAll":0,"DemoMod:GlassGuonStoneRelic":5,"Whetstone":23,"Burning Blood":0,"testmod-CasingShield":16,"testmod-Charity":18,"Replay:Rubber Ducky":10,"ClockworkSouvenir":18,"Chemical X":0,"testmod-TestBox":0,"ReplayTheSpireMod:Ninjato":20,"Pen Nib":13,"Charon\u0027s Ashes":13,"Frozen Egg 2":0,"MawBank":19,"White Beast Statue":23,"testmod-RealStoneCalender":22,"Replay:Baseball":16,"testmod-Hope":20,"Onion Ring":4,"Another Sword":0,"Bottled Lightning":5,"Membership Card":16},{"vexMod:MemoryStick":25,"Tiny House":71,"Vajra":51,"Blue Doll":65,"testmod-IWantAll":0,"DemoMod:GlassGuonStoneRelic":22,"Whetstone":96,"Burning Blood":0,"testmod-CasingShield":65,"testmod-Charity":78,"Replay:Rubber Ducky":40,"ClockworkSouvenir":78,"Chemical X":0,"testmod-TestBox":0,"ReplayTheSpireMod:Ninjato":86,"Pen Nib":56,"Charon\u0027s Ashes":56,"Frozen Egg 2":0,"MawBank":82,"White Beast Statue":96,"testmod-RealStoneCalender":91,"Replay:Baseball":65,"testmod-Hope":86,"Onion Ring":17,"Another Sword":0,"Bottled Lightning":22,"Membership Card":65}],"Burning Blood":144},"card_choices":[{"not_picked":["Flex","ReplayTheSpireMod:Corrosion Curse"],"picked":"Inflame+1","floor":1.0},{"not_picked":["Intimidate","Searing Blow"],"picked":"Clash","floor":2.0},{"not_picked":["Rupture+1","Evolve+1"],"picked":"Seeing Red","floor":5.0},{"not_picked":["Pommel Strike","Carnage","Anger"],"picked":"SKIP","floor":6.0},{"not_picked":["Pommel Strike","ReplayTheSpireMod:LeadingStrike"],"picked":"Demon Form+1","floor":8.0},{"not_picked":[],"picked":"Infernal Blade","floor":11.0},{"not_picked":["Cleave","Warcry","Fire Breathing+1"],"picked":"SKIP","floor":12.0},{"not_picked":["Wild Strike","Dropkick"],"picked":"Flex","floor":13.0},{"not_picked":["Havoc","Abandon","Headbutt"],"picked":"SKIP","floor":14.0},{"not_picked":["Anger","Perfected Strike+1","Disarm"],"picked":"SKIP","floor":18.0},{"not_picked":["Armaments","Wild Strike"],"picked":"Blood for Blood","floor":22.0},{"not_picked":["Flame Barrier","Pommel Strike","Run Through"],"picked":"SKIP","floor":23.0},{"not_picked":["Life Link+1","ReplayTheSpireMod:Corrosion Curse"],"picked":"ReplayTheSpireMod:Limb From Limb+1","floor":25.0},{"not_picked":["Body Slam","Juggernaut+1","Shrug It Off+1"],"picked":"SKIP","floor":29.0},{"not_picked":["Havoc","Evolve+1"],"picked":"Second Wind","floor":30.0},{"not_picked":["Perfected Strike","Replay:Undeath\u0027s Touch"],"picked":"Sword Boomerang","floor":31.0},{"not_picked":["Demonic Infusion","Limit Break"],"picked":"Reaper","floor":33.0},{"not_picked":["ReplayTheSpireMod:Strike From Hell","Replay:Undeath\u0027s Touch"],"picked":"Thunderclap+1","floor":35.0},{"not_picked":["Run Through","Armaments"],"picked":"Burning Pact","floor":37.0},{"not_picked":["Power Through","Combust+1"],"picked":"Immolate","floor":40},{"not_picked":["Headbutt","Warcry"],"picked":"ReplayTheSpireMod:Strike From Hell+1","floor":42},{"not_picked":["Flex","ReplayTheSpireMod:LeadingStrike"],"picked":"Feel No Pain+1","floor":45},{"not_picked":["Transmutation","PanicButton"],"picked":"Master of Strategy","floor":46},{"not_picked":["Blind","testmod-LifeRuler"],"picked":"Bandage Up","floor":46},{"not_picked":["testmod-Librarian","testmod-Collector"],"picked":"testmod-PainDetonator","floor":46},{"not_picked":["ReplayReversal","Reckless Charge","Thunderclap+1"],"picked":"SKIP","floor":47},{"not_picked":["Warcry","ReplayReversal","Headbutt"],"picked":"SKIP","floor":48}],"player_experience":374688,"relics_obtained":[{"floor":6.0,"key":"Onion Ring"},{"floor":8.0,"key":"Bottled Lightning"},{"floor":12.0,"key":"vexMod:MemoryStick"},{"floor":23.0,"key":"Vajra"},{"floor":25.0,"key":"Pen Nib"},{"floor":26.0,"key":"Charon\u0027s Ashes"},{"floor":31.0,"key":"Blue Doll"},{"floor":40,"key":"MawBank"},{"floor":42,"key":"ReplayTheSpireMod:Ninjato"},{"floor":43,"key":"testmod-Hope"},{"floor":47,"key":"testmod-RealStoneCalender"}],"event_choices":[{"cards_removed":["Defend_R"],"damage_healed":0.0,"max_hp_gain":0.0,"max_hp_loss":0.0,"gold_gain":0.0,"event_name":"The Cleric","player_choice":"Card Removal","floor":3.0,"gold_loss":50.0,"damage_taken":0.0},{"damage_healed":0.0,"max_hp_gain":0.0,"max_hp_loss":0.0,"gold_gain":0.0,"event_name":"Shining Light","player_choice":"Entered Light","floor":4.0,"gold_loss":0.0,"damage_taken":16.0,"cards_upgraded":["Bash","Shrug It Off"]},{"damage_healed":0.0,"max_hp_gain":0.0,"max_hp_loss":0.0,"gold_gain":0.0,"event_name":"Addict","player_choice":"Obtained Relic","floor":19.0,"gold_loss":85.0,"damage_taken":0.0,"relics_obtained":["Replay:Rubber Ducky"]},{"damage_healed":0.0,"max_hp_gain":0.0,"max_hp_loss":0.0,"gold_gain":250.0,"event_name":"The Joust","player_choice":"Bet on Owner","floor":21.0,"gold_loss":50.0,"damage_taken":0.0},{"damage_healed":0.0,"max_hp_gain":0.0,"max_hp_loss":0.0,"gold_gain":0.0,"event_name":"Back to Basics","player_choice":"Simplicity","floor":28.0,"gold_loss":0.0,"damage_taken":0.0,"cards_upgraded":["Strike_R","Strike_R","Strike_R","Strike_R","Strike_R","Defend_R","Defend_R","Defend_R"]},{"damage_healed":0,"gold_gain":0,"player_choice":"Memory 3","damage_taken":10,"max_hp_gain":0,"max_hp_loss":0,"event_name":"SensoryStone","floor":46,"gold_loss":0}],"is_beta":false,"boss_relics":[{"not_picked":["vexMod:MegatonBomb","vexMod:EndlessSickness","testmod-EnergyCheck"]},{"not_picked":["Replay:Bronze Core","ReplayTheSpireMod:DimensionalGlitch"],"picked":"Tiny House"}],"items_purged_floors":[32,39],"is_endless":false,"potions_floor_spawned":[1,2,13,16,18,22,23,30,35,40,47,48],"ascension_level":13}}