{"host":"bjzqjr1ycgj8gt55","time":1608168565,"event":{"mods":["BaseMod","Better Altar","Better Match","Better Sensory Stone","Better Skull","Better Third Choice","Better Vampires","Block Reminder","Colored Map","Colored Powertips","Downfall","GifTheSpireLib","Minty Spire (QoL Compilation)","Shop Mod","StSLib","Waifu the Spire"],"gold_per_floor":[0,17,2,21,21,36,36,64,82,82,97,97,108,123,139,139,139],"floor_reached":16,"playtime":728,"items_purged":[],"score":106,"play_id":"09700d1a-dbe8-443f-9ba0-5ba63f004edb","local_time":"20201216192925","is_ascension_mode":false,"campfire_choices":[{"floor":1.0,"key":"RECALL"},{"data":"Guardian:CompilePackage","floor":5.0,"key":"SMITH"},{"data":"Guardian:DonusPower","floor":10,"key":"SMITH"}],"circlet_count":0,"master_deck":["Guardian:Strike_Guardian","Guardian:Strike_Guardian","Guardian:Strike_Guardian","Guardian:Strike_Guardian","Guardian:Defend_Guardian","Guardian:Defend_Guardian","Guardian:Defend_Guardian","Guardian:Defend_Guardian","Guardian:CurlUp","Guardian:TwinSlam","Guardian:CompilePackage+1","Guardian:VentSteam","Guardian:PiercingHide","Guardian:PiercingHide","Guardian:TimeSifter","Guardian:DonusPower+1","Guardian:EvasiveProtocol","Terror+1","Guardian:ShieldCharger","Guardian:TimeBomb","Guardian:Harden"],"relics":["Guardian:ModeShifter","Dream Catcher","Oddly Smooth Stone"],"acts_visited":["Exordium"],"potions_floor_usage":[16],"damage_taken":[{"damage":1.0,"enemies":"Cultist","floor":2.0,"turns":3.0},{"damage":0.0,"enemies":"downfall:FleeingMerchant","floor":3.0,"turns":4.0},{"damage":4.0,"enemies":"Small Slimes","floor":4.0,"turns":3.0},{"damage":0.0,"enemies":"2 Louse","floor":6.0,"turns":3.0},{"damage":12,"enemies":"3 Sentries","floor":8,"turns":9},{"damage":0,"enemies":"2 Fungi Beasts","floor":9,"turns":4},{"damage":3,"enemies":"Blue Slaver","floor":11,"turns":2},{"damage":14,"enemies":"3 Louse","floor":13,"turns":3},{"damage":0,"enemies":"2 Fungi Beasts","floor":14,"turns":3},{"damage":14,"enemies":"Exordium Wildlife","floor":15,"turns":4},{"damage":11,"enemies":"downfall:Defect","floor":16,"turns":4}],"seed_played":"4638499972998650596","potions_obtained":[{"floor":9,"key":"Block Potion"},{"floor":13,"key":"SteroidPotion"},{"floor":14,"key":"BlessingOfTheForge"}],"is_trial":false,"path_per_floor":["R","M","$","M","R","M","T","E","M","R","M","?","M","M","M","B"],"character_chosen":"GUARDIAN","items_purchased":[],"campfire_rested":0,"item_purchase_floors":[],"current_hp_per_floor":[80,79,79,75,75,75,75,63,63,63,60,37,23,23,9,0,0],"gold":139,"neow_bonus":"THREE_RARE_CARDS","is_daily":false,"chose_seed":false,"campfire_upgraded":2,"win_rate":0.0,"timestamp":1608168565,"path_taken":["R","?","$","M","R","M","T","E","M","R","M","?","M","M","M","BOSS"],"items_purchased_type":[],"build_version":"2020-12-13","purchased_purges":0,"victory":false,"max_hp_per_floor":[80,80,80,80,80,80,80,80,80,80,80,80,80,80,80,80,80],"card_choices":[{"not_picked":["Guardian:TimeSifter","Guardian:StasisEngine"],"picked":"Guardian:CompilePackage","floor":0.0},{"not_picked":["Guardian:BronzeOrb","Guardian:Repulse"],"picked":"Guardian:VentSteam","floor":2.0},{"not_picked":["Guardian:PrimingBeam","Guardian:BronzeOrb"],"picked":"Guardian:PiercingHide","floor":3.0},{"not_picked":["Guardian:TemporalShield","Guardian:PrimingBeam"],"picked":"Guardian:PiercingHide","floor":4.0},{"not_picked":["Guardian:WalkerClaw","Guardian:RollAttack"],"picked":"Guardian:Gem_Fragmented","floor":6.0},{"not_picked":["Guardian:RollAttack","Guardian:Incinerate"],"picked":"Guardian:TimeSifter","floor":8},{"not_picked":["Guardian:Gem_Lightblue","Guardian:Gem_Red"],"picked":"Guardian:DonusPower","floor":9},{"not_picked":["Guardian:Recover","Guardian:TemporalShield"],"picked":"Guardian:EvasiveProtocol","floor":11},{"not_picked":["Guardian:VentSteam","Guardian:Recover"],"picked":"Guardian:ShieldCharger","floor":13},{"not_picked":["Guardian:TemporalShield","Guardian:Emergency"],"picked":"Guardian:TimeBomb","floor":14},{"not_picked":["Guardian:TimeCapacitor","Guardian:StasisEngine"],"picked":"Guardian:Harden","floor":15}],"player_experience":96656,"relics_obtained":[{"floor":8,"key":"Dream Catcher"}],"event_choices":[],"is_beta":false,"boss_relics":[],"items_purged_floors":[],"is_endless":false,"potions_floor_spawned":[9,13,14,15],"killed_by":"downfall:Defect","ascension_level":0}}