{"host":"5mo0809oo9tcrmpl","time":1608164141,"event":{"mods":["BaseMod","Highlight Path","Minty Spire (QoL Compilation)","Relic Stats","Slay the Relics Exporter"],"gold_per_floor":[211,228,228,7,25,57,74,93,93,93,113,129,162,162,162,236,236,250,250,18,32,45,80,80,105,105,140,240,253,253,281,281,359,359,372,7,24,36,61,92,92,108,133,149,182,200,200,26,26,26,26,26,26,26,58,58],"floor_reached":57,"playtime":4196,"items_purged":["Strike_G","Strike_G"],"score":2933,"play_id":"7337c8cb-f4ec-4979-a653-49315505868c","local_time":"20201216181541","is_ascension_mode":true,"campfire_choices":[{"data":"Deadly Poison","floor":10,"key":"SMITH"},{"data":"Malaise","floor":15,"key":"SMITH"},{"floor":24,"key":"REST"},{"data":"Cloak And Dagger","floor":30,"key":"SMITH"},{"data":"Neutralize","floor":32,"key":"SMITH"},{"floor":41,"key":"RECALL"},{"floor":49,"key":"REST"},{"floor":53,"key":"REST"}],"circlet_count":0,"master_deck":["AscendersBane","Strike_G","Strike_G+1","Defend_G","Defend_G","Defend_G","Defend_G","Defend_G","Survivor","Neutralize+1","Poisoned Stab","Slice","Backstab+1","Deadly Poison+1","Cloak And Dagger","Calculated Gamble","Backflip","Malaise+1","Well Laid Plans","Adrenaline","Deadly Poison+1","Cloak And Dagger+1","Dodge and Roll","Crippling Poison+1","Masterful Stab","Storm of Steel","Dodge and Roll+1","PiercingWail","Calculated Gamble","Cloak And Dagger+1","Adrenaline"],"relics":["Ring of the Snake","Oddly Smooth Stone","Ninja Scroll","Matryoshka","Singing Bowl","WristBlade","Akabeko","Dead Branch","Anchor","PreservedInsect","Paper Crane","Incense Burner","TungstenRod","Mercury Hourglass","Bronze Scales","Fusion Hammer","Bottled Tornado","Lizard Tail","Frozen Egg 2","Lantern","Whetstone","Vajra"],"acts_visited":["Exordium","TheCity","TheBeyond","TheEnding"],"potions_floor_usage":[6,6,13,23,33,33,33,56,56],"damage_taken":[{"damage":0,"enemies":"2 Louse","floor":1,"turns":4},{"damage":12,"enemies":"Cultist","floor":2,"turns":4},{"damage":0,"enemies":"Small Slimes","floor":5,"turns":2},{"damage":3,"enemies":"Gremlin Nob","floor":6,"turns":3},{"damage":0,"enemies":"Blue Slaver","floor":7,"turns":3},{"damage":0,"enemies":"2 Fungi Beasts","floor":8,"turns":3},{"damage":3,"enemies":"Large Slime","floor":11,"turns":6},{"damage":0,"enemies":"Blue Slaver","floor":12,"turns":1},{"damage":9,"enemies":"Lagavulin","floor":13,"turns":5},{"damage":6,"enemies":"Hexaghost","floor":16,"turns":10},{"damage":0,"enemies":"Spheric Guardian","floor":18,"turns":1},{"damage":1,"enemies":"3 Byrds","floor":21,"turns":5},{"damage":0,"enemies":"Centurion and Healer","floor":22,"turns":5},{"damage":20,"enemies":"Slavers","floor":23,"turns":9},{"damage":8,"enemies":"Book of Stabbing","floor":25,"turns":5},{"damage":0,"enemies":"Gremlin Leader","floor":27,"turns":5},{"damage":0,"enemies":"Colosseum Slavers","floor":28,"turns":3},{"damage":0,"enemies":"Colosseum Nobs","floor":28,"turns":2},{"damage":0,"enemies":"Snecko","floor":29,"turns":4},{"damage":2,"enemies":"Book of Stabbing","floor":31,"turns":3},{"damage":34,"enemies":"Champ","floor":33,"turns":10},{"damage":0,"enemies":"Orb Walker","floor":35,"turns":1},{"damage":0,"enemies":"3 Darklings","floor":37,"turns":1},{"damage":1,"enemies":"Sphere and 2 Shapes","floor":38,"turns":3},{"damage":0,"enemies":"Mind Bloom Boss Battle","floor":39,"turns":5},{"damage":0,"enemies":"Nemesis","floor":40,"turns":3},{"damage":2,"enemies":"Writhing Mass","floor":42,"turns":4},{"damage":0,"enemies":"Maw","floor":44,"turns":2},{"damage":0,"enemies":"Giant Head","floor":45,"turns":1},{"damage":0,"enemies":"4 Shapes","floor":46,"turns":2},{"damage":7,"enemies":"Donu and Deca","floor":50,"turns":6},{"damage":5,"enemies":"Awakened One","floor":51,"turns":14},{"damage":3,"enemies":"Shield and Spear","floor":55,"turns":3},{"damage":79,"enemies":"The Heart","floor":56,"turns":9}],"seed_played":"-290941748624739465","potions_obtained":[{"floor":1,"key":"Fire Potion"},{"floor":7,"key":"AttackPotion"},{"floor":12,"key":"SpeedPotion"},{"floor":13,"key":"DuplicationPotion"},{"floor":25,"key":"Ancient Potion"},{"floor":29,"key":"EntropicBrew"},{"floor":37,"key":"SteroidPotion"},{"floor":40,"key":"CultistPotion"}],"is_trial":false,"path_per_floor":["M","M","?","$","M","E","M","M","T","R","M","M","E","?","R","B",null,"M","?","$","M","M","E","R","E","T","E","?","M","R","E","R","B",null,"M","$","M","M","?","E","R","M","T","M","E","M","?","$","R","B","B",null,"R","$","E","B",null],"character_chosen":"THE_SILENT","items_purchased":["Backstab","Deadly Poison","LiquidMemories","Akabeko","Bottled Tornado","Adrenaline"],"campfire_rested":3,"item_purchase_floors":[4,4,4,20,36,48],"current_hp_per_floor":[59,47,47,47,47,44,44,44,44,44,41,41,32,21,21,15,53,53,53,53,54,54,36,57,51,51,51,51,53,53,53,53,19,62,64,64,64,65,67,67,67,67,67,67,69,69,69,69,86,79,74,83,86,86,85,6],"gold":58,"neow_bonus":"HUNDRED_GOLD","is_daily":false,"chose_seed":false,"campfire_upgraded":4,"win_rate":0.0,"timestamp":1608164141,"path_taken":["M","M","?","$","M","E","M","?","T","R","M","?","E","?","R","BOSS","M","?","$","M","M","E","R","E","T","E","?","M","R","E","R","BOSS","M","$","M","M","?","E","R","M","T","M","E","M","?","$","R","BOSS","BOSS","R","$","E","BOSS"],"items_purchased_type":["Card","Card","Potion","Relic","Relic","Card"],"build_version":"2020-12-13","purchased_purges":2,"victory":true,"max_hp_per_floor":[66,66,66,66,66,66,66,66,66,66,66,66,66,66,66,66,66,66,66,66,68,68,70,70,72,72,72,72,74,74,76,76,76,76,78,78,78,80,82,82,82,84,84,84,86,86,86,86,86,86,86,86,86,86,88,88],"relic_stats":{"Lizard Tail":0,"Singing Bowl":22,"counters":[34,146],"Dead Branch":[362],"Bronze Scales":[309],"PreservedInsect":387,"Whetstone":["Backstab","Strike_G"],"obtain_stats":[{"Lantern":43,"Singing Bowl":14,"Dead Branch":23,"Oddly Smooth Stone":6,"Vajra":55,"PreservedInsect":26,"Incense Burner":27,"Whetstone":45,"Paper Crane":26,"Bottled Tornado":36,"Frozen Egg 2":40,"Akabeko":20,"Mercury Hourglass":28,"Anchor":25,"Lizard Tail":39,"Matryoshka":13,"WristBlade":17,"Ninja Scroll":9,"Bronze Scales":31,"Fusion Hammer":34,"TungstenRod":28,"Ring of the Snake":0},{"Lantern":27,"Singing Bowl":9,"Dead Branch":14,"Oddly Smooth Stone":4,"Vajra":33,"PreservedInsect":15,"Incense Burner":16,"Whetstone":29,"Paper Crane":15,"Bottled Tornado":22,"Frozen Egg 2":26,"Akabeko":11,"Mercury Hourglass":18,"Anchor":15,"Lizard Tail":25,"Matryoshka":9,"WristBlade":10,"Ninja Scroll":6,"Bronze Scales":20,"Fusion Hammer":21,"TungstenRod":18,"Ring of the Snake":0},{"Lantern":110,"Singing Bowl":31,"Dead Branch":61,"Oddly Smooth Stone":13,"Vajra":137,"PreservedInsect":66,"Incense Burner":71,"Whetstone":112,"Paper Crane":66,"Bottled Tornado":94,"Frozen Egg 2":106,"Akabeko":42,"Mercury Hourglass":76,"Anchor":66,"Lizard Tail":103,"Matryoshka":31,"WristBlade":41,"Ninja Scroll":19,"Bronze Scales":83,"Fusion Hammer":93,"TungstenRod":76,"Ring of the Snake":0}],"TungstenRod":68,"Ring of the Snake":[68],"Mercury Hourglass":[202]},"card_choices":[{"not_picked":["Blur","Sucker Punch"],"picked":"Poisoned Stab","floor":1},{"not_picked":["Infinite Blades","Dodge and Roll"],"picked":"Slice","floor":2},{"not_picked":["Distraction","Finisher"],"picked":"Cloak And Dagger","floor":5},{"not_picked":["Flechettes","Infinite Blades"],"picked":"Calculated Gamble","floor":6},{"not_picked":["Blade Dance","Acrobatics"],"picked":"Backflip","floor":7},{"not_picked":["Prepared","Distraction","Bane"],"picked":"SKIP","floor":8},{"not_picked":["Prepared","Quick Slash"],"picked":"Malaise","floor":11},{"not_picked":["Dagger Spray","Masterful Stab"],"picked":"Well Laid Plans","floor":12},{"not_picked":["A Thousand Cuts","Infinite Blades","Heel Hook"],"picked":"SKIP","floor":13},{"not_picked":["Storm of Steel","Envenom"],"picked":"Adrenaline","floor":16},{"not_picked":["Terror","Sucker Punch"],"picked":"Deadly Poison+1","floor":18},{"not_picked":["Bouncing Flask","Expertise","Acrobatics"],"picked":"Singing Bowl","floor":21},{"not_picked":["Prepared","Well Laid Plans+1"],"picked":"Dodge and Roll","floor":22},{"not_picked":["Eviscerate","Poisoned Stab","Expertise"],"picked":"Singing Bowl","floor":23},{"not_picked":["Poisoned Stab","Accuracy","Venomology"],"picked":"Singing Bowl","floor":25},{"not_picked":["PiercingWail","Slice"],"picked":"Crippling Poison+1","floor":27},{"not_picked":["Heel Hook","All Out Attack"],"picked":"Masterful Stab","floor":28},{"not_picked":["Poisoned Stab+1","Outmaneuver","Deflect"],"picked":"Singing Bowl","floor":29},{"not_picked":["Flying Knee","PiercingWail","Poisoned Stab"],"picked":"Singing Bowl","floor":31},{"not_picked":["Doppelganger","After Image"],"picked":"Storm of Steel","floor":33},{"not_picked":["Flying Knee+1","Backflip","Dodge and Roll"],"picked":"Singing Bowl","floor":35},{"not_picked":["Calculated Gamble","Finisher+1"],"picked":"Dodge and Roll+1","floor":37},{"not_picked":["Bane","Riddle With Holes","Dodge and Roll"],"picked":"Singing Bowl","floor":38},{"not_picked":["Deadly Poison+1","Poisoned Stab","Outmaneuver+1"],"picked":"Singing Bowl","floor":39},{"not_picked":["Endless Agony+1","Sucker Punch"],"picked":"PiercingWail","floor":40},{"not_picked":["Poisoned Stab","Choke+1","Riddle With Holes"],"picked":"Singing Bowl","floor":42},{"not_picked":["Underhanded Strike","Dagger Throw+1"],"picked":"Calculated Gamble","floor":44},{"not_picked":["Bane+1","Riddle With Holes","Eviscerate+1"],"picked":"Singing Bowl","floor":45},{"not_picked":["Poisoned Stab","Distraction"],"picked":"Cloak And Dagger+1","floor":46},{"not_picked":["Choke","PiercingWail","Burst"],"picked":"Singing Bowl","floor":55}],"player_experience":1274045,"relics_obtained":[{"floor":6,"key":"Oddly Smooth Stone"},{"floor":9,"key":"Ninja Scroll"},{"floor":13,"key":"Matryoshka"},{"floor":23,"key":"Dead Branch"},{"floor":25,"key":"Anchor"},{"floor":26,"key":"PreservedInsect"},{"floor":26,"key":"Paper Crane"},{"floor":27,"key":"Incense Burner"},{"floor":28,"key":"TungstenRod"},{"floor":28,"key":"Mercury Hourglass"},{"floor":31,"key":"Bronze Scales"},{"floor":39,"key":"Lizard Tail"},{"floor":40,"key":"Frozen Egg 2"},{"floor":43,"key":"Lantern"},{"floor":45,"key":"Whetstone"},{"floor":55,"key":"Vajra"}],"event_choices":[{"cards_removed":["Strike_G"],"damage_healed":0,"gold_gain":0,"player_choice":"Offered Basic","damage_taken":0,"max_hp_gain":0,"max_hp_loss":0,"event_name":"Bonfire Elementals","floor":3,"gold_loss":0},{"damage_healed":0,"gold_gain":0,"player_choice":"Success","damage_taken":11,"relics_obtained":["Singing Bowl"],"max_hp_gain":0,"max_hp_loss":0,"event_name":"Scrap Ooze","floor":14,"gold_loss":0},{"damage_healed":0,"gold_gain":0,"player_choice":"Read","damage_taken":0,"max_hp_gain":0,"max_hp_loss":0,"event_name":"The Library","floor":19,"gold_loss":0,"cards_obtained":["Cloak And Dagger"]},{"damage_healed":0,"gold_gain":0,"player_choice":"Fight","damage_taken":0,"max_hp_gain":0,"max_hp_loss":0,"event_name":"Colosseum","floor":28,"gold_loss":0},{"damage_healed":0,"gold_gain":0,"player_choice":"Fought Nobs","damage_taken":0,"max_hp_gain":0,"max_hp_loss":0,"event_name":"Colosseum","floor":28,"gold_loss":0},{"damage_healed":0,"gold_gain":0,"player_choice":"Fight","damage_taken":0,"max_hp_gain":0,"max_hp_loss":0,"event_name":"MindBloom","floor":39,"gold_loss":0},{"damage_healed":0,"gold_gain":0,"player_choice":"Ignored","damage_taken":0,"max_hp_gain":0,"max_hp_loss":0,"event_name":"Tomb of Lord Red Mask","floor":47,"gold_loss":0}],"is_beta":false,"boss_relics":[{"not_picked":["SacredBark","Ectoplasm"],"picked":"WristBlade"},{"not_picked":["Calling Bell","SlaversCollar"],"picked":"Fusion Hammer"}],"items_purged_floors":[20,36],"is_endless":false,"potions_floor_spawned":[1,5,7,12,13,16,21,22,25,28,29,37,38,40,42,45],"ascension_level":20}}