{"host":"icrrc9b69c1a6188","time":1608163972,"event":{"mods":["BaseMod","Better Altar","Better Match","Better Note","Better Sensory Stone","Better Skull","Better Third Choice","Colored Map","Colored Powertips","Displayed Cursed Tome","Faster Ascension Climbing","HexUI Lib","Minty Spire (QoL Compilation)","Random Character Mod","Spicy Shops","StSLib","Unceasing Turn Reminder"],"gold_per_floor":[114,114,114,114,114,114,129,129,129,129,144,162,162,162],"floor_reached":13,"playtime":411,"items_purged":[],"score":146,"play_id":"69f5b6d9-15e8-4537-83d8-4c3420da733e","local_time":"20201216181252","is_ascension_mode":true,"campfire_choices":[{"data":"Coolheaded","floor":6,"key":"SMITH"},{"data":"Gash","floor":8,"key":"SMITH"},{"data":"Zap","floor":10,"key":"SMITH"}],"circlet_count":0,"master_deck":["AscendersBane","Strike_B","Strike_B","Strike_B","Strike_B","Defend_B","Defend_B","Defend_B","Defend_B","Zap+1","Dualcast","CurseOfTheBell","Coolheaded+1","Gash+1","Go for the Eyes","Coolheaded"],"relics":["Calling Bell","Tiny Chest","Blue Candle","Gambling Chip","Potion Belt","Blood Vial","Pantograph","Sundial"],"acts_visited":["Exordium"],"potions_floor_usage":[13],"damage_taken":[{"damage":10,"enemies":"Jaw Worm","floor":1,"turns":5},{"damage":15,"enemies":"2 Louse","floor":7,"turns":6},{"damage":2,"enemies":"Cultist","floor":11,"turns":3},{"damage":13,"enemies":"Red Slaver","floor":12,"turns":4},{"damage":60,"enemies":"Gremlin Nob","floor":13,"turns":4}],"seed_played":"1662925678347328378","potions_obtained":[{"floor":1,"key":"SpeedPotion"}],"is_trial":false,"path_per_floor":["M","?","?","?","T","R","M","R","T","R","M","M","E"],"character_chosen":"DEFECT","items_purchased":[],"campfire_rested":0,"item_purchase_floors":[],"current_hp_per_floor":[54,49,49,49,49,49,36,36,36,36,36,25,0,0],"gold":162,"neow_bonus":"BOSS_RELIC","is_daily":false,"chose_seed":false,"campfire_upgraded":3,"win_rate":0.0,"timestamp":1608163972,"path_taken":["M","?","?","?","?","R","M","R","T","R","M","?","E"],"items_purchased_type":[],"build_version":"2020-12-13","purchased_purges":0,"victory":false,"max_hp_per_floor":[71,71,71,71,71,71,71,71,71,71,71,71,71,71],"card_choices":[{"not_picked":["Sweeping Beam","Leap"],"picked":"Coolheaded","floor":1},{"not_picked":["Leap","Storm"],"picked":"Gash","floor":7},{"not_picked":["Ball Lightning","Compile Driver"],"picked":"Go for the Eyes","floor":11},{"not_picked":["Beam Cell","Creative AI"],"picked":"Coolheaded","floor":12}],"player_experience":662118,"relics_obtained":[{"floor":0,"key":"Tiny Chest"},{"floor":0,"key":"Blue Candle"},{"floor":0,"key":"Gambling Chip"},{"floor":4,"key":"Blood Vial"},{"floor":5,"key":"Pantograph"},{"floor":9,"key":"Sundial"}],"event_choices":[{"damage_healed":0,"gold_gain":0,"player_choice":"Relic ","damage_taken":5,"max_hp_gain":0,"max_hp_loss":0,"event_name":"betterThird:BetterScrap","floor":2,"gold_loss":0,"cards_obtained":["Corpse Explosion"]},{"damage_healed":49,"gold_gain":0,"player_choice":"Leave","damage_taken":0,"max_hp_gain":0,"max_hp_loss":71,"event_name":"betterThird:BetterShining","floor":3,"gold_loss":0},{"damage_healed":0,"gold_gain":0,"player_choice":"Relic","damage_taken":0,"max_hp_gain":0,"max_hp_loss":0,"event_name":"Wheel of Change","floor":4,"gold_loss":0}],"is_beta":false,"boss_relics":[],"items_purged_floors":[],"is_endless":false,"potions_floor_spawned":[1],"killed_by":"Gremlin Nob","ascension_level":20}}