{"host":"z60ck2mpr6goyib8","time":1608227910,"event":{"mods":["BaseMod","Best Route Mod","Bestiary","Better Third Choice","Block Reminder","Colored Map","Colored Powertips","Googly Eyes","Minty Spire (QoL Compilation)","Quick Restart","Relic Stats","Slay-I","StSLib","everything is the same but u backflip on backflip"],"gold_per_floor":[112,112,125,125,125,125,157,176,176,176,193,193,193,229,229,350,350,350,350,350,350,350,350,350,350,350,350,350,350,350,29,29,29,29,29,29,29,29,29,29,29,29,29,29,29,29],"floor_reached":45,"playtime":1797,"items_purged":[],"score":780,"play_id":"e5fe0603-30a9-4aa3-ba43-3df3f9fc85df","local_time":"20201217175830","is_ascension_mode":true,"campfire_choices":[{"data":"Entrench","floor":6.0,"key":"SMITH"},{"data":"Havoc","floor":10.0,"key":"SMITH"},{"data":"Warcry","floor":13.0,"key":"SMITH"},{"data":"Double Tap","floor":15.0,"key":"SMITH"},{"data":"Limit Break","floor":24.0,"key":"SMITH"},{"data":"Combust","floor":28.0,"key":"SMITH"},{"data":"Rupture","floor":32.0,"key":"SMITH"},{"data":"Inflame","floor":40.0,"key":"SMITH"},{"data":"Feel No Pain","floor":44.0,"key":"SMITH"}],"circlet_count":0,"master_deck":["AscendersBane","Bash","Disarm+1","Twin Strike","Warcry+1","Havoc+1","Twin Strike","Double Tap+1","Limit Break+1","Shockwave+1","Combust+1","Shrug It Off","Armaments","Dropkick+1","Body Slam+1","Rupture+1","Bludgeon+1","Twin Strike+1","Clash+1","Sever Soul+1","Feel No Pain+1","Inflame+1","Pommel Strike+1","Power Through+1","Sentinel"],"relics":["Burning Blood","NeowsBlessing","Ice Cream","Gambling Chip","Du-Vu Doll","Golden Idol","Dead Branch","Ectoplasm","Meat on the Bone","The Courier","Pen Nib","Molten Egg 2","Darkstone Periapt","TheAbacus","Pandora\u0027s Box","Boot","Bag of Preparation"],"acts_visited":["Exordium","TheCity","TheBeyond"],"potions_floor_usage":[45],"damage_taken":[{"damage":0.0,"enemies":"2 Louse","floor":1.0,"turns":1.0},{"damage":0.0,"enemies":"Cultist","floor":3.0,"turns":1.0},{"damage":0.0,"enemies":"3 Sentries","floor":7.0,"turns":2.0},{"damage":0.0,"enemies":"Small Slimes","floor":8.0,"turns":4.0},{"damage":14.0,"enemies":"Looter","floor":11.0,"turns":4.0},{"damage":27.0,"enemies":"Lagavulin","floor":14.0,"turns":5.0},{"damage":21.0,"enemies":"Hexaghost","floor":16.0,"turns":12.0},{"damage":0.0,"enemies":"Shell Parasite","floor":18.0,"turns":5.0},{"damage":1.0,"enemies":"Chosen","floor":19.0,"turns":4.0},{"damage":11.0,"enemies":"Centurion and Healer","floor":20.0,"turns":4.0},{"damage":15.0,"enemies":"Snecko","floor":22.0,"turns":5.0},{"damage":23.0,"enemies":"Gremlin Leader","floor":23.0,"turns":4.0},{"damage":8.0,"enemies":"3 Cultists","floor":25.0,"turns":5.0},{"damage":5.0,"enemies":"Chosen and Byrds","floor":27.0,"turns":6.0},{"damage":19.0,"enemies":"Book of Stabbing","floor":29.0,"turns":5.0},{"damage":2.0,"enemies":"Centurion and Healer","floor":30.0,"turns":5.0},{"damage":40.0,"enemies":"Collector","floor":33.0,"turns":5.0},{"damage":21.0,"enemies":"3 Shapes","floor":35.0,"turns":4.0},{"damage":21.0,"enemies":"3 Darklings","floor":37.0,"turns":3.0},{"damage":0.0,"enemies":"Transient","floor":39.0,"turns":5.0},{"damage":34.0,"enemies":"Giant Head","floor":41.0,"turns":6.0},{"damage":43.0,"enemies":"4 Shapes","floor":42.0,"turns":4.0},{"damage":0,"enemies":"Spire Growth","floor":45,"turns":1}],"seed_played":"4431488653132775902","potions_obtained":[{"floor":1.0,"key":"BlessingOfTheForge"},{"floor":14.0,"key":"GamblersBrew"},{"floor":20.0,"key":"Block Potion"},{"floor":23.0,"key":"Block Potion"},{"floor":27.0,"key":"Fruit Juice"},{"floor":29.0,"key":"Fire Potion"},{"floor":30.0,"key":"Regen Potion"},{"floor":41.0,"key":"Explosive Potion"},{"floor":42.0,"key":"Fire Potion"}],"is_trial":false,"path_per_floor":["M","?","M","?","?","R","E","M","T","R","M","?","R","E","R","B",null,"M","M","M","?","M","E","R","M","T","M","R","E","M","$","R","B",null,"M","?","M","?","M","R","E","M","T","R","M"],"character_chosen":"IRONCLAD","items_purchased":["Darkstone Periapt","TheAbacus"],"campfire_rested":0,"item_purchase_floors":[31,31],"current_hp_per_floor":[78,78,80,80,73,73,79,80,80,80,72,52,52,31,31,16,64,70,75,70,70,61,56,56,54,54,60,60,59,63,63,63,55,78,63,63,60,85,85,85,57,32,32,32,32,32],"gold":29,"neow_bonus":"THREE_ENEMY_KILL","is_daily":false,"chose_seed":false,"campfire_upgraded":9,"win_rate":0.0,"timestamp":1608227910,"path_taken":["M","?","?","?","?","R","E","M","T","R","M","?","R","E","R","BOSS","M","M","M","?","M","E","R","M","T","M","R","E","?","$","R","BOSS","M","?","M","?","M","R","E","M","T","R","M"],"items_purchased_type":["Relic","Relic"],"build_version":"2020-12-13","purchased_purges":0,"victory":false,"max_hp_per_floor":[80,80,80,80,80,80,80,80,80,80,80,80,80,80,80,80,80,80,80,80,80,80,80,80,80,80,85,85,85,85,85,85,85,85,85,85,85,85,85,85,85,85,85,85,85,85],"relic_stats":{"Darkstone Periapt":0,"counters":[23,100],"Golden Idol":121,"Dead Branch":[93],"Pen Nib":[8],"Bag of Preparation":[2],"Boot":[0],"Burning Blood":117,"TheAbacus":[24],"Gambling Chip":[39],"Pandora\u0027s Box":["Blood for Blood","Twin Strike","Clash","True Grit","Sever Soul","Feel No Pain","Inflame","Pommel Strike"],"Ectoplasm":441,"obtain_stats":[{"Ice Cream":5,"Darkstone Periapt":31,"NeowsBlessing":0,"Golden Idol":12,"Dead Branch":14,"The Courier":23,"Pen Nib":26,"Bag of Preparation":43,"Boot":41,"Burning Blood":0,"Du-Vu Doll":9,"TheAbacus":31,"Gambling Chip":7,"Molten Egg 2":29,"Pandora\u0027s Box":34,"Ectoplasm":17,"Meat on the Bone":21},{"Ice Cream":2,"Darkstone Periapt":16,"NeowsBlessing":0,"Golden Idol":5,"Dead Branch":6,"The Courier":12,"Pen Nib":13,"Bag of Preparation":22,"Boot":21,"Burning Blood":0,"Du-Vu Doll":4,"TheAbacus":16,"Gambling Chip":3,"Molten Egg 2":15,"Pandora\u0027s Box":17,"Ectoplasm":7,"Meat on the Bone":10},{"Ice Cream":2,"Darkstone Periapt":72,"NeowsBlessing":0,"Golden Idol":12,"Dead Branch":17,"The Courier":51,"Pen Nib":56,"Bag of Preparation":99,"Boot":95,"Burning Blood":0,"Du-Vu Doll":8,"TheAbacus":72,"Gambling Chip":4,"Molten Egg 2":67,"Pandora\u0027s Box":77,"Ectoplasm":29,"Meat on the Bone":42}],"Meat on the Bone":60},"card_choices":[{"not_picked":["Carnage","Pommel Strike"],"picked":"Disarm","floor":1.0},{"not_picked":["Headbutt","Sentinel"],"picked":"Twin Strike","floor":3.0},{"not_picked":["Heavy Blade","Body Slam"],"picked":"Warcry","floor":7.0},{"not_picked":["Headbutt","Wild Strike"],"picked":"Havoc","floor":8.0},{"not_picked":["Reckless Charge","Evolve"],"picked":"Twin Strike","floor":11.0},{"not_picked":["Clash","Hemokinesis"],"picked":"Double Tap","floor":14.0},{"not_picked":["Brutality","Fiend Fire"],"picked":"Limit Break","floor":16.0},{"not_picked":["Sword Boomerang","Anger"],"picked":"Shockwave+1","floor":18.0},{"not_picked":["Pommel Strike","Thunderclap"],"picked":"Combust","floor":19.0},{"not_picked":["Cleave","Sentinel"],"picked":"Shrug It Off","floor":20.0},{"not_picked":["Battle Trance","Clash","Perfected Strike"],"picked":"SKIP","floor":22.0},{"not_picked":["Rampage","Cleave+1","Thunderclap+1"],"picked":"SKIP","floor":23.0},{"not_picked":["Twin Strike+1","Clash+1"],"picked":"Armaments","floor":25.0},{"not_picked":["Twin Strike","Pommel Strike"],"picked":"Dropkick+1","floor":27.0},{"not_picked":["Shrug It Off+1","Havoc"],"picked":"Body Slam+1","floor":29.0},{"not_picked":["Havoc","Heavy Blade+1"],"picked":"Rupture","floor":30.0},{"not_picked":["Barricade","Berserk"],"picked":"Bludgeon+1","floor":33.0},{"not_picked":["Cleave+1","Thunderclap+1","Body Slam+1"],"picked":"SKIP","floor":35.0},{"not_picked":["Reckless Charge+1","Headbutt+1"],"picked":"Power Through+1","floor":37.0},{"not_picked":["Armaments+1","Pommel Strike+1","Thunderclap+1"],"picked":"SKIP","floor":39.0},{"not_picked":["Thunderclap+1","Sword Boomerang+1","Battle Trance"],"picked":"SKIP","floor":41.0},{"not_picked":["Seeing Red","Heavy Blade+1"],"picked":"Sentinel","floor":42.0}],"player_experience":493049,"relics_obtained":[{"floor":7.0,"key":"Gambling Chip"},{"floor":9.0,"key":"Du-Vu Doll"},{"floor":14.0,"key":"Dead Branch"},{"floor":23.0,"key":"The Courier"},{"floor":26.0,"key":"Pen Nib"},{"floor":29.0,"key":"Molten Egg 2"},{"floor":41.0,"key":"Boot"},{"floor":43.0,"key":"Bag of Preparation"}],"event_choices":[{"damage_healed":0.0,"max_hp_gain":0.0,"max_hp_loss":0.0,"gold_gain":0.0,"cards_transformed":["Strike_R"],"event_name":"Transmorgrifier","player_choice":"Transformed","floor":2.0,"gold_loss":0.0,"damage_taken":0.0,"cards_obtained":["Entrench"]},{"damage_healed":0.0,"max_hp_gain":0.0,"max_hp_loss":0.0,"gold_gain":0.0,"event_name":"Living Wall","player_choice":"Grow","floor":4.0,"gold_loss":0.0,"damage_taken":0.0,"cards_upgraded":["Disarm"]},{"damage_healed":0.0,"max_hp_gain":0.0,"max_hp_loss":0.0,"gold_gain":0.0,"event_name":"betterThird:BetterScrap","player_choice":"Relic ","floor":5.0,"gold_loss":0.0,"damage_taken":7.0,"cards_obtained":["Endless Agony"]},{"damage_healed":0.0,"max_hp_gain":0.0,"max_hp_loss":0.0,"gold_gain":0.0,"event_name":"Golden Idol","player_choice":"Take Damage","floor":12.0,"gold_loss":0.0,"damage_taken":20.0,"relics_obtained":["Golden Idol"]},{"cards_removed":["Entrench"],"damage_healed":0.0,"max_hp_gain":0.0,"max_hp_loss":0.0,"gold_gain":0.0,"event_name":"WeMeetAgain","player_choice":"Gave Card","floor":21.0,"gold_loss":0.0,"damage_taken":0.0,"relics_obtained":["Meat on the Bone"]},{"cards_removed":["True Grit"],"damage_healed":0.0,"max_hp_gain":0.0,"max_hp_loss":0.0,"gold_gain":0.0,"event_name":"Falling","player_choice":"Removed Skill","floor":36.0,"gold_loss":0.0,"damage_taken":0.0},{"cards_removed":["Blood for Blood"],"damage_healed":25.0,"max_hp_gain":0.0,"max_hp_loss":0.0,"gold_gain":0.0,"event_name":"Bonfire Elementals","player_choice":"Offered Uncommon","floor":38.0,"gold_loss":0.0,"damage_taken":0.0}],"is_beta":false,"boss_relics":[{"not_picked":["Black Blood","Tiny House"],"picked":"Ectoplasm"},{"not_picked":["Philosopher\u0027s Stone","Coffee Dripper"],"picked":"Pandora\u0027s Box"}],"items_purged_floors":[],"is_endless":false,"potions_floor_spawned":[1,14,20,23,27,29,30,41,42],"killed_by":"Spire Growth","ascension_level":10}}