{"host":"l8lm1goh5xm9tkuw","time":1608175959,"event":{"mods":["Act Like it!","Alarm Clock","Astrologer","BaseMod","Colored Map","Colored Powertips","GungeonMod","Hermit","KinomotoSakuraMod(Ä¾Ö®±¾Ó£)","KomeijiMod","Library of Ruina","Library of Ruina Extra","Lobotomy","LobotomyExtend","Marisa£¨ìFÓê¡¡Ä§ÀíÉ³£©","Minty Spire (QoL Compilation)","MostiFishMod","Quick Restart","Replay The Spire","Shade Mod","StSLib","TestMod","The Animator","The Bug Knight","The Hierophant","UnlockEverythingMod","vexMod","¡¾ÒÅÎï¿¨ÅÆ¡¿REMEMod"],"gold_per_floor":[116,116,128,142,142,174,174,208,279,279,289,302,320,338,338,433,533,545,762,780,800,800,800],"floor_reached":0,"playtime":0,"items_purged":[],"score":25,"play_id":"2f9632a8-fbed-4471-ac40-60d2bc829543","local_time":"20201217113239","is_ascension_mode":false,"campfire_choices":[{"data":"Eruption","floor":7.0,"key":"SMITH"},{"data":"Adaptation","floor":15.0,"key":"SMITH"}],"circlet_count":0,"master_deck":["Strike_P","Strike_P","Strike_P","Strike_P","Defend_P","Defend_P","Defend_P","Defend_P","Eruption+1","Vigilance","Eruption","DevaForm","Indignation","CutThroughFate","TalkToTheHand+1","Sanctity","Adaptation+1","Devotion","Blasphemy","ClearTheMind","Flash of Steel+1","Finesse","Pot Of Greed","Pot Of Greed","Replay:Hum","FlurryOfBlows+1","Pot Of Greed"],"relics":["DaveBox","testmod-TestBox","REME_ComplimentaryCards","Jackal-EndForJourney","Question Card","LetterFromLob","Replay:Bottled Snecko","DemoMod:Bottle","Molten Egg 2","vexMod:RedPlottingStone","ImportantClient","Replay:Wanted Poster","Grinning Jar"],"acts_visited":["Exordium","TheCity"],"potions_floor_usage":[],"damage_taken":[{"damage":4.0,"enemies":"2 Louse","floor":1.0,"turns":3.0},{"damage":0.0,"enemies":"Cultist","floor":3.0,"turns":3.0},{"damage":0.0,"enemies":"Small Slimes","floor":4.0,"turns":2.0},{"damage":23.0,"enemies":"Gremlin Nob","floor":6.0,"turns":5.0},{"damage":15.0,"enemies":"3 Sentries","floor":8.0,"turns":8.0},{"damage":6.0,"enemies":"Exordium Wildlife","floor":11.0,"turns":3.0},{"damage":5.0,"enemies":"Looter","floor":12.0,"turns":3.0},{"damage":0.0,"enemies":"Blue Slaver","floor":13.0,"turns":2.0},{"damage":2.0,"enemies":"Red Slaver","floor":14.0,"turns":3.0},{"damage":41.0,"enemies":"The Guardian","floor":16.0,"turns":6.0},{"damage":0.0,"enemies":"2 Thieves","floor":18.0,"turns":1.0},{"damage":1.0,"enemies":"Chosen","floor":19.0,"turns":4.0},{"damage":20,"enemies":"Centurion and Healer","floor":20,"turns":6},{"damage":16,"enemies":"Snecko","floor":21,"turns":3},{"damage":0,"enemies":"Chosen and Byrds","floor":22,"turns":1}],"seed_played":"-1066180870085314959","potions_obtained":[{"floor":2.0,"key":"Fruit Juice"},{"floor":2.0,"key":"SneckoOil"},{"floor":2.0,"key":"testmod-TestPotion"},{"floor":3.0,"key":"GamblersBrew"},{"floor":4.0,"key":"Block Potion"},{"floor":13.0,"key":"LiquidBronze"},{"floor":14.0,"key":"CalmPotion"},{"floor":16.0,"key":"Weak Potion"},{"floor":20,"key":"SteroidPotion"}],"is_trial":false,"path_per_floor":["M","?","M","M","?","E","R","E","T","T","M","M","M","M","R","B",null,"M","M","M","M","M"],"character_chosen":"WATCHER","items_purchased":[],"campfire_rested":0,"item_purchase_floors":[],"current_hp_per_floor":[68,73,73,73,73,50,50,35,35,35,29,24,24,22,22,15,77,77,87,67,56,56,56],"gold":800,"neow_bonus":"BOSS_RELIC","is_daily":false,"chose_seed":false,"campfire_upgraded":2,"win_rate":0.0,"timestamp":1608175959,"path_taken":["M","?","?","M","?","E","R","E","T","?","M","M","M","M","R","BOSS","M","M","M","M","M"],"items_purchased_type":[],"build_version":"2020-12-13","purchased_purges":0,"victory":false,"max_hp_per_floor":[72,77,77,77,77,77,77,77,77,77,77,77,77,77,77,77,77,77,87,87,87,87,87],"card_choices":[{"not_picked":["SashWhip","Crescendo","CrushJoints"],"picked":"SKIP","floor":1.0},{"not_picked":["ThirdEye","REME_Repentance","LikeWater","CrushJoints"],"picked":"SKIP","floor":3.0},{"not_picked":["Perseverance","SashWhip","EmptyBody"],"picked":"DevaForm","floor":4.0},{"not_picked":["Evaluate","Sanctity","Wireheading"],"picked":"Indignation","floor":6.0},{"not_picked":["FlyingSleeves","ThirdEye","FlurryOfBlows"],"picked":"CutThroughFate","floor":8.0},{"not_picked":["Nirvana","SashWhip+1","Consecrate+1"],"picked":"TalkToTheHand+1","floor":11.0},{"not_picked":["REME_Repentance","REME_MusicOfDeath","Crescendo"],"picked":"Sanctity","floor":12.0},{"not_picked":["ThirdEye","PathToVictory","CutThroughFate+1"],"picked":"Adaptation","floor":13.0},{"not_picked":["FollowUp+1","REME_MusicOfDeath","Replay:ManipulateFuture"],"picked":"Devotion","floor":14.0},{"not_picked":["MostiFishMod:ScryFuture","MostiFishMod:KamiSmash+1","Establishment"],"picked":"Blasphemy","floor":16.0},{"not_picked":["JustLucky+1","WaveOfTheHand","Replay:ManipulateFuture"],"picked":"ClearTheMind","floor":18.0},{"not_picked":["CrushJoints+1","FollowUp+1","Replay:Cycle","REME_Repentance"],"picked":"SKIP","floor":19.0},{"not_picked":["CrushJoints+1","FollowUp+1","Replay:Cycle","REME_Repentance"],"picked":"SKIP","floor":19.0},{"not_picked":["SashWhip+1","Replay:BluntJabs+1","Consecrate+1"],"picked":"Replay:Hum","floor":20},{"not_picked":["Replay:AtTheReady","ClearTheMind+1","Replay:ManipulateFuture+1"],"picked":"FlurryOfBlows+1","floor":21}],"player_experience":321296,"relics_obtained":[{"floor":1.0,"key":"Question Card"},{"floor":1.0,"key":"LetterFromLob"},{"floor":6.0,"key":"Replay:Bottled Snecko"},{"floor":8.0,"key":"DemoMod:Bottle"},{"floor":9.0,"key":"Molten Egg 2"},{"floor":10.0,"key":"vexMod:RedPlottingStone"},{"floor":16.0,"key":"ImportantClient"}],"event_choices":[{"damage_healed":0.0,"max_hp_gain":0.0,"max_hp_loss":0.0,"gold_gain":0.0,"event_name":"Lab","player_choice":"Got Potions","floor":2.0,"gold_loss":0.0,"damage_taken":0.0},{"damage_healed":0.0,"max_hp_gain":0.0,"max_hp_loss":0.0,"gold_gain":0.0,"event_name":"Liars Game","player_choice":"Ignored","floor":5.0,"gold_loss":0.0,"damage_taken":0.0}],"is_beta":false,"boss_relics":[{"not_picked":["Calling Bell","Runic Dome"],"picked":"Replay:Wanted Poster"}],"items_purged_floors":[],"is_endless":false,"potions_floor_spawned":[3,4,13,14,16,20],"killed_by":"Chosen and Byrds","ascension_level":0}}