{"host":"vm8b3ptwl81uq21f","time":1608163698,"event":{"mods":["BaseMod","BetterRewards","Colored Powertips","Downfall","GifTheSpireLib","Googly Eyes","GungeonMod","Halation","Hubris","Minty Spire (QoL Compilation)","Quick Restart","Rare Cards Sparkle","Replay The Spire","Shop Mod","StSLib","Stuff the Spire","The Bug Knight","The IronCluck","[IsaacMod]????"],"gold_per_floor":[113,113,67,83,83,8,40,40,67,67,77,77,90,109,109,209,209,220,220,237,237,248,277,293,293,320,320,331,362,2,20,20,122,122,142,158,46,66,66,66,95,113,113,113,129,144,144,160,160,160,160,160,35,61,61,61],"floor_reached":55,"playtime":3547,"items_purged":["Strike_B","Zap","Defend_B"],"score":1091,"play_id":"d7292639-82d3-427e-bcf9-7b19d621896a","local_time":"20201216190818","is_ascension_mode":false,"campfire_choices":[{"data":"Aggregate","floor":10,"key":"SMITH"},{"data":"Conserve Battery","floor":12,"key":"SMITH"},{"data":"Dualcast","floor":15,"key":"PURGE"},{"data":"StuffTheSpire:Innocence","floor":25,"key":"SMITH"},{"data":"RitualDagger","floor":27,"key":"SMITH"},{"data":"EpicFetus","floor":32,"key":"PURGE"},{"data":"Echo Form","floor":40,"key":"SMITH"},{"floor":44,"key":"RECALL"},{"data":"Beam Cell","floor":52,"key":"SMITH"}],"circlet_count":0,"master_deck":["Strike_B+1","Strike_B+1","Defend_B","Defend_B","Aggregate+1","StuffTheSpire:Innocence+1","Steam+1","Gash","Conserve Battery+1","Go for the Eyes","Go for the Eyes+1","RitualDagger+1","Genetic Algorithm","Steam+1","Streamline+1","Sweeping Beam","Steam+1","Gash+1","Double Energy","Rebound","Beam Cell+1","Stack","BootSequence+1","White Noise+1","Sweeping Beam","Go for the Eyes+1","StuffTheSpire:Rend+1","Echo Form+1","Echo Form","Recycle+1","Hologram+1","Sweeping Beam+1","Hologram+1","Gash+1","Sweeping Beam+1","Stack+1","Reprogram","Stack+1","Stack+1"],"relics":["Cracked Core","HushsDoor","YumHeart","NeowsBlessing","Mirror","Whetstone","MagicMushroom","Prayer Wheel","Replay:Bottled Eggs","StuffTheSpire:Gunfinga","Replay:Rubber Ducky","Sundial","StuffTheSpire:Kangaroo","Pet Ghost","StuffTheSpire:NeowsTribute"],"acts_visited":["Exordium","TheCity","TheBeyond","TheEnding"],"potions_floor_usage":[16,24,29,29,33,33,55],"damage_taken":[{"damage":0,"enemies":"Jaw Worm","floor":1,"turns":1},{"damage":0,"enemies":"2 Louse","floor":4,"turns":1},{"damage":0,"enemies":"HollowMod:MossKnight","floor":7,"turns":1},{"damage":4,"enemies":"Cultist","floor":11,"turns":4},{"damage":1,"enemies":"Looter","floor":13,"turns":4},{"damage":0,"enemies":"Large Slime","floor":14,"turns":3},{"damage":30,"enemies":"Slime Boss","floor":16,"turns":8},{"damage":0,"enemies":"Chosen","floor":18,"turns":4},{"damage":0,"enemies":"Shell Parasite","floor":20,"turns":3},{"damage":0,"enemies":"Centurion and Healer","floor":22,"turns":8},{"damage":6,"enemies":"HollowMod:Nosk","floor":23,"turns":7},{"damage":1,"enemies":"Snecko","floor":24,"turns":6},{"damage":0,"enemies":"Sentry and Sphere","floor":28,"turns":4},{"damage":10,"enemies":"Slavers","floor":29,"turns":5},{"damage":2,"enemies":"Centurion and Healer","floor":31,"turns":5},{"damage":18,"enemies":"Pondfish","floor":33,"turns":15},{"damage":0,"enemies":"3 Darklings","floor":35,"turns":4},{"damage":0,"enemies":"Orb Walker","floor":36,"turns":2},{"damage":0,"enemies":"Writhing Mass","floor":38,"turns":3},{"damage":0,"enemies":"R_Hoarder","floor":41,"turns":9},{"damage":0,"enemies":"Transient","floor":42,"turns":5},{"damage":0,"enemies":"Jaw Worm Horde","floor":45,"turns":3},{"damage":0,"enemies":"4 Shapes","floor":46,"turns":2},{"damage":0,"enemies":"Maw","floor":48,"turns":4},{"damage":0,"enemies":"hubris:GrandSnecko","floor":50,"turns":11},{"damage":0,"enemies":"Shield and Spear","floor":54,"turns":4},{"damage":94,"enemies":"Delirium","floor":55,"turns":18}],"seed_played":"2606885093045245656","potions_obtained":[{"floor":1,"key":"Dexterity Potion"},{"floor":11,"key":"SkillPotion"},{"floor":16,"key":"SkillPotion"},{"floor":18,"key":"sneckomod:MuddlingPotion"},{"floor":23,"key":"Weak Potion"},{"floor":24,"key":"PowerPotion"},{"floor":31,"key":"Explosive Potion"},{"floor":33,"key":"SkillPotion"},{"floor":42,"key":"Explosive Potion"},{"floor":45,"key":"ColorlessPotion"},{"floor":46,"key":"FearPotion"},{"floor":48,"key":"LiquidMemories"}],"is_trial":false,"path_per_floor":["M","?","$","M","?","$","E","?","T","R","M","R","M","M","R","B",null,"M","?","M","?","M","E","M","R","T","R","M","E","$","M","R","B",null,"M","M","$","M","$","R","E","M","T","R","M","M","?","M","R","B",null,"R","$","E","B"],"character_chosen":"DEFECT","items_purchased":["Steam","Sundial","Echo Form"],"campfire_rested":0,"item_purchase_floors":[3,30,37],"current_hp_per_floor":[75,68,68,68,68,68,68,61,61,61,57,57,56,75,75,45,82,82,76,77,61,62,82,82,82,82,82,83,74,74,73,73,56,87,87,87,87,87,87,87,87,87,87,87,87,87,87,87,87,87,87,87,87,87,18,18],"gold":61,"neow_bonus":"THREE_ENEMY_KILL","is_daily":false,"chose_seed":false,"campfire_upgraded":6,"win_rate":0.0,"timestamp":1608163698,"path_taken":["M","?","$","?","?","$","E","?","T","R","M","R","M","M","R","BOSS","M","?","M","?","M","E","M","R","T","R","M","E","$","M","R","BOSS","M","M","$","M","$","R","E","M","T","R","M","M","?","M","R","BOSS","R","$","E","BOSS"],"items_purchased_type":["Card","Relic","Card"],"build_version":"2020-12-13","purchased_purges":3,"victory":false,"max_hp_per_floor":[75,75,75,75,75,75,75,75,75,75,75,75,75,75,75,75,82,82,82,82,87,87,87,87,87,87,87,87,87,87,87,87,87,87,87,87,87,87,87,87,87,87,87,87,87,87,87,87,87,87,87,87,87,87,87,87],"card_choices":[{"not_picked":[],"picked":"EpicFetus","floor":0},{"not_picked":["Loop","Redo"],"picked":"Aggregate","floor":1},{"not_picked":["Reprogram","Ball Lightning"],"picked":"Gash","floor":4},{"not_picked":["Darkness","StuffTheSpire:ForEach","Barrage"],"picked":"SKIP","floor":7},{"not_picked":["Coolheaded","Bomb"],"picked":"Conserve Battery","floor":11},{"not_picked":["Leap","Lockon"],"picked":"Go for the Eyes","floor":13},{"not_picked":["StuffTheSpire:Plugnplay","StuffTheSpire:LoadUp","Consume"],"picked":"SKIP","floor":14},{"not_picked":["StuffTheSpire:LaunchingStrike","Thunder Strike"],"picked":"ReplayTheSpireMod:Fabricate Wheel","floor":16},{"not_picked":["Compile Driver","ReplaySolidLightProjector+1"],"picked":"Go for the Eyes+1","floor":18},{"not_picked":["Redo","StuffTheSpire:Synthwave","StuffTheSpire:Plugnplay+1"],"picked":"SKIP","floor":18},{"not_picked":["Beam Cell","Rebound+1"],"picked":"Genetic Algorithm","floor":20},{"not_picked":["Compile Driver","Panic Button"],"picked":"Steam","floor":20},{"not_picked":["Biased Cognition","BasicCrystalCard"],"picked":"Streamline+1","floor":22},{"not_picked":["Streamline","Go for the Eyes+1"],"picked":"Sweeping Beam","floor":22},{"not_picked":["BasicCrystalCard+1","StuffTheSpire:Plugnplay"],"picked":"Steam+1","floor":23},{"not_picked":["Redo","Cancel"],"picked":"Gash+1","floor":24},{"not_picked":["Darkness","Chaos","Auto Shields"],"picked":"SKIP","floor":24},{"not_picked":["ReplayTheSpireMod:System Scan+1","Fusion"],"picked":"Double Energy","floor":28},{"not_picked":["Distribution","Streamline+1"],"picked":"Rebound","floor":28},{"not_picked":["Leap","Multi-Cast"],"picked":"Beam Cell","floor":29},{"not_picked":["StuffTheSpire:Plugnplay","Go for the Eyes"],"picked":"Stack","floor":31},{"not_picked":["Conserve Battery+1","Panic Button+1"],"picked":"BootSequence+1","floor":31},{"not_picked":["Steam","Rebound+1"],"picked":"White Noise+1","floor":35},{"not_picked":["Stack+1","Steam"],"picked":"Sweeping Beam","floor":35},{"not_picked":["BasicCrystalCard+1","Turbo+1"],"picked":"Go for the Eyes+1","floor":36},{"not_picked":["Time Bomb+1","Ball Lightning"],"picked":"StuffTheSpire:Rend+1","floor":36},{"not_picked":["BasicCrystalCard+1","Streamline"],"picked":"Recycle+1","floor":38},{"not_picked":["ReplayTheSpireMod:Reroute Power+1","Cancel"],"picked":"Hologram+1","floor":38},{"not_picked":["StuffTheSpire:Coldhearted+1","Barrage+1"],"picked":"Sweeping Beam+1","floor":41},{"not_picked":["Sweeping Beam+1","Rebound"],"picked":"Hologram+1","floor":42},{"not_picked":["BootSequence+1","Sweeping Beam+1"],"picked":"Gash+1","floor":42},{"not_picked":["Doom and Gloom","Panic Button"],"picked":"Sweeping Beam+1","floor":45},{"not_picked":["Go for the Eyes","Sunder+1"],"picked":"Stack+1","floor":45},{"not_picked":["Recycle+1","Streamline","StuffTheSpire:LoadUp"],"picked":"SKIP","floor":46},{"not_picked":["ReplayTheSpireMod:GoodbyeWorld+1","Darkness+1","Defragment+1"],"picked":"SKIP","floor":46},{"not_picked":["Cold Snap","Go for the Eyes"],"picked":"Stack+1","floor":48},{"not_picked":["Leap","StuffTheSpire:Rend","Doom and Gloom+1"],"picked":"SKIP","floor":48},{"not_picked":["StuffTheSpire:LoadUp","Self Repair+1"],"picked":"Stack+1","floor":54}],"player_experience":297067,"relics_obtained":[{"floor":7,"key":"Mirror"},{"floor":9,"key":"Whetstone"},{"floor":23,"key":"Replay:Bottled Eggs"},{"floor":26,"key":"StuffTheSpire:Gunfinga"},{"floor":29,"key":"Replay:Rubber Ducky"},{"floor":41,"key":"Pet Ghost"},{"floor":54,"key":"StuffTheSpire:NeowsTribute"}],"event_choices":[{"cards_removed":["Strike_B"],"damage_healed":0,"gold_gain":0,"player_choice":"Forget","damage_taken":0,"max_hp_gain":0,"max_hp_loss":0,"event_name":"Living Wall","floor":5,"gold_loss":0},{"cards_removed":["Defend_B"],"damage_healed":0,"gold_gain":0,"player_choice":"Card Removal","damage_taken":7,"max_hp_gain":0,"max_hp_loss":0,"event_name":"Golden Wing","floor":8,"gold_loss":0},{"damage_healed":0,"gold_gain":0,"player_choice":"Joined the Cult","damage_taken":6,"max_hp_gain":0,"max_hp_loss":0,"event_name":"Nest","floor":19,"gold_loss":0,"cards_obtained":["RitualDagger"]},{"damage_healed":0,"gold_gain":0,"player_choice":"Shed Blood","damage_taken":21,"max_hp_gain":5,"max_hp_loss":0,"event_name":"Forgotten Altar","floor":21,"gold_loss":0}],"is_beta":false,"boss_relics":[{"not_picked":["Painkiller Herb","Runic Dome"],"picked":"MagicMushroom"},{"not_picked":[]},{"not_picked":["hubris:VirtuousBlindfold","Fusion Hammer"],"picked":"StuffTheSpire:Kangaroo"},{"not_picked":[]}],"items_purged_floors":[6,30,53],"is_endless":false,"potions_floor_spawned":[1,11,16,18,20,23,24,31,33,42,45,46,48,54],"killed_by":"Delirium","ascension_level":0}}