{"host":"uj8tnth4ulftv61g","time":1608227838,"event":{"mods":["BaseMod","Better Third Choice","Downfall","Minty Spire (QoL Compilation)","StSLib"],"gold_per_floor":[99,131,131,162,262,262,289,321,96,125,125],"floor_reached":10,"playtime":446,"items_purged":[],"score":198,"play_id":"8926a32a-1c98-474e-b5d4-780e1ff2b336","local_time":"20201217125718","is_ascension_mode":true,"campfire_choices":[{"data":"champ:Taunt","floor":1,"key":"SMITH"},{"floor":6,"key":"RECALL"},{"data":"champ:Balance","floor":9,"key":"SMITH"}],"circlet_count":0,"master_deck":["champ:Strike","champ:Strike","champ:Strike","champ:Strike","champ:Defend","champ:Defend","champ:Defend","champ:Defend","champ:Execute","champ:Taunt+1","champ:SwordThrow","champ:RisingSlash","champ:Circumvent","champ:Balance+1","champ:FocusedBerserking"],"relics":["champ:ChampionCrown","downfall:HeartsMalice","Pen Nib","Pantograph","White Beast Statue","Pear","downfall:HeartBlessingRed","downfall:HeartBlessingGreen","downfall:HeartBlessingBlue","Bottled Lightning"],"acts_visited":["Exordium"],"potions_floor_usage":[8,8,10,10],"damage_taken":[{"damage":0,"enemies":"3 Sentries","floor":2,"turns":1},{"damage":0,"enemies":"Lagavulin","floor":4,"turns":1},{"damage":0,"enemies":"downfall:LadyInBlue","floor":5,"turns":1},{"damage":19,"enemies":"3 Sentries","floor":8,"turns":8},{"damage":0,"enemies":"Gremlin Nob","floor":10,"turns":2}],"seed_played":"-8200729721319043774","potions_obtained":[{"floor":2,"key":"BlessingOfTheForge"},{"floor":5,"key":"DistilledChaos"},{"floor":5,"key":"Fire Potion"},{"floor":8,"key":"DuplicationPotion"},{"floor":10,"key":"Energy Potion"}],"is_trial":false,"path_per_floor":["R","E","?","E","?","R","T","E","R","E"],"character_chosen":"THE_CHAMP","items_purchased":[],"campfire_rested":0,"item_purchase_floors":[],"current_hp_per_floor":[90,90,90,90,90,90,90,91,101,101,101],"gold":125,"neow_bonus":"THREE_ENEMY_KILL","is_daily":false,"chose_seed":false,"campfire_upgraded":2,"win_rate":0.0,"timestamp":1608227838,"path_taken":["R","E","?","E","?","R","T","E","R","E"],"items_purchased_type":[],"build_version":"2020-12-13","purchased_purges":0,"victory":false,"max_hp_per_floor":[90,90,90,90,90,90,90,100,110,110,110],"card_choices":[{"not_picked":["champ:ArenaPreparation","champ:RapidStrikes"],"picked":"champ:SwordThrow","floor":2},{"not_picked":["champ:Haymaker","champ:BringItOn"],"picked":"champ:RisingSlash","floor":4},{"not_picked":["champ:Backstep","champ:CrookedStrike"],"picked":"champ:Circumvent","floor":5},{"not_picked":["champ:HeartStrike","champ:AdrenalArmor"],"picked":"champ:Balance","floor":8},{"not_picked":["champ:Encircle","champ:Circumvent"],"picked":"champ:FocusedBerserking","floor":10}],"player_experience":560649,"relics_obtained":[{"floor":2,"key":"Pen Nib"},{"floor":4,"key":"Pantograph"},{"floor":5,"key":"White Beast Statue"},{"floor":8,"key":"Pear"},{"floor":10,"key":"Bottled Lightning"}],"event_choices":[],"is_beta":false,"boss_relics":[],"items_purged_floors":[],"is_endless":false,"potions_floor_spawned":[2,8,10],"killed_by":"Gremlin Nob","ascension_level":1}}