{"host":"dntw6kil9p09eemm","time":1608175751,"event":{"mods":["BaseMod","Become a monster €›?Œ÷","BetterRewards","Colored Powertips","Hermit","Keyboard Shortcuts","Minty Spire (QoL Compilation)","Permanent Neow","Practice Mode","Shop Mod","Spicy Shops","StSLib","The Runesmith","Waifu the Spire","vexMod"],"gold_per_floor":[116,291,309,322,37,69,69,89,141,141,160,30,90,105,117,117,213,213,225,303,323,323,154,166,183,193,220,18,18,30,43,43,43,43,43],"floor_reached":34,"playtime":1779,"items_purged":["Doubt","Defend_B","Strike_B","Defend_B"],"score":281,"play_id":"9353a8fb-8b02-4bf7-beb3-884f842690d7","local_time":"20201217122911","is_ascension_mode":false,"campfire_choices":[{"data":"Zap","floor":7,"key":"SMITH"},{"floor":16,"key":"REST"},{"floor":29,"key":"REST"},{"data":"Hologram","floor":33,"key":"SMITH"}],"circlet_count":0,"master_deck":["Strike_B","Strike_B","Defend_B","Defend_B","Zap+1","Dualcast","Beam Cell","Loop","Beam Cell","Sunder","FTL","Static Discharge","Conserve Battery","Turbo","Ball Lightning","Sweeping Beam","Melter","Defragment","Rebound","Self Repair","Hologram+1","Echo Form","Double Energy"],"relics":["Cracked Core","Membership Card","MerchantsRug","Blood Vial","Odd Mushroom","Vajra","Meat on the Bone","Gremlin Horn","Letter Opener","vexMod:Spyglass","vexMod:FocusSash","Mummified Hand"],"acts_visited":["Exordium","TheCity"],"potions_floor_usage":[17,21,25,26,34],"damage_taken":[{"damage":0,"enemies":"Cultist","floor":1,"turns":3},{"damage":0,"enemies":"Small Slimes","floor":3,"turns":3},{"damage":3,"enemies":"Jaw Worm","floor":4,"turns":4},{"damage":14,"enemies":"Gremlin Nob","floor":6,"turns":3},{"damage":16,"enemies":"The Mushroom Lair","floor":8,"turns":4},{"damage":0,"enemies":"3 Shapes","floor":11,"turns":1},{"damage":1,"enemies":"Gremlin Nob","floor":13,"turns":3},{"damage":0,"enemies":"Blue Slaver","floor":14,"turns":3},{"damage":11,"enemies":"Large Slime","floor":15,"turns":3},{"damage":41,"enemies":"The Guardian","floor":17,"turns":8},{"damage":0,"enemies":"Spheric Guardian","floor":19,"turns":3},{"damage":1,"enemies":"Chosen","floor":21,"turns":3},{"damage":6,"enemies":"Snecko","floor":24,"turns":4},{"damage":36,"enemies":"Centurion and Healer","floor":25,"turns":4},{"damage":13,"enemies":"Snake Plant","floor":26,"turns":3},{"damage":0,"enemies":"Sentry and Sphere","floor":30,"turns":2},{"damage":40,"enemies":"Centurion and Healer","floor":31,"turns":4},{"damage":63,"enemies":"Automaton","floor":34,"turns":8}],"seed_played":"-8227378459144544608","potions_obtained":[{"floor":3,"key":"BlessingOfTheForge"},{"floor":6,"key":"EssenceOfDarkness"},{"floor":13,"key":"Dexterity Potion"},{"floor":15,"key":"Weak Potion"},{"floor":17,"key":"FocusPotion"},{"floor":25,"key":"Regen Potion"},{"floor":26,"key":"Explosive Potion"}],"is_trial":false,"path_per_floor":["M","?","M","M","$","E","R","?","T","M","M","$","?","M","M","R","B",null,"M","T","M","?","$","M","M","M","T","$","R","M","M","?","R","B"],"character_chosen":"DEFECT","items_purchased":["Membership Card","MerchantsRug","Sunder","Meat on the Bone","vexMod:Spyglass","Mummified Hand"],"campfire_rested":2,"item_purchase_floors":[5,5,5,12,23,28],"current_hp_per_floor":[75,75,75,72,72,58,58,44,44,46,48,48,49,51,42,64,37,75,75,75,74,74,74,69,47,45,45,45,67,75,54,54,54,0,0],"gold":43,"neow_bonus":"REMOVE_CARD","is_daily":false,"chose_seed":false,"campfire_upgraded":2,"win_rate":0.0,"timestamp":1608175751,"path_taken":["M","?","M","M","$","E","R","?","T","M","$","?","?","M","R","BOSS","M","?","M","?","$","M","M","M","T","$","R","M","M","?","R","BOSS"],"items_purchased_type":["Relic","Relic","Card","Relic","Relic","Relic"],"build_version":"2020-12-13","purchased_purges":4,"victory":false,"max_hp_per_floor":[75,75,75,75,75,75,75,75,75,75,75,75,75,75,75,75,75,75,75,75,75,75,75,75,75,75,75,75,75,75,75,75,75,75,75],"card_choices":[{"not_picked":["FTL","Go for the Eyes"],"picked":"Beam Cell","floor":1},{"not_picked":["Compile Driver","Cold Snap"],"picked":"Loop","floor":3},{"not_picked":["White Noise","Doom and Gloom"],"picked":"Beam Cell","floor":4},{"not_picked":["Loop","Genetic Algorithm"],"picked":"FTL","floor":6},{"not_picked":["Hello World","Conserve Battery"],"picked":"Static Discharge","floor":8},{"not_picked":["Streamline","Reinforced Body"],"picked":"Conserve Battery","floor":11},{"not_picked":["Reboot","Sunder"],"picked":"Turbo","floor":13},{"not_picked":["Coolheaded","Defragment"],"picked":"Ball Lightning","floor":14},{"not_picked":["Ball Lightning","Rip and Tear"],"picked":"Sweeping Beam","floor":15},{"not_picked":["Turbo","Cold Snap+1"],"picked":"Melter","floor":19},{"not_picked":["Scrape","Blizzard","Capacitor"],"picked":"SKIP","floor":21},{"not_picked":["Leap+1","Tempest"],"picked":"Rebound","floor":24},{"not_picked":["Beam Cell","Loop"],"picked":"Self Repair","floor":25},{"not_picked":["Storm","Defragment+1"],"picked":"Hologram","floor":26},{"not_picked":["Barrage+1","Sweeping Beam"],"picked":"Echo Form","floor":30},{"not_picked":["Barrage","Compile Driver"],"picked":"Double Energy","floor":31}],"player_experience":178744,"relics_obtained":[{"floor":6,"key":"Blood Vial"},{"floor":8,"key":"Odd Mushroom"},{"floor":9,"key":"Vajra"},{"floor":20,"key":"Letter Opener"},{"floor":27,"key":"vexMod:FocusSash"}],"event_choices":[{"damage_healed":0,"gold_gain":175,"player_choice":"AGREE","damage_taken":0,"max_hp_gain":0,"max_hp_loss":0,"event_name":"Liars Game","floor":2,"gold_loss":0,"cards_obtained":["Doubt"]},{"damage_healed":0,"gold_gain":0,"player_choice":"Fought Mushrooms","damage_taken":0,"max_hp_gain":0,"max_hp_loss":0,"event_name":"Mushrooms","floor":8,"gold_loss":0},{"damage_healed":0,"gold_gain":0,"player_choice":"Searched \u00273\u0027 times","damage_taken":0,"relics_obtained":["Gremlin Horn"],"max_hp_gain":0,"max_hp_loss":0,"event_name":"Dead Adventurer","floor":13,"gold_loss":0},{"damage_healed":0,"gold_gain":0,"player_choice":"Read","damage_taken":0,"max_hp_gain":0,"max_hp_loss":0,"event_name":"The Library","floor":22,"gold_loss":0,"cards_obtained":["Defragment"]},{"damage_healed":0,"gold_gain":0,"player_choice":"Ignored","damage_taken":0,"max_hp_gain":0,"max_hp_loss":0,"event_name":"NoteForYourself","floor":32,"gold_loss":0}],"is_beta":false,"boss_relics":[{"not_picked":["Coffee Dripper","vexMod:ImprovementManual","vexMod:FluxCapacitor"]}],"items_purged_floors":[5,23,23,28],"is_endless":false,"potions_floor_spawned":[3,6,13,15,17,19,25,26],"killed_by":"Automaton","ascension_level":0}}