{"host":"zekcc3vicrep0och","time":1608216280,"event":{"mods":["AchievementEnabler","BaseMod","Colored Map","Colored Powertips","Displayed Cursed Tome","Minty Spire (QoL Compilation)","Relic Stats","StSLib"],"gold_per_floor":[212,0,0,0,0,0,44,44,44,44,79,79,118,138,138,267,267,285,285,225,225],"floor_reached":20,"playtime":1230,"items_purged":[],"score":279,"play_id":"2208ff7c-fe69-44bd-a3e7-11a459fd4355","local_time":"20201217174440","is_ascension_mode":true,"campfire_choices":[{"data":"Footwork","floor":6.0,"key":"SMITH"},{"floor":8.0,"key":"REST"},{"floor":12.0,"key":"REST"},{"floor":15.0,"key":"REST"}],"circlet_count":0,"master_deck":["AscendersBane","Strike_G","Strike_G+1","Strike_G","Strike_G","Strike_G","Defend_G+1","Defend_G","Defend_G+1","Defend_G","Defend_G","Survivor","Neutralize+1","PiercingWail","Footwork+1","All Out Attack","Terror","Night Terror","Dagger Spray+1"],"relics":["Ring of the Snake","Sling","Golden Idol","War Paint","Omamori","Blue Candle","Blood Vial","SlaversCollar","Sundial"],"acts_visited":["Exordium","TheCity"],"potions_floor_usage":[18],"damage_taken":[{"damage":3.0,"enemies":"Cultist","floor":1.0,"turns":6.0},{"damage":32.0,"enemies":"3 Sentries","floor":7.0,"turns":13.0},{"damage":32.0,"enemies":"Gremlin Nob","floor":11.0,"turns":6.0},{"damage":7.0,"enemies":"Lagavulin","floor":13.0,"turns":5.0},{"damage":0.0,"enemies":"Small Slimes","floor":14.0,"turns":4.0},{"damage":14.0,"enemies":"The Guardian","floor":16.0,"turns":17.0},{"damage":35,"enemies":"3 Byrds","floor":18,"turns":10},{"damage":14,"enemies":"2 Thieves","floor":20,"turns":3}],"seed_played":"5025649511478648950","potions_obtained":[{"floor":11.0,"key":"SkillPotion"},{"floor":13.0,"key":"DuplicationPotion"},{"floor":16.0,"key":"LiquidMemories"}],"is_trial":false,"path_per_floor":["M","$","$","?","?","R","E","R","T","$","E","R","E","M","R","B",null,"M","?","M"],"character_chosen":"THE_SILENT","items_purchased":["Sling","Footwork"],"campfire_rested":3,"item_purchase_floors":[2,2],"current_hp_per_floor":[60,60,60,46,46,46,14,33,33,33,1,20,13,15,34,22,54,21,21,9,9],"gold":225,"neow_bonus":"HUNDRED_GOLD","is_daily":false,"chose_seed":false,"campfire_upgraded":1,"win_rate":0.0,"timestamp":1608216280,"path_taken":["M","?","$","?","?","R","E","R","T","$","E","R","E","M","R","BOSS","M","?","M"],"items_purchased_type":["Relic","Card"],"build_version":"2020-12-13","purchased_purges":0,"victory":false,"max_hp_per_floor":[70,70,70,70,65,65,65,65,65,65,65,65,65,65,65,65,65,65,65,65,65],"relic_stats":{"Blood Vial":8,"counters":[8,64],"Golden Idol":58,"Sundial":[0],"Blue Candle":[1],"War Paint":["Defend_G","Defend_G"],"obtain_stats":[{"Blood Vial":13,"SlaversCollar":17,"Golden Idol":5,"Sundial":19,"Blue Candle":11,"Omamori":9,"War Paint":7,"Sling":2,"Ring of the Snake":0},{"Blood Vial":4,"SlaversCollar":6,"Golden Idol":1,"Sundial":7,"Blue Candle":3,"Omamori":2,"War Paint":2,"Sling":1,"Ring of the Snake":0},{"Blood Vial":30,"SlaversCollar":51,"Golden Idol":6,"Sundial":61,"Blue Candle":25,"Omamori":19,"War Paint":19,"Sling":6,"Ring of the Snake":0}],"Ring of the Snake":[16]},"card_choices":[{"not_picked":["Backflip","Heel Hook"],"picked":"PiercingWail","floor":1.0},{"not_picked":["Flechettes","Dagger Throw"],"picked":"All Out Attack","floor":7.0},{"not_picked":["Dagger Throw","Calculated Gamble","Cloak And Dagger"],"picked":"SKIP","floor":11.0},{"not_picked":["Endless Agony","Bullet Time","Slice"],"picked":"SKIP","floor":13.0},{"not_picked":["Prepared","Accuracy"],"picked":"Terror","floor":14.0},{"not_picked":["Adrenaline","Tools of the Trade"],"picked":"Night Terror","floor":16.0},{"not_picked":["Skewer","Choke"],"picked":"Dagger Spray+1","floor":18}],"player_experience":429073,"relics_obtained":[{"floor":7.0,"key":"War Paint"},{"floor":9.0,"key":"Omamori"},{"floor":11.0,"key":"Blue Candle"},{"floor":13.0,"key":"Blood Vial"},{"floor":19,"key":"Sundial"}],"event_choices":[{"damage_healed":0.0,"max_hp_gain":0.0,"max_hp_loss":0.0,"gold_gain":0.0,"event_name":"Shining Light","player_choice":"Entered Light","floor":4.0,"gold_loss":0.0,"damage_taken":14.0,"cards_upgraded":["Neutralize","Strike_G"]},{"damage_healed":0.0,"max_hp_gain":0.0,"max_hp_loss":5.0,"gold_gain":0.0,"event_name":"Golden Idol","player_choice":"Lose Max HP","floor":5.0,"gold_loss":0.0,"damage_taken":0.0,"relics_obtained":["Golden Idol"]},{"damage_healed":0,"gold_gain":0,"player_choice":"Relic","damage_taken":0,"max_hp_gain":0,"max_hp_loss":0,"event_name":"Wheel of Change","floor":19,"gold_loss":0}],"is_beta":false,"boss_relics":[{"not_picked":["SacredBark","Sozu"],"picked":"SlaversCollar"}],"items_purged_floors":[],"is_endless":false,"potions_floor_spawned":[11,13,16],"killed_by":"2 Thieves","ascension_level":10}}