{"host":"h7xtspmc2x3i8s2i","time":1608170358,"event":{"mods":["2.2 Compatiblity","AchievementEnabler","Act Like it!","AlwaysNeverKeys","Aspiration","Astrologer","BaseMod","Beaked The Cultist","Better Match","Better Sensory Stone","Better Third Choice","Better Vampires","BetterRewards","Challenge The Spire","Colored Map","Colored Powertips","Colorless Booster Pack","Curses Come First","Defuse TimeMaze Blight","Dio Mod","Downfall","Duelist Mod","EXCEPTION","Energized Spire","Friendly Minions","GifTheSpireLib","Gold Saver","Gremlin Skip","Halation","Hubris","Jedi Mod","Key Reminder","Marked Mod","Minty Spire (QoL Compilation)","Pale of the Ancients","Permanent Neow","Random Character Button","Random Character Mod","Rare Cards Sparkle","Relic Filter","Relic Stats","Replay The Spire","SacredBarkPlus","Shop Mod","Somnambulant","Spikes Relics","Spire Birthday Party","StSLib","Steal the Spire","Stuff the Spire","SuperFastMode","The Awakened One except there are too many feathers","The Blue Laboratory","The Cursed","The Death Knight","The Dragon Tamer","The Edgeheg","The Hierophant","The Problem Sleuth","The Wild Card","Transform Curses","Unceasing Turn Reminder","everything is the same but u backflip on backflip","slay the spire mod where everything is the same but ironclad has a cowboy hat","vexMod"],"gold_per_floor":[236,236,261,277,277,202,202,220,145,171,171,81,81,181,199,303,303,228,228,228,259,18,36,36,36,36,36,49,49,59,77,87,189,189,189,235,235,17,17,28,80,80,113,113,113,124,174,192,202,202,202,237,21,21,21],"floor_reached":56,"playtime":3182,"items_purged":["TheCursedMod:Defend_TheCursed"],"score":1449,"play_id":"acd5f6b8-b4e3-468b-bed0-c2fbccb8270a","local_time":"20201216205918","is_ascension_mode":false,"campfire_choices":[{"floor":1,"key":"RECALL"},{"floor":6,"key":"REST"},{"floor":9,"key":"REST"},{"data":"TheCursedMod:CircleOfFocus","floor":18,"key":"SMITH"},{"data":"TheCursedMod:CircleOfAmplification","floor":27,"key":"SMITH"},{"data":"theWildCard:Odin","floor":35,"key":"SMITH"},{"data":"TheCursedMod:ManaCirculation","floor":42,"key":"SMITH"},{"data":"TheCursedMod:SpitefulPlan","floor":44,"key":"SMITH"},{"data":"expansioncontent:Collect","floor":54,"key":"SMITH"}],"circlet_count":0,"master_deck":["TheCursedMod:Strike_TheCursed","TheCursedMod:Strike_TheCursed","TheCursedMod:Strike_TheCursed","TheCursedMod:Strike_TheCursed+1","TheCursedMod:Defend_TheCursed","TheCursedMod:Defend_TheCursed","TheCursedMod:Defend_TheCursed","TheCursedMod:CursedWand","TheCursedMod:CleanUpWorkshop+1","TheCursedMod:Dregs","TheCursedMod:CircleOfAmplification+1","TheCursedMod:CircleOfFocus+1","theWildCard:Odin+1","TheCursedMod:RapidMovement","TheCursedMod:EmpowerCircles+1","TheCursedMod:CursedBlade","TheCursedMod:CircleOfBlood+1","TheCursedMod:ForbiddenAlchemy+1","TheCursedMod:SpitefulStrike","TheCursedMod:Wield","TheCursedMod:Wield","TheCursedMod:SpitefulPlan+1","TheCursedMod:ManaCirculation+1","expansioncontent:DarkVoid","expansioncontent:Collect+1","TheCursedMod:CircleOfCorruption+1","TheCursedMod:CircleOfAmplification+1","TheCursedMod:Neurasthenia+1","TheCursedMod:SurpriseAttack+1","TheCursedMod:SpitefulStrike","expansioncontent:DecasProtection+1","TheCursedMod:Wield+1","TheCursedMod:Wield+1","TheCursedMod:Hemoplague+1","TheCursedMod:Wield+1","TheCursedMod:CircleOfCorruption+1","TheCursedMod:EmpowerCircles"],"relics":["TheCursedMod:BlackMagic101","Replay:Mystery Machine","downfall:HeartBlessingRed","downfall:HeartBlessingBlue","Omamori","Toxic Egg 2","aspiration:PoetsPen","downfall:HeartBlessingGreen","SnailShell","TheCursedMod:PinkPellets","halation:PrussianBluePaint","halation:EternalFortune","hubris:HollowSoul","jedi:matchstick","jedi:shrinkray","jedi:gremlinknob","halation:PinkSoulGem","ReplayFunnel","jedi:crownofsimplicity","theSleuth:Tectrixcalibur","jedi:firstaidkit","hubris:Metronome","StuffTheSpire:HeavyRock"],"acts_visited":["Exordium","TheCity","TheBeyond","TheEnding"],"potions_floor_usage":[3,8,16,16,16,21,21,21,21,23,23,32,33,33,33,33,36,36,36,38,38,38,40,50,50,50,50,50,50,50,52,52,55,55,55,55,55],"damage_taken":[{"damage":43,"enemies":"Gremlin Nob","floor":3,"turns":6},{"damage":3,"enemies":"Cultist","floor":4,"turns":4},{"damage":0,"enemies":"Small Slimes","floor":8,"turns":3},{"damage":6,"enemies":"3 Sentries","floor":10,"turns":14},{"damage":0,"enemies":"downfall:FleeingMerchant","floor":12,"turns":4},{"damage":1,"enemies":"Jaw Worm","floor":15,"turns":3},{"damage":32,"enemies":"downfall:Ironclad","floor":16,"turns":13},{"damage":45,"enemies":"Gremlin Leader","floor":21,"turns":6},{"damage":0,"enemies":"downfall:FleeingMerchant","floor":22,"turns":4},{"damage":0,"enemies":"Spheric Guardian","floor":23,"turns":2},{"damage":14,"enemies":"Shell Parasite","floor":28,"turns":4},{"damage":9,"enemies":"Centurion and Healer","floor":30,"turns":3},{"damage":40,"enemies":"Snake Plant","floor":31,"turns":5},{"damage":0,"enemies":"Chosen and Byrds","floor":32,"turns":3},{"damage":40,"enemies":"downfall:Silent","floor":33,"turns":5},{"damage":59,"enemies":"2 Orb Walkers","floor":36,"turns":5},{"damage":0,"enemies":"downfall:FleeingMerchant","floor":38,"turns":4},{"damage":0,"enemies":"Orb Walker","floor":40,"turns":3},{"damage":0,"enemies":"Giant Head","floor":43,"turns":4},{"damage":0,"enemies":"3 Darklings","floor":46,"turns":4},{"damage":0,"enemies":"Mind Bloom Boss Battle","floor":47,"turns":1},{"damage":0,"enemies":"Sphere and 2 Shapes","floor":48,"turns":3},{"damage":0,"enemies":"Spire Growth","floor":49,"turns":3},{"damage":0,"enemies":"downfall:Watcher","floor":50,"turns":2},{"damage":0,"enemies":"downfall:CharBossMerchant","floor":52,"turns":3},{"damage":0,"enemies":"downfall:NeowBoss","floor":55,"turns":13}],"seed_played":"4660117629220219304","potions_obtained":[{"floor":2,"key":"blueLaboratory:LouseDecoction"},{"floor":2,"key":"blueLaboratory:HeartbeatPotion"},{"floor":2,"key":"blueLaboratory:Moonshine"},{"floor":4,"key":"blueLaboratory:BubblePotion"},{"floor":8,"key":"blueLaboratory:BottledHope"},{"floor":10,"key":"blueLaboratory:BottleOfVodka"},{"floor":16,"key":"SkillPotion"},{"floor":30,"key":"blueLaboratory:Moonshine"},{"floor":32,"key":"blueLaboratory:FruitPreserves"},{"floor":36,"key":"DuplicationPotion"},{"floor":37,"key":"Doom Potion"},{"floor":40,"key":"BlessingOfTheForge"}],"is_trial":false,"path_per_floor":["R","?","E","M","?","R","T","M","R","E","?","$","T","?","M","B",null,"R","?","?","E","$","M","T","?","?","R","M","?","M","M","M","B",null,"R","?","?","$","?","M","T","R","E","R","?","M","?","M","M","B",null,"E","$","R","B",null],"character_chosen":"THE_CURSED","items_purchased":["TheCursedMod:PinkPellets","TheCursedMod:Wield","TheCursedMod:SpitefulPlan","expansioncontent:DecasProtection+1","jedi:shrinkray","jedi:gremlinknob","TheCursedMod:EmpowerCircles","StuffTheSpire:HeavyRock"],"campfire_rested":2,"item_purchase_floors":[22,22,22,38,38,38,53,53],"current_hp_per_floor":[75,75,32,29,29,51,51,51,85,79,79,79,79,79,78,50,85,85,85,85,40,68,72,72,75,75,75,61,61,64,28,44,8,88,88,45,45,69,69,76,76,76,91,91,91,91,91,91,91,91,91,91,91,91,91],"gold":21,"neow_bonus":"HUNDRED_GOLD","is_daily":false,"chose_seed":false,"campfire_upgraded":6,"win_rate":0.0,"timestamp":1608170358,"path_taken":["R","?","E","?","?","R","T","M","R","E","?","$","?","?","M","BOSS","R","?","?","E","$","?","T","?","?","R","M","?","?","M","M","BOSS","R","?","?","?","?","?","T","R","E","R","?","M","?","?","M","BOSS","E","$","R","BOSS"],"items_purchased_type":["Relic","Card","Card","Card","Relic","Relic","Card","Relic"],"build_version":"2020-12-13","purchased_purges":1,"victory":true,"max_hp_per_floor":[75,75,75,75,75,75,75,75,85,85,85,85,85,85,85,85,85,85,85,85,85,85,85,85,88,88,88,88,88,88,88,88,88,88,88,88,88,88,88,91,91,91,91,91,91,91,91,91,91,91,91,91,91,91,91],"relic_stats":{"counters":[26,124],"obtain_stats":[{"ReplayFunnel":41,"TheCursedMod:BlackMagic101":0,"SnailShell":21,"hubris:Metronome":52,"downfall:HeartBlessingRed":6,"jedi:gremlinknob":38,"downfall:HeartBlessingGreen":18,"TheCursedMod:PinkPellets":22,"hubris:HollowSoul":34,"Omamori":10,"jedi:crownofsimplicity":43,"Replay:Mystery Machine":3,"jedi:shrinkray":38,"keyreminder:keyreminder":1,"aspiration:PoetsPen":17,"theSleuth:Tectrixcalibur":45,"downfall:HeartBlessingBlue":9,"halation:PrussianBluePaint":24,"jedi:firstaidkit":47,"StuffTheSpire:HeavyRock":53,"halation:EternalFortune":25,"jedi:matchstick":36,"Toxic Egg 2":13,"halation:PinkSoulGem":39},{"ReplayFunnel":18,"TheCursedMod:BlackMagic101":0,"SnailShell":8,"hubris:Metronome":25,"downfall:HeartBlessingRed":2,"jedi:gremlinknob":17,"downfall:HeartBlessingGreen":7,"TheCursedMod:PinkPellets":9,"hubris:HollowSoul":15,"Omamori":4,"jedi:crownofsimplicity":19,"Replay:Mystery Machine":1,"jedi:shrinkray":17,"keyreminder:keyreminder":0,"aspiration:PoetsPen":7,"theSleuth:Tectrixcalibur":19,"downfall:HeartBlessingBlue":3,"halation:PrussianBluePaint":10,"jedi:firstaidkit":21,"StuffTheSpire:HeavyRock":25,"halation:EternalFortune":10,"jedi:matchstick":16,"Toxic Egg 2":5,"halation:PinkSoulGem":17},{"ReplayFunnel":91,"TheCursedMod:BlackMagic101":0,"SnailShell":53,"hubris:Metronome":111,"downfall:HeartBlessingRed":10,"jedi:gremlinknob":88,"downfall:HeartBlessingGreen":47,"TheCursedMod:PinkPellets":57,"hubris:HollowSoul":79,"Omamori":27,"jedi:crownofsimplicity":95,"Replay:Mystery Machine":6,"jedi:shrinkray":88,"keyreminder:keyreminder":0,"aspiration:PoetsPen":47,"theSleuth:Tectrixcalibur":95,"downfall:HeartBlessingBlue":13,"halation:PrussianBluePaint":59,"jedi:firstaidkit":100,"StuffTheSpire:HeavyRock":111,"halation:EternalFortune":59,"jedi:matchstick":84,"Toxic Egg 2":31,"halation:PinkSoulGem":88}]},"card_choices":[{"not_picked":["TheCursedMod:ReleasedStrength","TheCursedMod:CursedAmulet"],"picked":"TheCursedMod:CircleOfAmplification","floor":3},{"not_picked":["TheCursedMod:FleshFromBone","TheCursedMod:SoulReap"],"picked":"TheCursedMod:CircleOfFocus","floor":4},{"not_picked":["TheCursedMod:CursedBlade","TheCursedMod:ReleasedStrength"],"picked":"TheCursedMod:RapidMovement","floor":8},{"not_picked":["TheCursedMod:SmokeScreen","TheCursedMod:CircleOfFlame"],"picked":"TheCursedMod:EmpowerCircles","floor":10},{"not_picked":["TheCursedMod:Evocation","TheCursedMod:SpitefulStrike"],"picked":"TheCursedMod:CursedBlade","floor":12},{"not_picked":["TheCursedMod:WearCloak+1","TheCursedMod:AbyssShockwave"],"picked":"TheCursedMod:CircleOfBlood+1","floor":15},{"not_picked":["TheCursedMod:VoidForm","TheCursedMod:NeowsMight+1"],"picked":"TheCursedMod:ForbiddenAlchemy+1","floor":16},{"not_picked":["TheCursedMod:ManaBullet+1","TheCursedMod:FleshFromBone+1"],"picked":"TheCursedMod:SpitefulStrike","floor":21},{"not_picked":["TheCursedMod:CursedAmulet+1","TheCursedMod:HellfireBreathing"],"picked":"TheCursedMod:Wield","floor":22},{"not_picked":["TheCursedMod:WearCloak+1","TheCursedMod:CursedShiv+1"],"picked":"TheCursedMod:ManaCirculation","floor":23},{"not_picked":["vexMod:StairwayStrike","Survey Options+1"],"picked":"expansioncontent:DarkVoid","floor":26},{"not_picked":["Survey Options+1","jedi:RedIncense+1"],"picked":"expansioncontent:Collect","floor":26},{"not_picked":["TheCursedMod:SmokeScreen+1","TheCursedMod:BloodBarrier+1"],"picked":"TheCursedMod:CircleOfCorruption+1","floor":28},{"not_picked":["TheCursedMod:SoulReap+1","TheCursedMod:Obscuration+1","TheCursedMod:FleshFromBone+1"],"picked":"SKIP","floor":30},{"not_picked":["TheCursedMod:Torture+1","TheCursedMod:FleshFromBone+1","TheCursedMod:CursedBoomerang"],"picked":"SKIP","floor":31},{"not_picked":["TheCursedMod:CircleOfCorruption+1","TheCursedMod:BlessingInDisguise+1"],"picked":"TheCursedMod:CircleOfAmplification+1","floor":32},{"not_picked":["TheCursedMod:AntiAging+1","TheCursedMod:CursedRelics"],"picked":"TheCursedMod:Neurasthenia+1","floor":33},{"not_picked":["TheCursedMod:SpitefulPray+1","TheCursedMod:Obscuration+1"],"picked":"TheCursedMod:SurpriseAttack+1","floor":36},{"not_picked":["TheCursedMod:RapidMovement+1","TheCursedMod:Mangle"],"picked":"TheCursedMod:SpitefulStrike","floor":38},{"not_picked":["TheCursedMod:SpitefulPlan+1","TheCursedMod:CursedMace"],"picked":"TheCursedMod:Wield+1","floor":40},{"not_picked":["TheCursedMod:StingEye","TheCursedMod:CursedAmulet+1","TheCursedMod:Stretching+1"],"picked":"SKIP","floor":43},{"not_picked":["TheCursedMod:Torture+1","TheCursedMod:RavingStaff+1"],"picked":"TheCursedMod:Wield+1","floor":46},{"not_picked":["TheCursedMod:TroublousMinions+1","TheCursedMod:ReleasedStrength+1"],"picked":"TheCursedMod:Hemoplague+1","floor":47},{"not_picked":["TheCursedMod:CursedArmor+1","TheCursedMod:Evocation+1"],"picked":"TheCursedMod:Wield+1","floor":48},{"not_picked":["TheCursedMod:Stretching+1","TheCursedMod:CursedAmulet+1","TheCursedMod:PrepareRite+1"],"picked":"SKIP","floor":49},{"not_picked":["TheCursedMod:VitalStrike","TheCursedMod:Stigma+1"],"picked":"TheCursedMod:CircleOfCorruption+1","floor":52}],"player_experience":494656,"relics_obtained":[{"floor":3,"key":"Replay:Mystery Machine"},{"floor":10,"key":"Omamori"},{"floor":13,"key":"Toxic Egg 2"},{"floor":21,"key":"SnailShell"},{"floor":24,"key":"halation:PrussianBluePaint"},{"floor":36,"key":"jedi:matchstick"},{"floor":40,"key":"halation:EternalFortune"},{"floor":41,"key":"ReplayFunnel"},{"floor":43,"key":"jedi:crownofsimplicity"},{"floor":47,"key":"jedi:firstaidkit"},{"floor":52,"key":"hubris:Metronome"}],"event_choices":[{"damage_healed":0,"gold_gain":0,"player_choice":"Got Potions","damage_taken":0,"max_hp_gain":0,"max_hp_loss":0,"event_name":"Lab","floor":2,"gold_loss":0},{"damage_healed":0,"gold_gain":0,"player_choice":"Ignored","damage_taken":0,"max_hp_gain":0,"max_hp_loss":0,"event_name":"Vampires","floor":19,"gold_loss":0},{"damage_healed":0,"gold_gain":0,"player_choice":"Ignored","damage_taken":0,"max_hp_gain":0,"max_hp_loss":0,"event_name":"NoteForYourself","floor":20,"gold_loss":0},{"damage_healed":0,"gold_gain":2,"player_choice":"1","damage_taken":0,"max_hp_gain":0,"max_hp_loss":0,"event_name":"betterStone:BetterStone","floor":26,"gold_loss":0},{"damage_healed":0,"gold_gain":0,"player_choice":"Fight","damage_taken":0,"max_hp_gain":0,"max_hp_loss":0,"event_name":"Mysterious Sphere","floor":36,"gold_loss":0}],"is_beta":false,"boss_relics":[{"not_picked":["TheCursedMod:OminousMark","vexMod:MysteryBossChallenge"],"picked":"aspiration:PoetsPen"},{"not_picked":["Runic Pyramid","hubris:BlackHole"],"picked":"hubris:HollowSoul"}],"items_purged_floors":[12],"is_endless":false,"potions_floor_spawned":[4,8,10,16,30,31,32,36,40,48],"ascension_level":0}}