{"host":"hfxp6ue4pvwo3fit","time":1608225780,"event":{"mods":["AchievementEnabler","BaseMod","Colored Map","Colored Powertips","Highlight Path","Minty Spire (QoL Compilation)","StSLib","SuperFastMode"],"gold_per_floor":[114,114,134,134,154,189,189,215,215,215,226,238,238,251,251,325,325,337,337,100,119,119,119,119,119],"floor_reached":24,"playtime":614,"items_purged":["Writhe"],"score":361,"play_id":"49847838-55ba-4a0e-ae37-41db1769f1bd","local_time":"20201217112300","is_ascension_mode":true,"campfire_choices":[{"data":"Chaos","floor":7,"key":"SMITH"},{"floor":10,"key":"REST"},{"data":"Dualcast","floor":13,"key":"SMITH"},{"data":"Zap","floor":15,"key":"SMITH"},{"data":"Seek","floor":23,"key":"SMITH"}],"circlet_count":0,"master_deck":["AscendersBane","Strike_B+1","Strike_B","Defend_B","Defend_B","Defend_B","Defend_B","Zap+1","Dualcast+1","Barrage+1","Cold Snap","Chaos+1","Seek+1","Loop","White Noise"],"relics":["Busted Crown","Whetstone","Cables","Molten Egg 2","MealTicket","Empty Cage","Bag of Marbles"],"acts_visited":["Exordium","TheCity"],"potions_floor_usage":[6,16,16,21,24,24],"damage_taken":[{"damage":0,"enemies":"Cultist","floor":1,"turns":4},{"damage":9,"enemies":"Jaw Worm","floor":3,"turns":4},{"damage":5,"enemies":"Small Slimes","floor":5,"turns":3},{"damage":24,"enemies":"Gremlin Nob","floor":6,"turns":5},{"damage":21,"enemies":"Lagavulin","floor":8,"turns":6},{"damage":1,"enemies":"2 Fungi Beasts","floor":11,"turns":2},{"damage":8,"enemies":"Looter","floor":12,"turns":3},{"damage":4,"enemies":"Exordium Thugs","floor":14,"turns":3},{"damage":3,"enemies":"Hexaghost","floor":16,"turns":7},{"damage":22,"enemies":"2 Thieves","floor":18,"turns":4},{"damage":16,"enemies":"3 Byrds","floor":21,"turns":4},{"damage":48,"enemies":"Gremlin Leader","floor":24,"turns":9}],"seed_played":"-106468388808273940","potions_obtained":[{"floor":3,"key":"Weak Potion"},{"floor":8,"key":"PotionOfCapacity"},{"floor":12,"key":"Weak Potion"},{"floor":14,"key":"Regen Potion"},{"floor":16,"key":"EssenceOfSteel"},{"floor":18,"key":"LiquidMemories"},{"floor":21,"key":"Block Potion"}],"is_trial":false,"path_per_floor":["M","T","M","?","M","E","R","E","T","R","M","M","R","M","R","B",null,"M","?","$","M","?","R","E"],"character_chosen":"DEFECT","items_purchased":["Loop","White Noise"],"campfire_rested":1,"item_purchase_floors":[20,20],"current_hp_per_floor":[64,64,55,55,50,26,26,5,5,26,25,17,17,13,13,25,60,38,38,53,37,37,37,0,0],"gold":119,"neow_bonus":"BOSS_RELIC","is_daily":false,"chose_seed":false,"campfire_upgraded":4,"win_rate":0.0,"timestamp":1608225780,"path_taken":["M","?","M","?","M","E","R","E","T","R","M","M","R","M","R","BOSS","M","?","$","M","?","R","E"],"items_purchased_type":["Card","Card"],"build_version":"2020-12-13","purchased_purges":1,"victory":false,"max_hp_per_floor":[71,71,71,71,71,71,71,71,71,71,71,71,71,71,71,71,71,71,71,71,71,71,71,71,71],"card_choices":[{"not_picked":[],"picked":"Barrage","floor":1},{"not_picked":[],"picked":"Cold Snap","floor":3},{"not_picked":["Rebound"],"picked":"SKIP","floor":5},{"not_picked":[],"picked":"Chaos","floor":6},{"not_picked":["Thunder Strike+1"],"picked":"SKIP","floor":8},{"not_picked":["Rip and Tear+1"],"picked":"SKIP","floor":11},{"not_picked":["Stack"],"picked":"SKIP","floor":12},{"not_picked":["Turbo"],"picked":"SKIP","floor":14},{"not_picked":[],"picked":"Seek","floor":16},{"not_picked":["Stack"],"picked":"SKIP","floor":18},{"not_picked":["Redo"],"picked":"SKIP","floor":21}],"player_experience":383217,"relics_obtained":[{"floor":2,"key":"Whetstone"},{"floor":6,"key":"Cables"},{"floor":8,"key":"Molten Egg 2"},{"floor":9,"key":"MealTicket"}],"event_choices":[{"damage_healed":0,"gold_gain":0,"player_choice":"Ignored","damage_taken":0,"max_hp_gain":0,"max_hp_loss":0,"event_name":"Liars Game","floor":4,"gold_loss":0},{"damage_healed":0,"gold_gain":0,"player_choice":"Opened","damage_taken":0,"relics_obtained":["Bag of Marbles"],"max_hp_gain":0,"max_hp_loss":0,"event_name":"The Mausoleum","floor":19,"gold_loss":0,"cards_obtained":["Writhe"]},{"damage_healed":0,"gold_gain":0,"player_choice":"Ignored","damage_taken":0,"max_hp_gain":0,"max_hp_loss":0,"event_name":"Vampires","floor":22,"gold_loss":0}],"is_beta":false,"boss_relics":[{"not_picked":["Snecko Eye","SacredBark"],"picked":"Empty Cage"}],"items_purged_floors":[20],"is_endless":false,"potions_floor_spawned":[3,8,12,14,16,18,21],"killed_by":"Gremlin Leader","ascension_level":15}}