{"host":"kdxx03a4p3nl7qnm","time":1608185900,"event":{"mods":["AchievementEnabler","Act Like it!","BaseMod","Better Altar","Better Third Choice","Better Vampires","Conspire","Defuse TimeMaze Blight","Downfall","Elementarium","Hallownest","Infinite Spire","Luminous","Mimic Mod","Minty Spire (QoL Compilation)","Quick Restart","StSLib","The Alterego","The Jungle","The Kombatant","TheBandit","TheSwordswoman","TheVacant","Waifu the Spire"],"gold_per_floor":[117,192,192,205,219,219,250,250,284,284,22,39,39,69,69,169,169,187,203,85,85,85,85,85,100,100,100,111,26,60,60,60,158,158,170,197,197,212,224,257,257,269,296,313,331,331,331,360,360,360],"floor_reached":51,"playtime":2249,"items_purged":["Crippling Poison"],"score":773,"play_id":"d5fb37c7-d208-4bc8-b9c1-292a9f6fd2ae","local_time":"20201217001820","is_ascension_mode":false,"campfire_choices":[{"data":"Cloak And Dagger","floor":6,"key":"SMITH"},{"floor":8,"key":"REST"},{"data":"Cloak And Dagger","floor":10,"key":"SMITH"},{"data":"Neutralize","floor":15,"key":"SMITH"},{"data":"Accuracy","floor":23,"key":"SMITH"},{"floor":32,"key":"REST"},{"floor":41,"key":"REST"},{"floor":46,"key":"REST"},{"floor":49,"key":"REST"}],"circlet_count":0,"master_deck":["Strike_G","Strike_G","Strike_G","Strike_G","Strike_G","Defend_G","Defend_G","Defend_G","Defend_G","Defend_G","Survivor","Neutralize+1","Choke","conspire:DoublingDagger","Cloak And Dagger+1","Prepared","Cloak And Dagger+1","Finisher","Infinite Blades+1","Bullet Time","Blade Dance+1","Accuracy+1","Backstab","Accuracy","After Image","Backstab","Cloak And Dagger","infinitespire:Gouge","Storm of Steel","Blade Dance+1","Slice+1","Prepared+1","Cloak And Dagger+1"],"relics":["Ring of the Snake","NeowsBlessing","Oddly Smooth Stone","Mercury Hourglass","Odd Mushroom","WristBlade","Toy Ornithopter","Lantern","Bag of Preparation","Strange Spoon","SlaversCollar","Vajra","Turnip","Art of War","Juzu Bracelet"],"acts_visited":["Exordium","TheCity","TheBeyond"],"potions_floor_usage":[36,50,50,50],"damage_taken":[{"damage":0,"enemies":"Jaw Worm","floor":1,"turns":1},{"damage":0,"enemies":"2 Louse","floor":4,"turns":1},{"damage":0,"enemies":"Small Slimes","floor":5,"turns":1},{"damage":13,"enemies":"3 Sentries","floor":7,"turns":5},{"damage":2,"enemies":"Looter","floor":9,"turns":7},{"damage":1,"enemies":"Looter","floor":12,"turns":3},{"damage":2,"enemies":"The Mushroom Lair","floor":14,"turns":3},{"damage":28,"enemies":"Slime Boss","floor":16,"turns":7},{"damage":5,"enemies":"conspire:FuzzyDice","floor":18,"turns":6},{"damage":8,"enemies":"2 Thieves","floor":19,"turns":3},{"damage":15,"enemies":"Snake Plant","floor":25,"turns":3},{"damage":12,"enemies":"Cultist and Chosen","floor":28,"turns":4},{"damage":3,"enemies":"conspire:SneckoGhost","floor":30,"turns":4},{"damage":35,"enemies":"Collector","floor":33,"turns":7},{"damage":0,"enemies":"Orb Walker","floor":35,"turns":1},{"damage":37,"enemies":"conspire:MimicChest","floor":36,"turns":4},{"damage":7,"enemies":"3 Darklings","floor":38,"turns":2},{"damage":21,"enemies":"Transient","floor":39,"turns":5},{"damage":0,"enemies":"Giant Head","floor":40,"turns":5},{"damage":0,"enemies":"Jaw Worm Horde","floor":42,"turns":2},{"damage":3,"enemies":"Sphere and 2 Shapes","floor":44,"turns":3},{"damage":17,"enemies":"Writhing Mass","floor":45,"turns":6},{"damage":13,"enemies":"Reptomancer","floor":48,"turns":4},{"damage":78,"enemies":"Awakened One","floor":50,"turns":9}],"seed_played":"138332234205845404","potions_obtained":[{"floor":1,"key":"Weak Potion"},{"floor":7,"key":"Poison Potion"},{"floor":12,"key":"PowerPotion"},{"floor":28,"key":"Dexterity Potion"},{"floor":30,"key":"conspire:TimeTravelPotion"},{"floor":36,"key":"FearPotion"},{"floor":39,"key":"Regen Potion"},{"floor":48,"key":"ColorlessPotion"}],"is_trial":false,"path_per_floor":["M","?","?","M","M","R","E","R","MIM","R","$","M","?","?","R","B",null,"M","M","$","?","?","R","?","M","T","?","M","?","E","AVR","R","B",null,"M","?","?","M","M","E","R","M","T","M","M","R","?","E","R","B",null],"character_chosen":"THE_SILENT","items_purchased":["Mercury Hourglass","Accuracy","Backstab"],"campfire_rested":5,"item_purchase_floors":[11,20,20],"current_hp_per_floor":[70,59,59,59,59,59,46,67,65,65,65,64,64,62,62,34,70,65,57,57,57,57,57,57,42,42,42,30,30,27,27,48,13,70,70,60,80,73,52,52,76,76,76,73,56,80,80,67,80,7],"gold":360,"neow_bonus":"THREE_ENEMY_KILL","is_daily":false,"chose_seed":false,"campfire_upgraded":4,"win_rate":0.0,"timestamp":1608185900,"path_taken":["M","?","?","M","M","R","E","R","MIM","R","$","M","?","?","R","BOSS","M","M","$","?","?","R","?","M","T","?","?","?","E","AVR","R","BOSS","M","?","?","M","M","E","R","M","T","M","?","R","?","E","R","BOSS"],"items_purchased_type":["Relic","Card","Card"],"build_version":"2020-12-13","purchased_purges":1,"victory":true,"max_hp_per_floor":[70,70,70,70,70,70,70,70,70,70,70,70,70,70,70,70,70,70,70,70,70,70,70,70,70,70,70,70,70,70,70,70,70,70,70,70,80,80,80,80,80,80,80,80,80,80,80,80,80,80],"card_choices":[{"not_picked":["Outmaneuver","Underhanded Strike","Acrobatics"],"picked":"SKIP","floor":1},{"not_picked":["Flying Knee","Deflect"],"picked":"Prepared","floor":4},{"not_picked":["Expertise","Bane"],"picked":"Cloak And Dagger","floor":5},{"not_picked":["Terror","Expertise"],"picked":"Finisher","floor":7},{"not_picked":["Deflect","Poisoned Stab"],"picked":"Infinite Blades","floor":12},{"not_picked":["Glass Knife","Burst"],"picked":"Bullet Time","floor":16},{"not_picked":["Dagger Throw","Backstab+1"],"picked":"Blade Dance+1","floor":18},{"not_picked":["Deadly Poison","Leg Sweep+1","Dagger Spray"],"picked":"SKIP","floor":19},{"not_picked":["Dagger Throw","Quick Slash"],"picked":"Accuracy","floor":25},{"not_picked":["Eviscerate","Slice"],"picked":"Backstab","floor":28},{"not_picked":["Tools of the Trade","Caltrops+1"],"picked":"Cloak And Dagger","floor":30},{"not_picked":["Burst","Die Die Die"],"picked":"Storm of Steel","floor":33},{"not_picked":["Finisher","Sucker Punch","Dagger Throw"],"picked":"SKIP","floor":35},{"not_picked":["Dagger Spray+1","Acrobatics"],"picked":"Blade Dance+1","floor":36},{"not_picked":["Heel Hook","Sucker Punch"],"picked":"Slice+1","floor":38},{"not_picked":["Dagger Throw+1","Distraction+1","Flechettes+1"],"picked":"SKIP","floor":39},{"not_picked":["Choke","Sucker Punch","Phantasmal Killer"],"picked":"SKIP","floor":40},{"not_picked":["Deadly Poison","Dagger Throw"],"picked":"Prepared+1","floor":42},{"not_picked":["Dodge and Roll","Heel Hook+1","Predator"],"picked":"SKIP","floor":44},{"not_picked":["Skewer+1","Bane+1"],"picked":"Cloak And Dagger+1","floor":45},{"not_picked":["Predator+1","Prepared","Choke+1"],"picked":"SKIP","floor":48}],"player_experience":73870,"relics_obtained":[{"floor":7,"key":"Oddly Smooth Stone"},{"floor":14,"key":"Odd Mushroom"},{"floor":26,"key":"Toy Ornithopter"},{"floor":30,"key":"Bag of Preparation"},{"floor":36,"key":"Vajra"},{"floor":40,"key":"Turnip"},{"floor":43,"key":"Art of War"},{"floor":48,"key":"Juzu Bracelet"}],"event_choices":[{"damage_healed":0,"gold_gain":75,"player_choice":"Gold","damage_taken":11,"max_hp_gain":0,"max_hp_loss":0,"event_name":"betterThird:BetterGoop","floor":2,"gold_loss":0},{"damage_healed":0,"gold_gain":0,"player_choice":"Grow","damage_taken":0,"max_hp_gain":0,"max_hp_loss":0,"event_name":"Living Wall","floor":13,"gold_loss":0,"cards_upgraded":["Infinite Blades"]},{"damage_healed":0,"gold_gain":0,"player_choice":"Fought Mushrooms","damage_taken":0,"max_hp_gain":0,"max_hp_loss":0,"event_name":"Mushrooms","floor":14,"gold_loss":0},{"damage_healed":0,"gold_gain":0,"player_choice":"Ignored","damage_taken":0,"max_hp_gain":0,"max_hp_loss":0,"event_name":"Ghosts","floor":21,"gold_loss":0},{"damage_healed":0,"gold_gain":0,"player_choice":"Ignored","damage_taken":0,"max_hp_gain":0,"max_hp_loss":0,"event_name":"Beggar","floor":22,"gold_loss":0},{"damage_healed":0,"gold_gain":0,"player_choice":"Leave","damage_taken":0,"max_hp_gain":0,"max_hp_loss":0,"event_name":"conspire:Investor","floor":24,"gold_loss":0},{"damage_healed":0,"gold_gain":0,"player_choice":"Read","damage_taken":0,"max_hp_gain":0,"max_hp_loss":0,"event_name":"The Library","floor":27,"gold_loss":0,"cards_obtained":["After Image"]},{"damage_healed":0,"gold_gain":0,"player_choice":"Obtained Relic","damage_taken":0,"relics_obtained":["Lantern"],"max_hp_gain":0,"max_hp_loss":0,"event_name":"Addict","floor":29,"gold_loss":85},{"cards_removed":["Corpse Explosion"],"damage_healed":10,"gold_gain":0,"player_choice":"Offered Rare","damage_taken":0,"max_hp_gain":10,"max_hp_loss":0,"event_name":"Bonfire Elementals","floor":37,"gold_loss":0},{"damage_healed":0,"gold_gain":0,"player_choice":"Ignored","damage_taken":0,"max_hp_gain":0,"max_hp_loss":0,"event_name":"NoteForYourself","floor":47,"gold_loss":0}],"is_beta":false,"boss_relics":[{"not_picked":["Astrolabe","Black Star"],"picked":"WristBlade"},{"not_picked":["conspire:RunicOctahedron","Coffee Dripper"],"picked":"SlaversCollar"}],"items_purged_floors":[31],"is_endless":false,"potions_floor_spawned":[1,7,12,14,28,30,36,39,40,48],"ascension_level":0}}