{"host":"vtakxgab1vu2j1nx","time":1608170794,"event":{"mods":["BaseMod","Colored Map","Minty Spire (QoL Compilation)","SuperFastMode"],"gold_per_floor":[19,32,32,32,44,44,79,91,155,178,209,237,275,298,310,419,431,454,466,478,504,362,392,392,424,451,451,465,478,478,511,511,610,610,627,443,443,456,217,244,244,244,244,298,298,309,309,359,359,359,359],"floor_reached":50,"playtime":1167,"items_purged":[],"score":1231,"play_id":"1cee40be-308a-4f3e-8826-bf0e301fcd4c","local_time":"20201216210634","is_ascension_mode":true,"campfire_choices":[{"data":"Cleave","floor":6.0,"key":"SMITH"},{"data":"Armaments","floor":8.0,"key":"SMITH"},{"floor":15.0,"key":"REST"},{"data":"Perfected Strike","floor":24.0,"key":"SMITH"},{"data":"Perfected Strike","floor":27.0,"key":"SMITH"},{"data":"Armaments","floor":30.0,"key":"SMITH"},{"floor":32.0,"key":"RECALL"},{"data":"Inflame","floor":41.0,"key":"SMITH"},{"floor":45.0,"key":"REST"},{"data":"Shrug It Off","floor":47.0,"key":"SMITH"},{"floor":49.0,"key":"REST"}],"circlet_count":0,"master_deck":["AscendersBane","Strike_R+1","Strike_R+1","Strike_R+1","Strike_R+1","Strike_R+1","Defend_R+1","Defend_R+1","Defend_R+1","Defend_R+1","Bash","Twin Strike+1","Shrug It Off+1","Cleave+1","Armaments+1","Perfected Strike+1","Perfected Strike+1","Armaments+1","Twin Strike+1","Offering","Power Through+1","Twin Strike+1","Rage","Bloodletting","Twin Strike","Juggernaut","Inflame+1","Twin Strike","Bandage Up","Flame Barrier"],"relics":["Burning Blood","Centennial Puzzle","MawBank","Nunchaku","StrikeDummy","Busted Crown","Lantern","Juzu Bracelet","Pantograph","Vajra","Whetstone","Runic Cube","PreservedInsect","Ancient Tea Set","Thread and Needle","Unceasing Top"],"acts_visited":["Exordium","TheCity","TheBeyond"],"potions_floor_usage":[50,50],"damage_taken":[{"damage":9.0,"enemies":"Jaw Worm","floor":1.0,"turns":4.0},{"damage":15.0,"enemies":"Small Slimes","floor":2.0,"turns":4.0},{"damage":0.0,"enemies":"Cultist","floor":5.0,"turns":2.0},{"damage":30.0,"enemies":"3 Sentries","floor":7.0,"turns":7.0},{"damage":7.0,"enemies":"Exordium Wildlife","floor":10.0,"turns":5.0},{"damage":0.0,"enemies":"2 Fungi Beasts","floor":11.0,"turns":2.0},{"damage":22.0,"enemies":"Large Slime","floor":12.0,"turns":5.0},{"damage":0.0,"enemies":"Lagavulin","floor":13.0,"turns":7.0},{"damage":1.0,"enemies":"3 Louse","floor":14.0,"turns":3.0},{"damage":45.0,"enemies":"The Guardian","floor":16.0,"turns":12.0},{"damage":8.0,"enemies":"3 Byrds","floor":18.0,"turns":4.0},{"damage":0.0,"enemies":"Spheric Guardian","floor":21.0,"turns":2.0},{"damage":16.0,"enemies":"Slavers","floor":23.0,"turns":3.0},{"damage":6.0,"enemies":"Gremlin Leader","floor":25.0,"turns":3.0},{"damage":6.0,"enemies":"Snake Plant","floor":28.0,"turns":1.0},{"damage":0.0,"enemies":"Snecko","floor":29.0,"turns":2.0},{"damage":26.0,"enemies":"Slavers","floor":31.0,"turns":3.0},{"damage":62.0,"enemies":"Collector","floor":33.0,"turns":6.0},{"damage":9.0,"enemies":"3 Darklings","floor":35.0,"turns":2.0},{"damage":17.0,"enemies":"3 Shapes","floor":38.0,"turns":3.0},{"damage":16.0,"enemies":"Nemesis","floor":40.0,"turns":3.0},{"damage":28.0,"enemies":"2 Orb Walkers","floor":44.0,"turns":2.0},{"damage":13.0,"enemies":"3 Darklings","floor":46.0,"turns":3.0},{"damage":42.0,"enemies":"Mind Bloom Boss Battle","floor":48.0,"turns":3.0},{"damage":104,"enemies":"Awakened One","floor":50,"turns":5}],"seed_played":"3252573533701902922","potions_obtained":[{"floor":1.0,"key":"ElixirPotion"},{"floor":2.0,"key":"AttackPotion"},{"floor":11.0,"key":"PowerPotion"},{"floor":16.0,"key":"Energy Potion"},{"floor":23.0,"key":"BloodPotion"},{"floor":29.0,"key":"AttackPotion"},{"floor":33.0,"key":"Strength Potion"},{"floor":38.0,"key":"Block Potion"},{"floor":40.0,"key":"BloodPotion"},{"floor":44.0,"key":"CultistPotion"}],"is_trial":false,"path_per_floor":["M","M","?","?","M","R","E","R","T","M","M","M","E","M","R","B",null,"M","?","?","M","$","E","R","E","T","R","M","M","R","E","R","B",null,"M","$","?","M","$","E","R","?","T","?","R","M","R","?","R","B"],"character_chosen":"IRONCLAD","items_purchased":["Lantern","Fruit Juice","Inflame","PreservedInsect","Bandage Up"],"campfire_rested":3,"item_purchase_floors":[22,36,36,39,39],"current_hp_per_floor":[85,76,76,76,82,82,58,58,58,57,63,47,53,58,86,47,84,82,82,82,88,88,78,78,78,78,78,78,84,84,83,83,40,82,79,84,84,73,73,87,87,87,87,69,99,92,92,69,99,1,1],"gold":359,"neow_bonus":"TWENTY_PERCENT_HP_BONUS","is_daily":false,"chose_seed":false,"campfire_upgraded":7,"win_rate":0.0,"timestamp":1608170794,"path_taken":["M","M","?","?","M","R","E","R","T","M","M","M","E","?","R","BOSS","M","?","?","M","$","E","R","E","T","R","M","M","R","E","R","BOSS","M","$","?","M","$","E","R","?","T","?","R","M","R","?","R","BOSS"],"items_purchased_type":["Relic","Potion","Card","Relic","Card"],"build_version":"2020-12-13","purchased_purges":0,"victory":false,"max_hp_per_floor":[96,96,96,96,96,96,96,96,96,96,96,96,96,96,96,96,96,96,96,96,96,96,96,96,96,96,96,96,96,96,96,96,96,96,96,101,101,101,101,101,101,101,101,101,101,101,101,101,101,101,101],"card_choices":[{"not_picked":["Feel No Pain","Clothesline"],"picked":"Twin Strike","floor":1.0},{"not_picked":["Metallicize","Sword Boomerang"],"picked":"Shrug It Off","floor":2.0},{"not_picked":["Clothesline","Rage"],"picked":"Cleave","floor":5.0},{"not_picked":["Metallicize","Pommel Strike"],"picked":"Armaments","floor":7.0},{"not_picked":["Hemokinesis","Flex"],"picked":"Perfected Strike","floor":10.0},{"not_picked":["Sever Soul","Flex"],"picked":"Perfected Strike","floor":11.0},{"not_picked":["Impervious","Entrench"],"picked":"Armaments","floor":12.0},{"not_picked":["Offering","Anger"],"picked":"Twin Strike","floor":13.0},{"not_picked":["Anger","Armaments","Second Wind"],"picked":"SKIP","floor":14.0},{"not_picked":["Juggernaut","Berserk"],"picked":"Offering","floor":16.0},{"not_picked":[],"picked":"Power Through+1","floor":18.0},{"not_picked":[],"picked":"Twin Strike","floor":21.0},{"not_picked":["Power Through"],"picked":"SKIP","floor":23.0},{"not_picked":["Rampage"],"picked":"SKIP","floor":25.0},{"not_picked":[],"picked":"Rage","floor":28.0},{"not_picked":[],"picked":"Bloodletting","floor":29.0},{"not_picked":[],"picked":"Twin Strike","floor":31.0},{"not_picked":[],"picked":"Juggernaut","floor":33.0},{"not_picked":["Evolve"],"picked":"SKIP","floor":35.0},{"not_picked":[],"picked":"Twin Strike","floor":38.0},{"not_picked":["Fire Breathing"],"picked":"SKIP","floor":40.0},{"not_picked":["Headbutt"],"picked":"SKIP","floor":46.0},{"not_picked":[],"picked":"Flame Barrier","floor":48.0}],"player_experience":181368,"relics_obtained":[{"floor":7.0,"key":"MawBank"},{"floor":9.0,"key":"Nunchaku"},{"floor":13.0,"key":"StrikeDummy"},{"floor":23.0,"key":"Juzu Bracelet"},{"floor":25.0,"key":"Pantograph"},{"floor":26.0,"key":"Vajra"},{"floor":31.0,"key":"Whetstone"},{"floor":40.0,"key":"Ancient Tea Set"},{"floor":44.0,"key":"Thread and Needle"},{"floor":48.0,"key":"Unceasing Top"}],"event_choices":[{"damage_healed":0.0,"max_hp_gain":0.0,"max_hp_loss":0.0,"gold_gain":0.0,"event_name":"Living Wall","player_choice":"Grow","floor":3.0,"gold_loss":0.0,"damage_taken":0.0,"cards_upgraded":["Twin Strike"]},{"damage_healed":0.0,"max_hp_gain":0.0,"max_hp_loss":0.0,"gold_gain":0.0,"event_name":"WeMeetAgain","player_choice":"Gave Potion","floor":4.0,"gold_loss":0.0,"damage_taken":0.0,"relics_obtained":["Centennial Puzzle"]},{"damage_healed":0.0,"max_hp_gain":0.0,"max_hp_loss":0.0,"gold_gain":0.0,"event_name":"Back to Basics","player_choice":"Simplicity","floor":20.0,"gold_loss":0.0,"damage_taken":0.0,"cards_upgraded":["Strike_R","Strike_R","Strike_R","Strike_R","Strike_R","Defend_R","Defend_R","Defend_R","Defend_R"]},{"damage_healed":0.0,"max_hp_gain":0.0,"max_hp_loss":0.0,"gold_gain":0.0,"event_name":"Tomb of Lord Red Mask","player_choice":"Ignored","floor":37.0,"gold_loss":0.0,"damage_taken":0.0},{"damage_healed":0.0,"max_hp_gain":0.0,"max_hp_loss":0.0,"gold_gain":0.0,"event_name":"SensoryStone","player_choice":"Memory 1","floor":42.0,"gold_loss":0.0,"damage_taken":0.0},{"damage_healed":0.0,"max_hp_gain":0.0,"max_hp_loss":0.0,"gold_gain":0.0,"event_name":"Mysterious Sphere","player_choice":"Fight","floor":44.0,"gold_loss":0.0,"damage_taken":0.0},{"damage_healed":0.0,"max_hp_gain":0.0,"max_hp_loss":0.0,"gold_gain":0.0,"event_name":"MindBloom","player_choice":"Fight","floor":48.0,"gold_loss":0.0,"damage_taken":0.0}],"is_beta":false,"boss_relics":[{"not_picked":["Tiny House","Black Star"],"picked":"Busted Crown"},{"not_picked":["Cursed Key","Coffee Dripper"],"picked":"Runic Cube"}],"items_purged_floors":[],"is_endless":false,"potions_floor_spawned":[1,2,11,16,23,28,29,33,38,40,44],"killed_by":"Awakened One","ascension_level":12}}