{"host":"qgwlv9366poilr0p","time":1608193647,"event":{"mods":["BaseMod","Colored Powertips","Dota2Spire","Friendly Minions","Halation","Hubris","Infinite Spire","Minty Spire (QoL Compilation)","Relic Stats","Replay The Spire","Shop Mod","StSLib","The Blue Laboratory","vexMod"],"gold_per_floor":[117,117,117,133,113,113,113],"floor_reached":6,"playtime":265,"items_purged":[],"score":60,"play_id":"6ee0187b-2d01-44d6-9856-5917772be594","local_time":"20201217092727","is_ascension_mode":true,"campfire_choices":[],"circlet_count":0,"master_deck":["AscendersBane","Strike_B","Strike_B","Strike_B","Strike_B","Defend_B","Defend_B","Defend_B","Defend_B","Dualcast","Clumsy","Skim","Creative AI+1","Cold Snap"],"relics":["Cracked Core","Dota2Spire:Bloodstone","Golden Idol"],"acts_visited":["Exordium"],"potions_floor_usage":[6],"damage_taken":[{"damage":1,"enemies":"Cultist","floor":1,"turns":4},{"damage":8,"enemies":"Jaw Worm","floor":4,"turns":4},{"damage":57,"enemies":"Gremlin Nob","floor":6,"turns":5}],"seed_played":"607138337651440269","potions_obtained":[{"floor":5,"key":"Adrenaline Potion"}],"is_trial":false,"path_per_floor":["M","?","?","M","?","E"],"character_chosen":"DEFECT","items_purchased":[],"campfire_rested":0,"item_purchase_floors":[],"current_hp_per_floor":[63,63,63,55,55,0,0],"gold":113,"neow_bonus":"CURSED_BOSS_RELIC","is_daily":false,"chose_seed":false,"campfire_upgraded":0,"win_rate":0.0,"timestamp":1608193647,"path_taken":["M","?","?","M","?","E"],"items_purchased_type":[],"build_version":"2020-12-13","purchased_purges":0,"victory":false,"max_hp_per_floor":[71,71,64,64,64,64,64],"relic_stats":{"counters":[3,13],"Golden Idol":3,"obtain_stats":[{"Golden Idol":3,"Dota2Spire:Bloodstone":0,"Cracked Core":0},{"Golden Idol":1,"Dota2Spire:Bloodstone":0,"Cracked Core":0},{"Golden Idol":4,"Dota2Spire:Bloodstone":0,"Cracked Core":0}]},"card_choices":[{"not_picked":["Streamline","Rebound"],"picked":"Skim","floor":1},{"not_picked":["Redo","Leap"],"picked":"Cold Snap","floor":4}],"player_experience":1053754,"relics_obtained":[],"event_choices":[{"damage_healed":0,"gold_gain":0,"player_choice":"Lose Max HP","damage_taken":0,"relics_obtained":["Golden Idol"],"max_hp_gain":0,"max_hp_loss":7,"event_name":"Golden Idol","floor":3,"gold_loss":0},{"damage_healed":0,"gold_gain":0,"player_choice":"Bought 1 Potion","damage_taken":0,"max_hp_gain":0,"max_hp_loss":0,"event_name":"The Woman in Blue","floor":5,"gold_loss":0}],"is_beta":false,"boss_relics":[],"items_purged_floors":[],"is_endless":false,"potions_floor_spawned":[],"killed_by":"Gremlin Nob","ascension_level":15}}