{"host":"2lo6hma6kymb0g9i","time":1608179349,"event":{"mods":["BaseMod","Colored Map","DeckTracker","Minty Spire (QoL Compilation)"],"gold_per_floor":[14,24,24,41,41,74,74,102,102,102,102],"floor_reached":10,"playtime":534,"items_purged":[],"score":125,"play_id":"47380842-1f6a-4c95-beca-35f7c8045102","local_time":"20201217132909","is_ascension_mode":true,"campfire_choices":[{"data":"Neutralize","floor":7,"key":"SMITH"}],"circlet_count":0,"master_deck":["AscendersBane","Strike_G","Strike_G","Strike_G","Strike_G","Defend_G","Defend_G","Defend_G","Defend_G","Defend_G","Survivor","Neutralize+1","Deflect","Flying Knee","Blade Dance","Quick Slash"],"relics":["Ring of the Snake","Girya","Pantograph","Potion Belt","The Courier"],"acts_visited":["Exordium"],"potions_floor_usage":[6,6],"damage_taken":[{"damage":2,"enemies":"Small Slimes","floor":1,"turns":4},{"damage":1,"enemies":"Cultist","floor":2,"turns":4},{"damage":0,"enemies":"2 Louse","floor":4,"turns":4},{"damage":28,"enemies":"Lagavulin","floor":6,"turns":6},{"damage":31,"enemies":"3 Sentries","floor":8,"turns":14},{"damage":0,"enemies":"Gremlin Nob","floor":10,"turns":2}],"seed_played":"8163831754834932948","potions_obtained":[{"floor":1,"key":"SneckoOil"},{"floor":2,"key":"Strength Potion"}],"is_trial":false,"path_per_floor":["M","M","?","M","$","E","R","E","T","E"],"character_chosen":"THE_SILENT","items_purchased":[],"campfire_rested":0,"item_purchase_floors":[],"current_hp_per_floor":[61,60,60,60,60,32,32,1,1,1,1],"gold":102,"neow_bonus":"ONE_RARE_RELIC","is_daily":false,"chose_seed":false,"campfire_upgraded":1,"win_rate":0.0,"timestamp":1608179349,"path_taken":["M","M","?","M","?","E","R","E","T","E"],"items_purchased_type":[],"build_version":"2020-12-13","purchased_purges":0,"victory":false,"max_hp_per_floor":[70,70,70,70,70,70,70,70,70,70,70],"card_choices":[{"not_picked":["Setup","Crippling Poison"],"picked":"Deflect","floor":1},{"not_picked":["Endless Agony","Concentrate","Bane"],"picked":"SKIP","floor":2},{"not_picked":["Acrobatics","Outmaneuver"],"picked":"Flying Knee","floor":4},{"not_picked":["Reflex","Bouncing Flask"],"picked":"Blade Dance","floor":6},{"not_picked":["Flying Knee","Poisoned Stab"],"picked":"Quick Slash","floor":8}],"player_experience":811296,"relics_obtained":[{"floor":6,"key":"Pantograph"},{"floor":8,"key":"Potion Belt"},{"floor":9,"key":"The Courier"}],"event_choices":[{"cards_removed":["Strike_G"],"damage_healed":0,"gold_gain":0,"player_choice":"Offered Basic","damage_taken":0,"max_hp_gain":0,"max_hp_loss":0,"event_name":"Bonfire Elementals","floor":3,"gold_loss":0}],"is_beta":false,"boss_relics":[],"items_purged_floors":[],"is_endless":false,"potions_floor_spawned":[1,2],"killed_by":"Gremlin Nob","ascension_level":13}}