{"host":"tj57avznel0uzvp6","time":1608233706,"event":{"mods":["BaseMod","Downfall","Glutton Mod","Minty Spire (QoL Compilation)","Remove Card Discount Mod","Replay The Spire","StSLib"],"gold_per_floor":[116,116,131,131,149,149,149,149,149,149,149,149,149,149,149,246,246,264,264,94,110,129,129,129,129,154,154,174,174,273,284,284,388,388,408,408,257,257,532,532,550,550,550,550,560,560,560,481,481,583,583,602,370,382,166,203,203,203,203,203,203,203,203,203,222,222,322,422,440,440,440,440,440,440,440,440,467,467,467,170,189,189,189,294,294,308,319,319,238,238,238,238,238,238],"floor_reached":93,"playtime":3807,"items_purged":[],"score":2096,"play_id":"1d47bb09-58af-468b-8091-a6c1009b2500","local_time":"20201217123506","daily_mods":["Red Cards","Colorless Cards","Time Dilation","Flight"],"is_ascension_mode":false,"campfire_choices":[{"data":"Echo Form","floor":6,"key":"SMITH"},{"data":"Glutton:StarvationMode","floor":7,"key":"SMITH"},{"data":"Metallicize","floor":10,"key":"SMITH"},{"data":"Slimebound:DuplicatedForm","floor":12,"key":"SMITH"},{"data":"Demon Form","floor":15,"key":"SMITH"},{"floor":23,"key":"REST"},{"floor":24,"key":"REST"},{"data":"Mayhem","floor":25,"key":"SMITH"},{"data":"Guardian:ConstructionForm","floor":27,"key":"SMITH"},{"floor":32,"key":"REST"},{"data":"Rampage","floor":40,"key":"SMITH"},{"data":"Immolate","floor":42,"key":"SMITH"},{"floor":46,"key":"REST"},{"data":"Power Through","floor":47,"key":"SMITH"},{"data":"Metallicize","floor":49,"key":"SMITH"},{"data":"Fire Breathing","floor":57,"key":"SMITH"},{"data":"Feed","floor":58,"key":"SMITH"},{"floor":61,"key":"REST"},{"data":"Flame Barrier","floor":63,"key":"SMITH"},{"data":"ReplayTheSpireMod:Limb From Limb","floor":66,"key":"SMITH"},{"floor":74,"key":"REST"},{"data":"expansioncontent:DefensiveMode","floor":75,"key":"SMITH"},{"data":"Impervious","floor":76,"key":"SMITH"},{"floor":78,"key":"REST"},{"floor":79,"key":"REST"},{"data":"Ghostly Armor","floor":83,"key":"SMITH"},{"data":"Cleave","floor":83,"key":"SMITH"},{"floor":91,"key":"REST"},{"floor":92,"key":"REST"}],"circlet_count":0,"master_deck":["Demon Form+1","Wraith Form v2","Echo Form+1","DevaForm","Glutton:StarvationMode+1","Guardian:ConstructionForm+1","Slimebound:DuplicatedForm+1","sneckomod:SerpentMind","Strike_R","Strike_R","Strike_R","Strike_R","Strike_R+1","Defend_R+1","Defend_R","Defend_R+1","Defend_R","Anger+1","Survivor","Neutralize+1","Wild Strike+1","Entrench+1","Metallicize+1","Immolate+1","Replay:Undeath\u0027s Touch","Mayhem+1","Shrug It Off+1","expansioncontent:DefensiveStance+1","Flame Barrier+1","Good Instincts","Perfected Strike+1","Demon Form+1","expansioncontent:DefensiveMode+1","Metallicize+1","Rampage+1","expansioncontent:BronzeBeam","Regret","Uppercut+1","Power Through+1","Replay:SS_hec_4+1","Metallicize+1","Feed+1","ReplayTheSpireMod:Corrosion Curse+1","ReplayTheSpireMod:Limb From Limb+1","Ghostly Armor+1","Fire Breathing+1","ReplayTheSpireMod:Splinters","Cleave+1","Impervious+1","Heavy Blade+1","Cleave+1","Barricade","Shockwave+1","Sword Boomerang+1","Replay:SS_forest_6","Combust+1"],"relics":["Burning Blood","replay:Trail_Library","Du-Vu Doll","Counterbalance","Vajra","expansioncontent:StudyCardRelic","Replay:Baseball","Enchiridion","Mark of Pain","Darkstone Periapt","replay:Trail_Library","champ:Barbells","Regal Pillow","Gambling Chip","InkBottle","Durian","Replay:Wanted Poster","Replay:Arrowhead","Nloth\u0027s Gift","SlaversCollar"],"acts_visited":["Exordium","TheCity","TheBeyond","Exordium","TheCity","TheBeyond"],"potions_floor_usage":[22,28,67,67,69,69,84,87,93,93],"damage_taken":[{"damage":2,"enemies":"Small Slimes","floor":1,"turns":4},{"damage":0,"enemies":"Cultist","floor":3,"turns":4},{"damage":2,"enemies":"2 Louse","floor":5,"turns":4},{"damage":30,"enemies":"Fading Forest","floor":16,"turns":9},{"damage":0,"enemies":"Spheric Guardian","floor":18,"turns":3},{"damage":17,"enemies":"Shell Parasite","floor":21,"turns":4},{"damage":51,"enemies":"Snake Plant","floor":22,"turns":7},{"damage":30,"enemies":"Centurion and Healer","floor":28,"turns":6},{"damage":0,"enemies":"3 Cultists","floor":31,"turns":4},{"damage":65,"enemies":"Collector","floor":33,"turns":10},{"damage":9,"enemies":"3 Darklings","floor":35,"turns":6},{"damage":11,"enemies":"Orb Walker","floor":41,"turns":5},{"damage":16,"enemies":"4 Shapes","floor":45,"turns":3},{"damage":43,"enemies":"Donu and Deca","floor":50,"turns":9},{"damage":28,"enemies":"Cultist","floor":52,"turns":4},{"damage":27,"enemies":"2 Louse","floor":54,"turns":2},{"damage":5,"enemies":"Small Slimes","floor":65,"turns":3},{"damage":6,"enemies":"Fading Forest","floor":67,"turns":11},{"damage":37,"enemies":"3 Byrds","floor":69,"turns":6},{"damage":68,"enemies":"Slavers","floor":77,"turns":5},{"damage":0,"enemies":"Chosen","floor":81,"turns":4},{"damage":58,"enemies":"Pondfish","floor":84,"turns":7},{"damage":55,"enemies":"3 Darklings","floor":86,"turns":7},{"damage":47,"enemies":"3 Shapes","floor":87,"turns":4},{"damage":176,"enemies":"Transient","floor":93,"turns":5}],"seed_played":"-3084167431689097293","potions_obtained":[{"floor":16,"key":"ElixirPotion"},{"floor":18,"key":"Explosive Potion"},{"floor":21,"key":"BloodPotion"},{"floor":31,"key":"LifebloodPotion"},{"floor":35,"key":"Dexterity Potion"},{"floor":45,"key":"Block Potion"},{"floor":86,"key":"Fire Potion"},{"floor":87,"key":"BloodPotion"}],"is_trial":true,"path_per_floor":["M","?","M","?","M","R","R","$","T","R","$","R","?","?","R","B",null,"M","?","$","M","M","R","R","R","T","R","M","?","?","M","R","B",null,"M","?","$","?","?","R","M","R","T","?","M","R","R","$","R","B",null,"M","$","M","$","?","R","R","?","T","R","?","R","?","M","R","B",null,"M","?","?","?","$","R","R","R","E","R","R","$","M","?","R","B",null,"M","M","?","$","?","R","R","M"],"character_chosen":"IRONCLAD","items_purchased":["Mayhem","Metallicize","Rampage","Metallicize","champ:Barbells","ReplayTheSpireMod:Limb From Limb","Regal Pillow","Fire Breathing","Replay:Arrowhead","Combust"],"campfire_rested":10,"item_purchase_floors":[20,37,37,48,53,53,55,55,80,89],"current_hp_per_floor":[80,80,80,80,80,80,80,80,80,80,80,80,80,80,80,71,80,80,80,80,69,40,64,80,80,80,80,56,40,40,46,70,41,80,77,77,77,77,77,77,72,72,72,72,62,80,80,80,80,43,80,73,73,67,67,73,73,73,73,73,86,86,86,91,91,91,91,91,60,60,60,60,60,91,91,91,29,71,91,91,91,91,91,39,91,42,33,33,33,33,75,91,0,0],"gold":238,"neow_bonus":"","is_daily":false,"chose_seed":false,"campfire_upgraded":19,"win_rate":0.0,"timestamp":1608233706,"path_taken":["M","?","M","?","?","R","R","$","T","R","$","R","?","?","R","BOSS","M","?","$","M","M","R","R","R","T","R","?","?","?","M","R","BOSS","M","?","$","?","?","R","?","R","T","?","M","R","R","$","R","BOSS","M","$","?","$","?","R","R","?","T","R","?","R","?","M","R","BOSS","M","?","?","?","$","R","R","R","E","R","R","$","M","?","R","BOSS","M","?","?","$","?","R","R","?"],"items_purchased_type":["Card","Card","Card","Card","Relic","Card","Relic","Card","Relic","Card"],"build_version":"2020-12-13","purchased_purges":0,"victory":false,"max_hp_per_floor":[80,80,80,80,80,80,80,80,80,80,80,80,80,80,80,80,80,80,80,80,80,80,80,80,80,80,80,80,80,80,80,80,80,80,80,80,80,80,80,80,80,80,80,80,80,80,80,80,80,80,80,80,80,80,80,86,86,86,86,86,86,86,86,91,91,91,91,91,91,91,91,91,91,91,91,91,91,91,91,91,91,91,91,91,91,91,91,91,91,91,91,91,91,91],"card_choices":[{"not_picked":["Replay:Undeath\u0027s Touch","Havoc"],"picked":"Anger","floor":1},{"not_picked":["Warcry","Twin Strike"],"picked":"Wild Strike","floor":3},{"not_picked":["ReplayTheSpireMod:LeadingStrike","Flex"],"picked":"Entrench","floor":5},{"not_picked":["Bludgeon","Eclipse"],"picked":"Immolate","floor":16},{"not_picked":["Armaments","ReplayTheSpireMod:Muscle Training"],"picked":"Replay:Undeath\u0027s Touch","floor":18},{"not_picked":["Replay:Undeath\u0027s Touch","Thunderclap"],"picked":"Shrug It Off+1","floor":21},{"not_picked":["Discovery","Thunderclap+1"],"picked":"expansioncontent:DefensiveStance+1","floor":22},{"not_picked":["Anger","Warcry+1"],"picked":"Good Instincts","floor":28},{"not_picked":["Thunderclap","Wild Strike+1"],"picked":"Perfected Strike+1","floor":31},{"not_picked":["Midas Touch","Transmutation"],"picked":"Demon Form","floor":33},{"not_picked":["Massacre","Havoc"],"picked":"expansioncontent:DefensiveMode","floor":35},{"not_picked":["expansioncontent:FaceSlap","Jack Of All Trades"],"picked":"expansioncontent:BronzeBeam","floor":38},{"not_picked":["Warcry","Iron Wave+1"],"picked":"Uppercut","floor":41},{"not_picked":["expansioncontent:BronzeBeam","Thunderclap+1"],"picked":"Replay:SS_hec_4+1","floor":45},{"not_picked":["Replay:Resounding Blow","Poisoned Strike"],"picked":"Feed","floor":50},{"not_picked":["expansioncontent:Chronoboost","Armaments"],"picked":"ReplayTheSpireMod:Corrosion Curse","floor":52},{"not_picked":["Sword Boomerang","Body Slam"],"picked":"Ghostly Armor","floor":54},{"not_picked":["Iron Wave","Enlightenment","Flex"],"picked":"SKIP","floor":65},{"not_picked":["Replay:Resounding Blow","Fiend Fire"],"picked":"Impervious","floor":67},{"not_picked":["Replay:Undeath\u0027s Touch+1","Warcry"],"picked":"Heavy Blade+1","floor":69},{"not_picked":["Dropkick","Pommel Strike"],"picked":"Cleave","floor":77},{"not_picked":["Shrug It Off","ReplayTheSpireMod:Strike From Hell","expansioncontent:GoopSpray+1"],"picked":"SKIP","floor":81},{"not_picked":["Bludgeon","ReplayUltimateDefense"],"picked":"Barricade","floor":84},{"not_picked":["Headbutt","ReplayTheSpireMod:Trickstab"],"picked":"Shockwave","floor":86},{"not_picked":["Body Slam","Bludgeon"],"picked":"Sword Boomerang+1","floor":87},{"not_picked":["expansioncontent:DefensiveMode","Specialist"],"picked":"Replay:SS_forest_6","floor":88}],"player_experience":562381,"relics_obtained":[{"floor":9,"key":"Counterbalance"},{"floor":26,"key":"Replay:Baseball"},{"floor":29,"key":"Enchiridion"},{"floor":43,"key":"Darkstone Periapt"},{"floor":56,"key":"Gambling Chip"},{"floor":60,"key":"InkBottle"}],"event_choices":[{"cards_removed":["hexamod:ParanormalForm"],"damage_healed":0,"gold_gain":0,"player_choice":"Gave Card","damage_taken":0,"relics_obtained":["Du-Vu Doll"],"max_hp_gain":0,"max_hp_loss":0,"event_name":"WeMeetAgain","floor":4,"gold_loss":0},{"damage_healed":0,"gold_gain":0,"player_choice":"Ignored","damage_taken":0,"max_hp_gain":0,"max_hp_loss":0,"event_name":"Shining Light","floor":13,"gold_loss":0},{"damage_healed":0,"gold_gain":0,"player_choice":"Searched \u00271\u0027 times","damage_taken":0,"relics_obtained":["Vajra"],"max_hp_gain":0,"max_hp_loss":0,"event_name":"Dead Adventurer","floor":14,"gold_loss":0},{"damage_healed":0,"gold_gain":0,"player_choice":"Ignored","damage_taken":0,"max_hp_gain":0,"max_hp_loss":0,"event_name":"Purifier","floor":19,"gold_loss":0},{"damage_healed":0,"gold_gain":0,"player_choice":"Obtained Book","damage_taken":16,"max_hp_gain":0,"max_hp_loss":0,"event_name":"Cursed Tome","floor":29,"gold_loss":0},{"damage_healed":0,"gold_gain":99,"player_choice":"Stole From Cult","damage_taken":0,"max_hp_gain":0,"max_hp_loss":0,"event_name":"Nest","floor":30,"gold_loss":0},{"damage_healed":0,"gold_gain":0,"player_choice":"Ignored","damage_taken":0,"max_hp_gain":0,"max_hp_loss":0,"event_name":"Mysterious Sphere","floor":36,"gold_loss":0},{"damage_healed":0,"gold_gain":0,"player_choice":"Memory 1","damage_taken":0,"max_hp_gain":0,"max_hp_loss":0,"event_name":"SensoryStone","floor":38,"gold_loss":0},{"damage_healed":0,"gold_gain":275,"player_choice":"Desecrate","damage_taken":0,"max_hp_gain":0,"max_hp_loss":0,"event_name":"Golden Shrine","floor":39,"gold_loss":0,"cards_obtained":["Regret"]},{"damage_healed":0,"gold_gain":0,"player_choice":"Ignored","damage_taken":0,"max_hp_gain":0,"max_hp_loss":0,"event_name":"Fountain of Cleansing","floor":44,"gold_loss":0},{"damage_healed":0,"gold_gain":0,"player_choice":"Leave","damage_taken":0,"max_hp_gain":0,"max_hp_loss":0,"event_name":"The Cleric","floor":59,"gold_loss":0},{"damage_healed":0,"gold_gain":0,"player_choice":"Searched \u00271\u0027 times","damage_taken":0,"relics_obtained":["Durian"],"max_hp_gain":0,"max_hp_loss":0,"event_name":"Dead Adventurer","floor":64,"gold_loss":0},{"damage_healed":0,"gold_gain":0,"player_choice":"Ignored","damage_taken":0,"max_hp_gain":0,"max_hp_loss":0,"event_name":"Vampires","floor":70,"gold_loss":0},{"damage_healed":0,"gold_gain":0,"player_choice":"Ignored","damage_taken":0,"max_hp_gain":0,"max_hp_loss":0,"event_name":"Ghosts","floor":71,"gold_loss":0},{"damage_healed":0,"gold_gain":0,"player_choice":"Inject Mutagens","damage_taken":0,"relics_obtained":["MutagenicStrength"],"max_hp_gain":0,"max_hp_loss":0,"event_name":"Drug Dealer","floor":72,"gold_loss":0},{"damage_healed":0,"gold_gain":0,"player_choice":"Traded Relic","damage_taken":0,"relics_obtained":["Nloth\u0027s Gift"],"max_hp_gain":0,"max_hp_loss":0,"event_name":"N\u0027loth","floor":82,"relics_lost":["MutagenicStrength"],"gold_loss":0},{"damage_healed":0,"gold_gain":0,"player_choice":"Memory 1","damage_taken":0,"max_hp_gain":0,"max_hp_loss":0,"event_name":"SensoryStone","floor":88,"gold_loss":0},{"damage_healed":0,"gold_gain":0,"player_choice":"Ignored","damage_taken":0,"max_hp_gain":0,"max_hp_loss":0,"event_name":"Purifier","floor":90,"gold_loss":0}],"is_beta":false,"boss_relics":[{"not_picked":["Philosopher\u0027s Stone","SacredBark"],"picked":"expansioncontent:StudyCardRelic"},{"not_picked":["Replay:Cursed D8","Replay:Drink Me"],"picked":"Mark of Pain"},{"not_picked":["Astrolabe","Replay:Grab Bag","Empty Cage"]},{"not_picked":["Sozu","Snecko Eye"],"picked":"Replay:Wanted Poster"},{"not_picked":["SacredBark","Cursed Key"],"picked":"SlaversCollar"}],"items_purged_floors":[],"is_endless":true,"potions_floor_spawned":[16,18,21,31,35,45,65,77,86,87],"killed_by":"Transient","ascension_level":0}}