{"host":"y30n8hbqlqxhztg8","time":1608239834,"event":{"mods":["A Magickal Journey","AchievementEnabler","BaseMod","BetterRewards","Block Reminder","CatGirl Mod","Colored Map","Conspire","Downfall","GifTheSpireLib","Glutton Mod","Hubris","Infinite Spire","Koishi","Lobotomy","LobotomyExtend","Marisa????????","Minty Spire (QoL Compilation)","Prisma Mod","Replay The Spire","Shop Mod","Somnambulant","StSLib","Stuff the Spire","The Factory","The Forsaken","The Jungle","[IsaacMod]????"],"gold_per_floor":[113,113,215,229,229,261,159,184,184,201,201,233,243,261,261,360,360,372,372,405,405,425,425,458,458,511,511,511,359,370,401,401,401,401],"floor_reached":33,"playtime":1188,"items_purged":["ReplayTheSpireMod:Splinters"],"score":394,"play_id":"dad4b7e6-39ce-48df-8074-1d32b3bccd12","local_time":"20201217131714","is_ascension_mode":true,"campfire_choices":[{"floor":11,"key":"REST"},{"data":"Feed","floor":15,"key":"SMITH"},{"floor":23,"key":"REST"},{"floor":25,"key":"REST"},{"floor":28,"key":"REST"},{"floor":32,"key":"REST"}],"circlet_count":0,"master_deck":["Strike_R","Strike_R","Strike_R","Strike_R","Strike_R","Defend_R+1","Defend_R+1","Defend_R","Defend_R","Bash","Clothesline","Thunderclap","Cleave","ReplayTheSpireMod:Strike From Hell","Rampage","Feed+1","StuffTheSpire:Innocence","Perfected Strike","Perfected Strike","Ghostly Armor","Demon Form","Heavy Blade+1","Rampage","Anger","Disarm","Life Link"],"relics":["Burning Blood","HushsDoor","NineVolt","LetterFromLob","BlankCard","hubris:PeanutButter","Sozu","War Paint","Red Mask","Regal Pillow","Membership Card","hubris:ToyBattleship"],"acts_visited":["Exordium","TheCity"],"potions_floor_usage":[6,20,22,24],"damage_taken":[{"damage":5,"enemies":"2 Louse","floor":1,"turns":3},{"damage":11,"enemies":"Jaw Worm","floor":4,"turns":2},{"damage":25,"enemies":"Gremlin Nob","floor":6,"turns":5},{"damage":18,"enemies":"Lagavulin","floor":8,"turns":3},{"damage":0,"enemies":"Small Slimes","floor":10,"turns":3},{"damage":11,"enemies":"3 Sentries","floor":12,"turns":4},{"damage":0,"enemies":"Red Slaver","floor":13,"turns":4},{"damage":2,"enemies":"Gremlin Gang","floor":14,"turns":3},{"damage":0,"enemies":"Fading Forest","floor":16,"turns":11},{"damage":14,"enemies":"Shell Parasite","floor":18,"turns":7},{"damage":40,"enemies":"Masked Bandits","floor":20,"turns":6},{"damage":22,"enemies":"3 Byrds","floor":22,"turns":5},{"damage":49,"enemies":"Gremlin Leader","floor":24,"turns":5},{"damage":28,"enemies":"Snake Plant","floor":30,"turns":4},{"damage":55,"enemies":"Slavers","floor":31,"turns":6},{"damage":74,"enemies":"Champ","floor":33,"turns":9}],"seed_played":"6146010126919864341","potions_obtained":[{"floor":0,"key":"SteroidPotion"},{"floor":0,"key":"Reflective Coating"},{"floor":0,"key":"champ:CounterPotion"},{"floor":14,"key":"SkillPotion"}],"is_trial":false,"path_per_floor":["M","?","?","M","?","E","$","E","T","M","R","E","M","M","R","B",null,"M","AVR","?","?","M","R","E","R","T","?","R","$","M","E","R","B"],"character_chosen":"IRONCLAD","items_purchased":["Perfected Strike","Membership Card"],"campfire_rested":5,"item_purchase_floors":[7,29],"current_hp_per_floor":[80,80,80,75,68,52,52,40,40,49,74,72,78,85,85,92,92,84,84,50,50,38,66,23,51,51,51,94,94,72,23,66,0,0],"gold":401,"neow_bonus":"THREE_SMALL_POTIONS","is_daily":false,"chose_seed":false,"campfire_upgraded":1,"win_rate":0.0,"timestamp":1608239834,"path_taken":["M","?","?","?","?","E","$","E","T","M","R","E","?","M","R","BOSS","M","AVR","?","?","?","R","E","R","T","?","R","$","?","E","R","BOSS"],"items_purchased_type":["Card","Relic"],"build_version":"2020-12-13","purchased_purges":1,"victory":false,"max_hp_per_floor":[80,80,80,80,80,83,83,83,83,86,86,89,89,92,92,92,92,92,92,92,92,96,96,96,96,96,96,96,96,96,96,96,96,96],"card_choices":[{"not_picked":["Rage","StuffTheSpire:Incineration"],"picked":"Clothesline","floor":0},{"not_picked":["Heavy Blade","Dual Wield"],"picked":"Thunderclap","floor":1},{"not_picked":["Warcry","StuffTheSpire:BloodClot"],"picked":"Cleave","floor":3},{"not_picked":["Power Through","ReplayTheSpireMod:Stacked"],"picked":"ReplayTheSpireMod:Strike From Hell","floor":3},{"not_picked":["Shrug It Off","Sword Boomerang"],"picked":"Rampage","floor":3},{"not_picked":["Shrug It Off","Headbutt"],"picked":"Feed","floor":4},{"not_picked":["Pommel Strike","Havoc"],"picked":"Bomb","floor":6},{"not_picked":["StuffTheSpire:Resist","Run Through","StuffTheSpire:BloodClot"],"picked":"SKIP","floor":8},{"not_picked":["Second Wind","Seeing Red"],"picked":"Bomb","floor":10},{"not_picked":["Body Slam","hubris:SharpeningStone","ReplayTheSpireMod:LeadingStrike"],"picked":"SKIP","floor":12},{"not_picked":["Abandon","Run Through"],"picked":"Perfected Strike","floor":13},{"not_picked":["ReplayTheSpireMod:Strike From Hell","Clash"],"picked":"Ghostly Armor","floor":14},{"not_picked":["hubris:StunningStrike","Berserk"],"picked":"Demon Form","floor":16},{"not_picked":["Pommel Strike","Shockwave"],"picked":"Heavy Blade+1","floor":18},{"not_picked":["StuffTheSpire:Pyroclast+1","Pommel Strike"],"picked":"Rampage","floor":22},{"not_picked":["Defy Death","Feel No Pain+1"],"picked":"Anger","floor":24},{"not_picked":["StuffTheSpire:Incineration","Havoc"],"picked":"Disarm","floor":30},{"not_picked":["Headbutt","Rage"],"picked":"Life Link","floor":31}],"player_experience":74470,"relics_obtained":[{"floor":1,"key":"LetterFromLob"},{"floor":6,"key":"BlankCard"},{"floor":9,"key":"hubris:PeanutButter"},{"floor":20,"key":"Red Mask"},{"floor":26,"key":"Regal Pillow"},{"floor":31,"key":"hubris:ToyBattleship"}],"event_choices":[{"damage_healed":0,"gold_gain":0,"player_choice":"Fought Bandits","damage_taken":0,"max_hp_gain":0,"max_hp_loss":0,"event_name":"Masked Bandits","floor":20,"gold_loss":0},{"damage_healed":0,"gold_gain":0,"player_choice":"Ignored","damage_taken":0,"max_hp_gain":0,"max_hp_loss":0,"event_name":"Ghosts","floor":27,"gold_loss":0}],"is_beta":false,"boss_relics":[{"not_picked":["Runic Pyramid","hubris:Stopwatch","hubris:CrackedHourglass"]}],"items_purged_floors":[7],"is_endless":false,"potions_floor_spawned":[1,6,14,20,30],"killed_by":"Champ","ascension_level":1}}