{"host":"mi0eibewekhugwl1","time":1608207710,"event":{"mods":["AchievementEnabler","BaseMod","Colored Map","Colored Powertips","DeckTracker","Keyboard Shortcuts","Minty Spire (QoL Compilation)","Quick Restart","Rare Cards Sparkle","Relic Stats","StSLib","SuperFastMode","everything is the same but u backflip on backflip"],"gold_per_floor":[110,127,146,71,71,51,69,18,44,63,63,63,76,95,95,167,167,178,194,194,194],"floor_reached":20,"playtime":404,"items_purged":[],"score":340,"play_id":"da1be9e7-0699-463f-9d6e-505c08013dce","local_time":"20201217212150","is_ascension_mode":true,"campfire_choices":[{"data":"Inflame","floor":11,"key":"SMITH"},{"floor":15,"key":"REST"}],"circlet_count":0,"master_deck":["AscendersBane","Strike_R","Strike_R","Strike_R+1","Strike_R","Defend_R","Defend_R","Defend_R+1","Defend_R","Bash+1","Pommel Strike","Carnage","Inflame+1","Evolve","Shrug It Off","Power Through","Second Wind","Impervious","Whirlwind+1"],"relics":["Burning Blood","Centennial Puzzle","SacredBark"],"acts_visited":["Exordium","TheCity"],"potions_floor_usage":[6,10,16,18,20],"damage_taken":[{"damage":10,"enemies":"Small Slimes","floor":1,"turns":4},{"damage":12,"enemies":"2 Louse","floor":2,"turns":3},{"damage":9,"enemies":"Jaw Worm","floor":3,"turns":4},{"damage":22,"enemies":"Exordium Thugs","floor":6,"turns":4},{"damage":10,"enemies":"Gremlin Gang","floor":7,"turns":6},{"damage":1,"enemies":"3 Louse","floor":10,"turns":3},{"damage":5,"enemies":"Blue Slaver","floor":13,"turns":3},{"damage":17,"enemies":"Large Slime","floor":14,"turns":5},{"damage":1,"enemies":"Hexaghost","floor":16,"turns":9},{"damage":14,"enemies":"2 Thieves","floor":18,"turns":5},{"damage":43,"enemies":"3 Byrds","floor":19,"turns":7},{"damage":21,"enemies":"Shelled Parasite and Fungi","floor":20,"turns":4}],"seed_played":"-4851164454580754220","potions_obtained":[{"floor":3,"key":"ColorlessPotion"},{"floor":6,"key":"PowerPotion"},{"floor":7,"key":"Explosive Potion"},{"floor":16,"key":"ColorlessPotion"},{"floor":19,"key":"PowerPotion"}],"is_trial":false,"path_per_floor":["M","M","M","?","?","M","M","$","T","M","R","$","M","M","R","B",null,"M","M","M"],"character_chosen":"IRONCLAD","items_purchased":["Shrug It Off"],"campfire_rested":1,"item_purchase_floors":[8],"current_hp_per_floor":[64,58,55,55,32,16,12,12,12,17,17,17,18,7,29,34,65,57,20,0,0],"gold":194,"neow_bonus":"UPGRADE_CARD","is_daily":false,"chose_seed":false,"campfire_upgraded":1,"win_rate":0.0,"timestamp":1608207710,"path_taken":["M","M","M","?","?","?","M","?","T","?","R","$","M","M","R","BOSS","M","M","M"],"items_purchased_type":["Card"],"build_version":"2020-12-13","purchased_purges":0,"victory":false,"max_hp_per_floor":[75,75,75,75,75,75,75,75,75,75,75,75,75,75,75,75,75,75,75,75,75],"relic_stats":{"Centennial Puzzle":[21],"counters":[12,57],"obtain_stats":[{"Centennial Puzzle":9,"SacredBark":17,"Burning Blood":0},{"Centennial Puzzle":5,"SacredBark":9,"Burning Blood":0},{"Centennial Puzzle":21,"SacredBark":41,"Burning Blood":0}],"Burning Blood":66},"card_choices":[{"not_picked":["Entrench","Twin Strike"],"picked":"Pommel Strike","floor":1},{"not_picked":["Clash","Body Slam"],"picked":"Carnage","floor":2},{"not_picked":["Dark Embrace","Combust","Anger"],"picked":"SKIP","floor":3},{"not_picked":["Evolve","Rage"],"picked":"Inflame","floor":6},{"not_picked":["Whirlwind","Clothesline"],"picked":"Evolve","floor":7},{"not_picked":["Armaments","Anger"],"picked":"Power Through","floor":10},{"not_picked":["Reckless Charge","Heavy Blade","Uppercut"],"picked":"SKIP","floor":13},{"not_picked":["Flex","Dark Embrace"],"picked":"Second Wind","floor":14},{"not_picked":["Bludgeon","Berserk"],"picked":"Impervious","floor":16},{"not_picked":["Heavy Blade","Pommel Strike"],"picked":"Whirlwind+1","floor":18},{"not_picked":["Perfected Strike","Rampage","Flex"],"picked":"SKIP","floor":19}],"player_experience":1685087,"relics_obtained":[{"floor":9,"key":"Centennial Puzzle"}],"event_choices":[{"cards_removed":["Strike_R"],"damage_healed":0,"gold_gain":0,"player_choice":"Card Removal","damage_taken":0,"max_hp_gain":0,"max_hp_loss":0,"event_name":"The Cleric","floor":4,"gold_loss":75},{"damage_healed":0,"gold_gain":0,"player_choice":"Entered Light","damage_taken":23,"max_hp_gain":0,"max_hp_loss":0,"event_name":"Shining Light","floor":5,"gold_loss":0,"cards_upgraded":["Strike_R","Defend_R"]}],"is_beta":false,"boss_relics":[{"not_picked":["Runic Pyramid","Philosopher\u0027s Stone"],"picked":"SacredBark"}],"items_purged_floors":[],"is_endless":false,"potions_floor_spawned":[3,6,7,16,19],"killed_by":"Shelled Parasite and Fungi","ascension_level":20}}