{"host":"94aus4jnk6thj94q","time":1608223651,"event":{"mods":["BaseMod","Minty Spire (QoL Compilation)","Quick Restart","StSLib"],"gold_per_floor":[110,124,144,155,7,7,19,38,106,118,118,42,72,25,25,124,124,140,140,14,14,32,32,45,45],"floor_reached":24,"playtime":1059,"items_purged":["Decay"],"score":200,"play_id":"7cf5f5ab-3425-4505-bae0-fa2cd9b4dc01","local_time":"20201217184731","is_ascension_mode":false,"campfire_choices":[{"floor":6.0,"key":"RECALL"},{"floor":11.0,"key":"REST"},{"floor":15.0,"key":"REST"}],"circlet_count":0,"master_deck":["Strike_B","Strike_B","Strike_B","Strike_B","Defend_B","Defend_B","Defend_B","Defend_B","Zap","Dualcast","Conserve Battery","Melter","Melter","Redo","Cold Snap","Capacitor","Core Surge","Leap","Conserve Battery","BootSequence","Ball Lightning","Glacier"],"relics":["Cracked Core","NeowsBlessing","ClockworkSouvenir","Pear","StoneCalendar","SlaversCollar"],"acts_visited":["Exordium","TheCity"],"potions_floor_usage":[],"damage_taken":[{"damage":0.0,"enemies":"2 Louse","floor":1.0,"turns":1.0},{"damage":0.0,"enemies":"Small Slimes","floor":2.0,"turns":1.0},{"damage":0.0,"enemies":"Cultist","floor":3.0,"turns":1.0},{"damage":0.0,"enemies":"Looter","floor":4.0,"turns":3.0},{"damage":19.0,"enemies":"Exordium Thugs","floor":7.0,"turns":4.0},{"damage":0.0,"enemies":"Gremlin Gang","floor":8.0,"turns":3.0},{"damage":6.0,"enemies":"Red Slaver","floor":10.0,"turns":2.0},{"damage":17.0,"enemies":"Lagavulin","floor":13.0,"turns":8.0},{"damage":20.0,"enemies":"Slime Boss","floor":16.0,"turns":7.0},{"damage":12,"enemies":"Shell Parasite","floor":18,"turns":6},{"damage":26,"enemies":"Chosen","floor":22,"turns":7},{"damage":31,"enemies":"Snake Plant","floor":24,"turns":7}],"seed_played":"6728132130385013917","potions_obtained":[{"floor":4.0,"key":"Explosive Potion"},{"floor":8.0,"key":"Weak Potion"},{"floor":10.0,"key":"Block Potion"},{"floor":22,"key":"EssenceOfDarkness"}],"is_trial":false,"path_per_floor":["M","M","M","M","$","R","M","M","T","M","R","$","E","$","R","B",null,"M","?","$","?","M","?","M"],"character_chosen":"DEFECT","items_purchased":["ClockworkSouvenir","Core Surge","Conserve Battery","Ball Lightning"],"campfire_rested":2,"item_purchase_floors":[5,12,14,20],"current_hp_per_floor":[75,75,75,75,75,75,56,56,66,60,85,85,68,68,85,65,85,73,73,73,67,41,41,10,10],"gold":45,"neow_bonus":"THREE_ENEMY_KILL","is_daily":false,"chose_seed":false,"campfire_upgraded":0,"win_rate":0.0,"timestamp":1608223651,"path_taken":["M","M","M","M","$","R","M","M","T","M","R","$","E","$","R","BOSS","M","?","$","?","?","?","M"],"items_purchased_type":["Relic","Card","Card","Card"],"build_version":"2020-12-13","purchased_purges":1,"victory":false,"max_hp_per_floor":[75,75,75,75,75,75,75,75,85,85,85,85,85,85,85,85,85,85,85,85,85,85,85,85,85],"card_choices":[{"not_picked":["Hologram","Scrape"],"picked":"Conserve Battery","floor":1.0},{"not_picked":["Double Energy","Coolheaded"],"picked":"Melter","floor":2.0},{"not_picked":["Chill","Cold Snap"],"picked":"Melter","floor":3.0},{"not_picked":["Stack","Sweeping Beam"],"picked":"Redo","floor":4.0},{"not_picked":["Coolheaded","Turbo"],"picked":"Cold Snap","floor":7.0},{"not_picked":["Rebound","Hologram","Sweeping Beam"],"picked":"SKIP","floor":8.0},{"not_picked":["Sweeping Beam","Beam Cell"],"picked":"Capacitor","floor":10.0},{"not_picked":["Rebound","Stack"],"picked":"Leap","floor":13.0},{"not_picked":["Tempest+1","Beam Cell"],"picked":"BootSequence","floor":18},{"not_picked":["Ball Lightning","Beam Cell"],"picked":"Glacier","floor":22}],"player_experience":5605086,"relics_obtained":[{"floor":9.0,"key":"Pear"},{"floor":13.0,"key":"StoneCalendar"}],"event_choices":[{"damage_healed":0,"gold_gain":0,"player_choice":"Smashed Altar","damage_taken":0,"max_hp_gain":0,"max_hp_loss":0,"event_name":"Forgotten Altar","floor":19,"gold_loss":0,"cards_obtained":["Decay"]},{"damage_healed":0,"gold_gain":0,"player_choice":"","damage_taken":6,"max_hp_gain":0,"max_hp_loss":0,"event_name":"Knowing Skull","floor":21,"potions_obtained":[],"gold_loss":0,"cards_obtained":[]},{"damage_healed":0,"gold_gain":0,"player_choice":"Leave","damage_taken":0,"max_hp_gain":0,"max_hp_loss":0,"event_name":"FaceTrader","floor":23,"gold_loss":0}],"is_beta":false,"boss_relics":[{"not_picked":["Snecko Eye","Philosopher\u0027s Stone"],"picked":"SlaversCollar"}],"items_purged_floors":[20],"is_endless":false,"potions_floor_spawned":[4,8,10,22],"killed_by":"Snake Plant","ascension_level":0}}