{"host":"kejlps3p6gwyjljy","time":1608191526,"event":{"mods":["Act Like it!","BaseMod","Colored Map","Colored Powertips","Dota2Spire","Downfall","FGO Abigail","Gensokyo","Highlight Path","Minty Spire (QoL Compilation)","Permanent Neow","Quick Restart","Spicy Shops","StSLib","【功能Mod】精心准备","没有小屋子和绿帽子啦"],"gold_per_floor":[150,150,150,165,200,200,200,214,64,95,113,113,133,133,150,255,255,255,288,288,238,45,62,111,140,240,240,240,240,260,260,274,374,374,374,384,384,395,395,422,422,438,470,395,413,513,529,547,613,763,763,843,32,32,82],"floor_reached":56,"playtime":4252,"items_purged":["Normality","Ab_Strike","Pain","SlimyBody"],"score":1655,"play_id":"e46d6801-8635-4d10-8931-38218f78200c","local_time":"20201217155206","is_ascension_mode":false,"campfire_choices":[{"data":"FleetingSanity","floor":1.0,"key":"SMITH"},{"floor":3.0,"key":"RECALL"},{"data":"HolidayWishes","floor":9.0,"key":"SMITH"},{"data":"MysteryKey","floor":18.0,"key":"SMITH"},{"data":"BlackKey","floor":27.0,"key":"SMITH"},{"data":"VoidWhispers","floor":35.0,"key":"SMITH"},{"data":"HolidayWishes","floor":39.0,"key":"SMITH"},{"data":"Night Terror","floor":44.0,"key":"SMITH"},{"data":"Gensokyo:FourOfAKind","floor":54,"key":"SMITH"}],"circlet_count":0,"master_deck":["Ab_Strike","Ab_Strike","Ab_Defend","Ab_Defend","FleetingSanity+1","Kuroboshi","MysteryKey+1","HolidayWishes+1","MeltBrain","AlignStars","BlackKey+1","BadGirl","Slimebound:DuplicatedForm+1","Hitomi","PrayerOfFaith+1","Gensokyo:FourOfAKind","Gensokyo:FourOfAKind","Gensokyo:FourOfAKind","Gensokyo:FourOfAKind+1","Night Terror+1","HolidayWishes+1","Kinoko+1","PantyShot+1","VoidWhispers+1","CurseOfTheBell","SuperMuscular","TentacleSwarm+1","PantyShot+1","Dabigail+1","PrimalTwitch","TeddyBear","Finesse","TentacleSwarm+1","EyesOfMadness","SuperMuscular"],"relics":["Salem_Diary","Dota2Spire:Satanic","Happy Flower","Darkstone Periapt","Mummified Hand","downfall:HeartBlessingRed","downfall:HeartBlessingBlue","Blue Candle","Dota2Spire:Butterfly","expansioncontent:StudyCardRelic","Ornamental Fan","MealTicket","Dota2Spire:EchoSabre","Matryoshka","Molten Egg 2","Juzu Bracelet","Mercury Hourglass","Dota2Spire:EyeOfSkadi","Dota2Spire:DivineRapier","Calling Bell","Dota2Spire:LinkenSphere","Lantern","Unceasing Top","Dota2Spire:ArcaneBoots","Bronze Scales","Dream Catcher","Dota2Spire:LotusOrb","downfall:HeartBlessingGreen","downfall:GremlinSack","Shuriken","Dota2Spire:AghanimScepter","Dota2Spire:OctarineCore","Guardian:BottledAnomaly"],"acts_visited":["Exordium","Gensokyo:Gensokyo","TheBeyond","TheEnding"],"potions_floor_usage":[55,55],"damage_taken":[{"damage":0.0,"enemies":"Gensokyo:3_Fairies","floor":4.0,"turns":4.0},{"damage":0.0,"enemies":"Gensokyo:Mamizou","floor":5.0,"turns":16.0},{"damage":0.0,"enemies":"Gensokyo:2_Kodama","floor":8.0,"turns":4.0},{"damage":12.0,"enemies":"Gensokyo:Cirno","floor":10.0,"turns":7.0},{"damage":4.0,"enemies":"Gensokyo:Gryphon","floor":11.0,"turns":3.0},{"damage":0.0,"enemies":"Gensokyo:LivingMonolith","floor":13.0,"turns":1.0},{"damage":0.0,"enemies":"Gensokyo:2_Rabbits","floor":15.0,"turns":3.0},{"damage":0.0,"enemies":"downfall:Ironclad","floor":16.0,"turns":4.0},{"damage":9.0,"enemies":"Gensokyo:Tenshi","floor":19.0,"turns":2.0},{"damage":15.0,"enemies":"downfall:FleeingMerchant","floor":22.0,"turns":3.0},{"damage":0.0,"enemies":"Gensokyo:AngelMirror","floor":23.0,"turns":1.0},{"damage":6.0,"enemies":"Gensokyo:Reisen","floor":25.0,"turns":3.0},{"damage":15.0,"enemies":"Gensokyo:Reisen","floor":26.0,"turns":2.0},{"damage":33.0,"enemies":"Gensokyo:3_Dogs","floor":30.0,"turns":3.0},{"damage":0.0,"enemies":"Gensokyo:Swordslinger","floor":32.0,"turns":2.0},{"damage":15.0,"enemies":"downfall:Defect","floor":33.0,"turns":4.0},{"damage":15.0,"enemies":"Orb Walker","floor":36.0,"turns":2.0},{"damage":21.0,"enemies":"3 Darklings","floor":38.0,"turns":4.0},{"damage":0.0,"enemies":"Reptomancer","floor":40.0,"turns":1.0},{"damage":17.0,"enemies":"Sphere and 2 Shapes","floor":42.0,"turns":3.0},{"damage":3.0,"enemies":"Giant Head","floor":43.0,"turns":4.0},{"damage":9.0,"enemies":"Jaw Worm Horde","floor":45.0,"turns":3.0},{"damage":0.0,"enemies":"Jaw Worm Horde","floor":46.0,"turns":2.0},{"damage":19.0,"enemies":"Transient","floor":47.0,"turns":5.0},{"damage":5.0,"enemies":"Spire Growth","floor":48.0,"turns":3.0},{"damage":19.0,"enemies":"3 Darklings","floor":49.0,"turns":2.0},{"damage":52.0,"enemies":"downfall:Silent","floor":50.0,"turns":4.0},{"damage":60,"enemies":"downfall:CharBossMerchant","floor":52,"turns":4},{"damage":20,"enemies":"downfall:NeowBoss","floor":55,"turns":12}],"seed_played":"3742898496883096878","potions_obtained":[{"floor":8.0,"key":"ColorlessPotion"},{"floor":15.0,"key":"FearPotion"},{"floor":16.0,"key":"Dexterity Potion"},{"floor":23.0,"key":"FairyPotion"},{"floor":30.0,"key":"PowerPotion"}],"is_trial":false,"path_per_floor":["R","?","R","M","E","?","T","M","R","E","M","?","M","?","M","B",null,"R","E","?","?","$","M","T","E","?","R","?","?","M","?","M","B",null,"R","M","?","M","R","E","T","M","E","R","M","?","M","M","M","B",null,"E","$","R","B",null],"character_chosen":"AbForeigner","items_purchased":["MealTicket","Dota2Spire:EchoSabre","Matryoshka","Dota2Spire:AghanimScepter","Dota2Spire:OctarineCore","Guardian:BottledAnomaly","SuperMuscular"],"campfire_rested":0,"item_purchase_floors":[22,22,22,53,53,53,53],"current_hp_per_floor":[28,28,28,48,48,54,54,54,64,52,48,18,18,3,3,3,76,76,67,67,74,80,80,80,74,79,79,66,60,42,42,42,42,72,72,72,72,66,66,66,66,64,61,61,52,58,74,73,78,36,82,77,82,82,82],"gold":82,"neow_bonus":"ONE_RARE_RELIC","is_daily":false,"chose_seed":false,"campfire_upgraded":8,"win_rate":0.0,"timestamp":1608191526,"path_taken":["R","?","R","M","E","?","T","?","R","E","M","?","M","?","M","BOSS","R","E","?","?","?","?","T","E","?","R","?","?","M","?","M","BOSS","R","M","?","M","R","E","T","M","E","R","M","?","M","M","M","BOSS","E","$","R","BOSS"],"items_purchased_type":["Relic","Relic","Relic","Relic","Relic","Relic","Card"],"build_version":"2020-12-13","purchased_purges":4,"victory":true,"max_hp_per_floor":[60,60,60,60,60,66,66,66,76,76,76,76,76,76,76,76,76,76,76,76,83,89,89,89,89,94,94,66,66,66,66,66,66,72,72,72,72,72,72,72,72,72,72,72,72,78,78,82,82,82,82,82,82,82,82],"card_choices":[{"not_picked":["DemonPancake","WorldStrongest"],"picked":"Kuroboshi","floor":4.0},{"not_picked":["AdultWords","LargeTentacle"],"picked":"MysteryKey","floor":5.0},{"not_picked":["HeroCreationA","WitchTrial"],"picked":"HolidayWishes","floor":8.0},{"not_picked":["PreciousMemories","HolidayWishes"],"picked":"MeltBrain","floor":10.0},{"not_picked":["Thflth","PowerGamer"],"picked":"AlignStars","floor":11.0},{"not_picked":["SavingThrow","EyesOfMadness"],"picked":"BlackKey","floor":13.0},{"not_picked":["LossOfSanity","WitchTrial"],"picked":"WorldStrongest","floor":15.0},{"not_picked":["MindCleanse","PantyShot"],"picked":"BadGirl","floor":16.0},{"not_picked":["HolidayWishes","MeltBrain"],"picked":"SlimyBody","floor":19.0},{"not_picked":["ExposeNavel+1","WorldStrongest"],"picked":"Hitomi","floor":22.0},{"not_picked":["TentacleSwarm","LargeTentacle","OldOneLimb"],"picked":"SKIP","floor":23.0},{"not_picked":["Ab_DarkestPact","PreciousMemories","Ab_SwirlOfMadness+1"],"picked":"SKIP","floor":25.0},{"not_picked":["Ab_DarkestPact","LossOfSanity+1"],"picked":"PrayerOfFaith+1","floor":26.0},{"not_picked":["Hitomi","WitchTrial+1"],"picked":"HolidayWishes","floor":30.0},{"not_picked":["HolidayWishes","ImpossibleGeometry"],"picked":"PantyShot+1","floor":32.0},{"not_picked":["Ab_OldOneTrigger","SlimyBody"],"picked":"VoidWhispers","floor":33.0},{"not_picked":["PowerGamer","Keyblade+1"],"picked":"SuperMuscular","floor":36.0},{"not_picked":["HeroCreationA+1","Kinoko+1"],"picked":"TentacleSwarm+1","floor":38.0},{"not_picked":["SilverKey+1","Keyblade+1","RecklessSlam+1"],"picked":"SKIP","floor":40.0},{"not_picked":["SilverKey+1","Keyblade+1"],"picked":"PantyShot+1","floor":42.0},{"not_picked":["TeddyBear","PapaProtection"],"picked":"WorldStrongest","floor":43.0},{"not_picked":["Thflth+1","PapaProtection"],"picked":"Dabigail+1","floor":45.0},{"not_picked":["SilverKey+1","LargeTentacle+1"],"picked":"CommandSpell+1","floor":46.0},{"not_picked":["CosmicSpark+1","Ab_SwirlOfMadness+1"],"picked":"TentacleSwarm+1","floor":47.0},{"not_picked":["WitchTrial+1","LossOfSanity","LargeTentacle+1"],"picked":"SKIP","floor":48.0},{"not_picked":["ExposeNavel+1","Kinoko+1","TeddyBear"],"picked":"SKIP","floor":49.0},{"not_picked":["RecklessSlam+1","CosmicSpark+1"],"picked":"EyesOfMadness","floor":52}],"player_experience":604153,"relics_obtained":[{"floor":5.0,"key":"Darkstone Periapt"},{"floor":10.0,"key":"Blue Candle"},{"floor":19.0,"key":"Ornamental Fan"},{"floor":24.0,"key":"Molten Egg 2"},{"floor":24.0,"key":"Juzu Bracelet"},{"floor":25.0,"key":"Mercury Hourglass"},{"floor":26.0,"key":"Dota2Spire:EyeOfSkadi"},{"floor":26.0,"key":"Dota2Spire:DivineRapier"},{"floor":34.0,"key":"Dota2Spire:LinkenSphere"},{"floor":34.0,"key":"Lantern"},{"floor":34.0,"key":"Unceasing Top"},{"floor":40.0,"key":"Dota2Spire:ArcaneBoots"},{"floor":41.0,"key":"Bronze Scales"},{"floor":41.0,"key":"Dream Catcher"},{"floor":43.0,"key":"Dota2Spire:LotusOrb"},{"floor":46.0,"key":"downfall:GremlinSack"},{"floor":52,"key":"Shuriken"}],"event_choices":[],"is_beta":false,"boss_relics":[{"not_picked":["Runic Pyramid","Snecko Eye"],"picked":"expansioncontent:StudyCardRelic"},{"not_picked":["Busted Crown","SacredBark"],"picked":"Calling Bell"}],"items_purged_floors":[22,22,53,53],"is_endless":false,"potions_floor_spawned":[8,15,16,23,30,32,38,40,42,48,49,52],"ascension_level":0}}