{"host":"wrp3mzqnpgxvyzn2","time":1608184973,"event":{"mods":["BaseMod","Minty Spire (QoL Compilation)"],"gold_per_floor":[112,63,63,63,79,106,34,67,67,22,22,39,39,54,54,158,158,178,194,228,228,248,277,50,50,50],"floor_reached":25,"playtime":1572,"items_purged":["Strike_G"],"score":229,"play_id":"8c6ed677-74ad-48ad-8bc9-731b54a2f0d1","local_time":"20201217010253","is_ascension_mode":false,"campfire_choices":[{"floor":13,"key":"REST"},{"data":"Footwork","floor":15,"key":"SMITH"}],"circlet_count":0,"master_deck":["Strike_G","Strike_G","Strike_G+1","Strike_G","Defend_G","Defend_G","Defend_G","Defend_G+1","Defend_G","Survivor+1","Neutralize","Sucker Punch","Cloak And Dagger+1","PiercingWail+1","Dagger Spray","Footwork+1","Dagger Throw","Slice","Acrobatics","Storm of Steel","Prepared","Expertise+1","Envenom"],"relics":["Ring of the Snake","Pen Nib","Tingsha","War Paint","Akabeko","Kunai","SacredBark","Red Mask","Potion Belt"],"acts_visited":["TheCity"],"potions_floor_usage":[25,25,25],"damage_taken":[{"damage":0,"enemies":"2 Louse","floor":1,"turns":4},{"damage":0,"enemies":"Jaw Worm","floor":5,"turns":3},{"damage":17,"enemies":"Lagavulin","floor":6,"turns":9},{"damage":12,"enemies":"3 Sentries","floor":8,"turns":13},{"damage":0,"enemies":"Small Slimes","floor":12,"turns":2},{"damage":0,"enemies":"Looter","floor":14,"turns":3},{"damage":5,"enemies":"The Guardian","floor":16,"turns":13},{"damage":4,"enemies":"2 Thieves","floor":18,"turns":4},{"damage":0,"enemies":"Chosen","floor":19,"turns":4},{"damage":0,"enemies":"Masked Bandits","floor":20,"turns":1},{"damage":0,"enemies":"3 Cultists","floor":22,"turns":4},{"damage":10,"enemies":"Slavers","floor":23,"turns":4},{"damage":56,"enemies":"Gremlin Leader","floor":25,"turns":8}],"seed_played":"546348154793938986","potions_obtained":[{"floor":5,"key":"LiquidBronze"},{"floor":8,"key":"PowerPotion"},{"floor":12,"key":"DistilledChaos"},{"floor":19,"key":"DuplicationPotion"}],"is_trial":false,"path_per_floor":["M","$","?","?","M","E","$","E","T","$","?","M","R","M","R","B",null,"M","M","?","?","M","E","$","E"],"character_chosen":"THE_SILENT","items_purchased":["Cloak And Dagger","Footwork","Slice","Envenom"],"campfire_rested":1,"item_purchase_floors":[2,7,10,24],"current_hp_per_floor":[70,70,67,53,53,36,36,24,24,24,24,24,45,45,45,40,70,66,66,66,66,66,56,56,0,0],"gold":50,"neow_bonus":"RANDOM_COMMON_RELIC","is_daily":false,"chose_seed":false,"campfire_upgraded":1,"win_rate":0.0,"timestamp":1608184973,"path_taken":["M","$","?","?","M","E","?","E","T","?","?","M","R","M","R","BOSS","M","M","?","?","M","E","$","E"],"items_purchased_type":["Card","Card","Card","Card"],"build_version":"2020-12-13","purchased_purges":1,"victory":false,"max_hp_per_floor":[70,70,70,70,70,70,70,70,70,70,70,70,70,70,70,70,70,70,70,70,70,70,70,70,70,70],"card_choices":[{"not_picked":["Bane","Eviscerate"],"picked":"Sucker Punch","floor":1},{"not_picked":["Bouncing Flask","Quick Slash"],"picked":"PiercingWail","floor":5},{"not_picked":["Bouncing Flask","Quick Slash"],"picked":"Dagger Spray","floor":6},{"not_picked":["Choke","PiercingWail"],"picked":"Dagger Throw","floor":8},{"not_picked":["Outmaneuver","Poisoned Stab"],"picked":"Acrobatics","floor":12},{"not_picked":["Caltrops","Slice","Dagger Spray"],"picked":"SKIP","floor":14},{"not_picked":["Corpse Explosion","Doppelganger"],"picked":"Storm of Steel","floor":16},{"not_picked":["Quick Slash+1","Heel Hook"],"picked":"Prepared","floor":18},{"not_picked":["Crippling Poison","Outmaneuver+1","Bane"],"picked":"SKIP","floor":19},{"not_picked":["Bane","Flechettes","Deflect"],"picked":"SKIP","floor":22},{"not_picked":["Reflex","Backflip+1"],"picked":"Expertise+1","floor":23}],"player_experience":151155,"relics_obtained":[{"floor":6,"key":"War Paint"},{"floor":8,"key":"Akabeko"},{"floor":9,"key":"Kunai"},{"floor":20,"key":"Red Mask"},{"floor":23,"key":"Potion Belt"}],"event_choices":[{"damage_healed":0,"gold_gain":0,"player_choice":"Success","damage_taken":3,"relics_obtained":["Tingsha"],"max_hp_gain":0,"max_hp_loss":0,"event_name":"Scrap Ooze","floor":3,"gold_loss":0},{"damage_healed":0,"gold_gain":0,"player_choice":"Entered Light","damage_taken":14,"max_hp_gain":0,"max_hp_loss":0,"event_name":"Shining Light","floor":4,"gold_loss":0,"cards_upgraded":["Strike_G","Defend_G"]},{"damage_healed":0,"gold_gain":0,"player_choice":"Grow","damage_taken":0,"max_hp_gain":0,"max_hp_loss":0,"event_name":"Living Wall","floor":11,"gold_loss":0,"cards_upgraded":["Cloak And Dagger"]},{"damage_healed":0,"gold_gain":0,"player_choice":"Fought Bandits","damage_taken":0,"max_hp_gain":0,"max_hp_loss":0,"event_name":"Masked Bandits","floor":20,"gold_loss":0},{"damage_healed":0,"gold_gain":0,"player_choice":"Ignored","damage_taken":0,"max_hp_gain":0,"max_hp_loss":0,"event_name":"Vampires","floor":21,"gold_loss":0}],"is_beta":false,"boss_relics":[{"not_picked":["Calling Bell","Empty Cage"],"picked":"SacredBark"}],"items_purged_floors":[24],"is_endless":false,"potions_floor_spawned":[5,8,12,19,20,22],"killed_by":"Gremlin Leader","ascension_level":0}}