{"host":"f5gffvlv6a66yqkd","time":1608222385,"event":{"mods":["2.2 Compatiblity","BaseMod","Colored Map","DeckTracker","Keyboard Shortcuts","Minty Spire (QoL Compilation)","Permanent Neow","Quick Restart","Relic Stats","StSLib","SuperFastMode"],"gold_per_floor":[116,130,142,142,159,159,171,171,195,195,77,77,118,141,141,237,237,261,274,294,294,328,328,328],"floor_reached":23,"playtime":598,"items_purged":["Defend_P"],"score":386,"play_id":"23de7c01-bf5a-4bf3-8f86-01da46212b15","local_time":"20201218012625","is_ascension_mode":true,"campfire_choices":[{"floor":10.0,"key":"REST"},{"data":"Eruption","floor":12.0,"key":"SMITH"},{"data":"MentalFortress","floor":15.0,"key":"SMITH"}],"circlet_count":0,"master_deck":["AscendersBane","Strike_P","Strike_P","Strike_P","Defend_P","Defend_P+1","Defend_P","Eruption+1","Vigilance+1","Jack Of All Trades","FearNoEvil","FlurryOfBlows","Tantrum","MentalFortress+1","WheelKick"],"relics":["PureWater","Golden Idol","Oddly Smooth Stone","Art of War","SlaversCollar","Red Mask"],"acts_visited":["Exordium","TheCity"],"potions_floor_usage":[22,23],"damage_taken":[{"damage":9.0,"enemies":"Small Slimes","floor":1.0,"turns":4.0},{"damage":0.0,"enemies":"2 Louse","floor":2.0,"turns":2.0},{"damage":4.0,"enemies":"Jaw Worm","floor":3.0,"turns":5.0},{"damage":10.0,"enemies":"Exordium Wildlife","floor":5.0,"turns":4.0},{"damage":0.0,"enemies":"Exordium Thugs","floor":7.0,"turns":3.0},{"damage":12.0,"enemies":"Gremlin Nob","floor":13.0,"turns":3.0},{"damage":0.0,"enemies":"2 Fungi Beasts","floor":14.0,"turns":2.0},{"damage":12.0,"enemies":"Hexaghost","floor":16.0,"turns":6.0},{"damage":16.0,"enemies":"2 Thieves","floor":18.0,"turns":4.0},{"damage":14.0,"enemies":"Shell Parasite","floor":19.0,"turns":4.0},{"damage":8.0,"enemies":"Centurion and Healer","floor":20.0,"turns":4.0},{"damage":12,"enemies":"Masked Bandits","floor":22,"turns":3},{"damage":6,"enemies":"Book of Stabbing","floor":23,"turns":4}],"seed_played":"-5002694227108398529","potions_obtained":[{"floor":2.0,"key":"DuplicationPotion"},{"floor":3.0,"key":"Strength Potion"},{"floor":20.0,"key":"EssenceOfSteel"},{"floor":22,"key":"ColorlessPotion"}],"is_trial":false,"path_per_floor":["M","M","M","?","M","?","M","?","T","R","$","R","E","M","R","B",null,"M","M","M","?","?","E"],"character_chosen":"WATCHER","items_purchased":["MentalFortress"],"campfire_rested":1,"item_purchase_floors":[11],"current_hp_per_floor":[52,52,48,28,18,11,11,11,11,29,29,29,17,17,17,5,48,32,18,10,22,10,4,4],"gold":328,"neow_bonus":"RANDOM_COLORLESS","is_daily":false,"chose_seed":false,"campfire_upgraded":2,"win_rate":0.0,"timestamp":1608222385,"path_taken":["M","M","M","?","M","?","M","?","T","R","$","R","E","M","R","BOSS","M","M","M","?","?","E"],"items_purchased_type":["Card"],"build_version":"2020-12-13","purchased_purges":1,"victory":false,"max_hp_per_floor":[68,68,68,68,68,68,68,62,62,62,62,62,62,62,62,62,62,62,62,62,62,62,62,62],"relic_stats":{"counters":[13,48],"Golden Idol":51,"Art of War":[0],"obtain_stats":[{"SlaversCollar":17,"Golden Idol":8,"Oddly Smooth Stone":9,"Art of War":13,"Red Mask":22,"PureWater":0},{"SlaversCollar":8,"Golden Idol":5,"Oddly Smooth Stone":5,"Art of War":6,"Red Mask":12,"PureWater":0},{"SlaversCollar":29,"Golden Idol":18,"Oddly Smooth Stone":18,"Art of War":21,"Red Mask":44,"PureWater":0}]},"card_choices":[{"not_picked":["Forethought","Mind Blast"],"picked":"Jack Of All Trades","floor":0.0},{"not_picked":["WindmillStrike","FlurryOfBlows"],"picked":"FearNoEvil","floor":1.0},{"not_picked":["ClearTheMind","EmptyFist"],"picked":"FlurryOfBlows","floor":2.0},{"not_picked":["BowlingBash","JustLucky","Sanctity"],"picked":"SKIP","floor":3.0},{"not_picked":["BowlingBash","JustLucky","Sanctity"],"picked":"SKIP","floor":3.0},{"not_picked":["Crescendo","EmptyFist","FollowUp"],"picked":"SKIP","floor":5.0},{"not_picked":["Crescendo","EmptyFist","FollowUp"],"picked":"SKIP","floor":5.0},{"not_picked":["Crescendo","EmptyFist","FollowUp"],"picked":"SKIP","floor":5.0},{"not_picked":["PathToVictory","Vengeance"],"picked":"Tantrum","floor":7.0},{"not_picked":["SignatureMove","Evaluate","ReachHeaven"],"picked":"SKIP","floor":13.0},{"not_picked":["PathToVictory","EmptyBody","JustLucky"],"picked":"SKIP","floor":14.0},{"not_picked":["Collect","Prostrate"],"picked":"WheelKick","floor":18.0},{"not_picked":["Crescendo","Tantrum","FlurryOfBlows"],"picked":"SKIP","floor":19.0},{"not_picked":["PathToVictory","EmptyBody","FollowUp"],"picked":"SKIP","floor":20.0}],"player_experience":1457415,"relics_obtained":[{"floor":9.0,"key":"Oddly Smooth Stone"},{"floor":13.0,"key":"Art of War"},{"floor":22,"key":"Red Mask"}],"event_choices":[{"damage_healed":0.0,"max_hp_gain":0.0,"max_hp_loss":0.0,"gold_gain":0.0,"event_name":"Shining Light","player_choice":"Entered Light","floor":4.0,"gold_loss":0.0,"damage_taken":20.0,"cards_upgraded":["Vigilance","Defend_P"]},{"cards_removed":["Strike_P"],"damage_healed":0.0,"max_hp_gain":0.0,"max_hp_loss":0.0,"gold_gain":0.0,"event_name":"Golden Wing","player_choice":"Card Removal","floor":6.0,"gold_loss":0.0,"damage_taken":7.0},{"damage_healed":0.0,"max_hp_gain":0.0,"max_hp_loss":6.0,"gold_gain":0.0,"event_name":"Golden Idol","player_choice":"Lose Max HP","floor":8.0,"gold_loss":0.0,"damage_taken":0.0,"relics_obtained":["Golden Idol"]},{"damage_healed":12.0,"max_hp_gain":0.0,"max_hp_loss":0.0,"gold_gain":0.0,"event_name":"The Library","player_choice":"Heal","floor":21.0,"gold_loss":0.0,"damage_taken":0.0},{"damage_healed":0,"gold_gain":0,"player_choice":"Fought Bandits","damage_taken":0,"max_hp_gain":0,"max_hp_loss":0,"event_name":"Masked Bandits","floor":22,"gold_loss":0}],"is_beta":false,"boss_relics":[{"not_picked":["Cursed Key","Tiny House"],"picked":"SlaversCollar"}],"items_purged_floors":[11],"is_endless":false,"potions_floor_spawned":[2,3,5,7,20,22],"killed_by":"Book of Stabbing","ascension_level":20}}