{"host":"cmxkjr0hek4mqvmn","time":1608170625,"event":{"mods":["BaseMod","Beaked The Cultist","Better Match","Better Skull","Better Third Choice","BetterRewards","Clawfect","Colored Map","Displayed Cursed Tome","Duelist Mod","GifTheSpireLib","Hermit","Hubris","JesterMod","Mimic Mod","Minty Spire (QoL Compilation)","Quick Restart","Robot Space Explorer","StSLib","The Bladedancer","The Blue Laboratory","The Cursed","Thieving Mod"],"gold_per_floor":[113,127,137,137,149,149,161,174,208,233,245,257,271,228,228,328,328,346,346,375,375,36,65,26,26,26],"floor_reached":25,"playtime":4336,"items_purged":[],"score":250,"play_id":"1acbcf95-24fd-4acf-8413-63f08b19d92c","local_time":"20201216210345","is_ascension_mode":false,"campfire_choices":[{"data":"Deadly Poison","floor":6.0,"key":"SMITH"},{"floor":15.0,"key":"REST"}],"circlet_count":0,"master_deck":["Strike_G","Strike_G","Strike_G","Strike_G","Strike_G","Defend_G+1","Defend_G","Defend_G","Defend_G","Defend_G+1","Survivor","Neutralize+1","Quick Slash","Footwork","Deadly Poison+1","Flying Knee","Caltrops","Footwork","Grand Finale","Adrenaline","Dash","Adrenaline","Setup","A Thousand Cuts","Quick Slash","RitualDagger","Masterful Stab","Blade Dance","Cloak And Dagger","Storm of Steel"],"relics":["Ring of the Snake","hubris:Towel","Ancient Tea Set","War Paint","Lantern","Black Star","Red Mask","hubris:BottledHeart","Membership Card","Anchor","Boot","Kunai","Shuriken"],"acts_visited":["Exordium","TheCity"],"potions_floor_usage":[23],"damage_taken":[{"damage":7.0,"enemies":"2 Louse","floor":1.0,"turns":4.0},{"damage":0.0,"enemies":"Small Slimes","floor":2.0,"turns":3.0},{"damage":3.0,"enemies":"Jaw Worm","floor":3.0,"turns":7.0},{"damage":15.0,"enemies":"Large Slime","floor":5.0,"turns":10.0},{"damage":2.0,"enemies":"Looter","floor":7.0,"turns":3.0},{"damage":6.0,"enemies":"Lots of Slimes","floor":8.0,"turns":5.0},{"damage":0.0,"enemies":"2 Fungi Beasts","floor":9.0,"turns":7.0},{"damage":21.0,"enemies":"Gremlin Nob","floor":10.0,"turns":5.0},{"damage":0.0,"enemies":"2 Fungi Beasts","floor":11.0,"turns":2.0},{"damage":0.0,"enemies":"Red Slaver","floor":12.0,"turns":3.0},{"damage":0.0,"enemies":"Large Slime","floor":13.0,"turns":4.0},{"damage":1.0,"enemies":"Hexaghost","floor":16.0,"turns":10.0},{"damage":21.0,"enemies":"3 Byrds","floor":18.0,"turns":5.0},{"damage":39.0,"enemies":"Masked Bandits","floor":20.0,"turns":7.0},{"damage":0,"enemies":"Slavers","floor":23,"turns":5}],"seed_played":"8039637418172911534","potions_obtained":[{"floor":2.0,"key":"blueLaboratory:HummingbirdPotion"},{"floor":3.0,"key":"Dexterity Potion"},{"floor":7.0,"key":"blueLaboratory:EnvenomedCoating"},{"floor":8.0,"key":"DistilledChaos"},{"floor":11.0,"key":"Swift Potion"},{"floor":12.0,"key":"blueLaboratory:BubblePotion"},{"floor":16.0,"key":"blueLaboratory:StoneskinPotion"},{"floor":23,"key":"DuplicationPotion"}],"is_trial":false,"path_per_floor":["M","M","M","?","M","R","M","M","MIM","E","M","M","M","?","R","B",null,"M","?","?","?","$","E","$","?"],"character_chosen":"THE_SILENT","items_purchased":["Membership Card","Anchor","Fire Potion","Blade Dance","Boot","Storm of Steel"],"campfire_rested":1,"item_purchase_floors":[22,22,22,22,22,24],"current_hp_per_floor":[63,63,60,60,45,45,43,37,37,16,16,16,16,16,37,36,70,49,43,4,1,1,1,1,0,0],"gold":26,"neow_bonus":"UPGRADE_CARD","is_daily":false,"chose_seed":false,"campfire_upgraded":1,"win_rate":0.0,"timestamp":1608170625,"path_taken":["M","M","M","?","M","R","M","M","MIM","E","M","M","M","?","R","BOSS","M","?","?","?","$","E","$","?"],"items_purchased_type":["Relic","Relic","Potion","Card","Relic","Card"],"build_version":"2020-12-13","purchased_purges":0,"victory":false,"max_hp_per_floor":[70,70,70,70,70,70,70,70,70,70,70,70,70,70,70,70,70,70,70,70,1,1,1,1,1,1],"card_choices":[{"not_picked":["Outmaneuver","Dagger Spray"],"picked":"Quick Slash","floor":1.0},{"not_picked":["Dagger Spray","Crippling Poison"],"picked":"Footwork","floor":2.0},{"not_picked":["Choke","Bane"],"picked":"Deadly Poison","floor":3.0},{"not_picked":["Dagger Spray","Dash"],"picked":"Flying Knee","floor":5.0},{"not_picked":["Dagger Throw","Backflip"],"picked":"Caltrops","floor":7.0},{"not_picked":["Backflip","Bane"],"picked":"Footwork","floor":8.0},{"not_picked":["Riddle With Holes","Well Laid Plans"],"picked":"Grand Finale","floor":9.0},{"not_picked":["Night Terror","Deflect"],"picked":"Adrenaline","floor":10.0},{"not_picked":["PiercingWail","Setup"],"picked":"Dash","floor":11.0},{"not_picked":["Bouncing Flask","Acrobatics"],"picked":"Adrenaline","floor":12.0},{"not_picked":["Tactician","Eviscerate"],"picked":"Setup","floor":13.0},{"not_picked":["Adrenaline","Phantasmal Killer"],"picked":"A Thousand Cuts","floor":16.0},{"not_picked":["Prepared+1","Predator"],"picked":"Quick Slash","floor":18.0},{"not_picked":["Escape Plan","Deflect"],"picked":"Masterful Stab","floor":20.0},{"not_picked":["Leg Sweep","Choke+1"],"picked":"Cloak And Dagger","floor":23}],"player_experience":514582,"relics_obtained":[{"floor":9.0,"key":"Ancient Tea Set"},{"floor":9.0,"key":"War Paint"},{"floor":10.0,"key":"Lantern"},{"floor":20.0,"key":"Red Mask"},{"floor":23,"key":"Kunai"},{"floor":23,"key":"Shuriken"}],"event_choices":[{"damage_healed":0.0,"max_hp_gain":0.0,"max_hp_loss":0.0,"gold_gain":0.0,"event_name":"betterThird:BetterGoop","player_choice":"Left","floor":14.0,"gold_loss":43.0,"damage_taken":0.0},{"damage_healed":0.0,"max_hp_gain":0.0,"max_hp_loss":0.0,"gold_gain":0.0,"event_name":"betterThird:BetterNest","player_choice":"Dagger","floor":19.0,"gold_loss":0.0,"damage_taken":6.0,"cards_obtained":["RitualDagger"]},{"damage_healed":0.0,"max_hp_gain":0.0,"max_hp_loss":0.0,"gold_gain":0.0,"event_name":"Masked Bandits","player_choice":"Fought Bandits","floor":20.0,"gold_loss":0.0,"damage_taken":0.0}],"is_beta":false,"boss_relics":[{"not_picked":["Sozu","Cursed Key"],"picked":"Black Star"}],"items_purged_floors":[],"is_endless":false,"potions_floor_spawned":[2,3,7,8,11,12,16,23],"ascension_level":0}}