{"host":"8aazbu429xvxw5ti","time":1608166110,"event":{"mods":["2.2 Compatiblity","BaseMod","Colored Map","DeckTracker","Highlight Path","Keyboard Shortcuts","Minty Spire (QoL Compilation)","Permanent Neow","Quick Restart","StSLib","SuperFastMode","everything is the same but u backflip on backflip"],"gold_per_floor":[366,366,145,95,95,95,112,12,35,52,64,75,75,88,88,188,188,203,383,383,383],"floor_reached":20,"playtime":852,"items_purged":["Pain","Defend_R"],"score":246,"play_id":"a56c0805-7d6c-4a2a-9c37-5c9dba9bef4c","local_time":"20201217094830","is_ascension_mode":true,"campfire_choices":[{"data":"Armaments","floor":6.0,"key":"SMITH"},{"data":"Bash","floor":15.0,"key":"SMITH"}],"circlet_count":0,"master_deck":["AscendersBane","Strike_R","Strike_R","Strike_R","Defend_R","Defend_R","Bash+1","Armaments+1","Shrug It Off","Clash","Impervious","Pommel Strike"],"relics":["Burning Blood","Kunai","Tiny Chest","Art of War","Blood Vial","Empty Cage"],"acts_visited":["Exordium","TheCity"],"potions_floor_usage":[],"damage_taken":[{"damage":16.0,"enemies":"Jaw Worm","floor":1.0,"turns":4.0},{"damage":2.0,"enemies":"Small Slimes","floor":7.0,"turns":4.0},{"damage":7.0,"enemies":"Cultist","floor":10.0,"turns":4.0},{"damage":13.0,"enemies":"Exordium Thugs","floor":11.0,"turns":5.0},{"damage":13.0,"enemies":"Blue Slaver","floor":12.0,"turns":4.0},{"damage":14.0,"enemies":"Red Slaver","floor":14.0,"turns":4.0},{"damage":12.0,"enemies":"Slime Boss","floor":16.0,"turns":13.0},{"damage":26.0,"enemies":"Spheric Guardian","floor":18.0,"turns":8.0},{"damage":16,"enemies":"Chosen","floor":20,"turns":4}],"seed_played":"-6377526885740301790","potions_obtained":[{"floor":1.0,"key":"SkillPotion"},{"floor":10.0,"key":"PowerPotion"},{"floor":14.0,"key":"LiquidMemories"},{"floor":16.0,"key":"Swift Potion"}],"is_trial":false,"path_per_floor":["M","?","$","?","$","R","M","$","T","M","M","M","T","M","R","B",null,"M","?","M"],"character_chosen":"IRONCLAD","items_purchased":["Tiny Chest"],"campfire_rested":0,"item_purchase_floors":[3],"current_hp_per_floor":[62,44,44,44,44,44,48,48,48,47,40,33,33,27,27,23,66,48,29,15,15],"gold":383,"neow_bonus":"TWO_FIFTY_GOLD","is_daily":false,"chose_seed":false,"campfire_upgraded":2,"win_rate":0.0,"timestamp":1608166110,"path_taken":["M","?","$","?","$","R","M","?","T","M","?","M","?","M","R","BOSS","M","?","?"],"items_purchased_type":["Relic"],"build_version":"2020-12-13","purchased_purges":2,"victory":false,"max_hp_per_floor":[80,80,80,80,80,80,80,80,80,80,80,80,80,80,80,80,80,80,80,80,80],"card_choices":[{"not_picked":["Uppercut","Warcry"],"picked":"Armaments","floor":1.0},{"not_picked":["Ghostly Armor","Sever Soul"],"picked":"Shrug It Off","floor":7.0},{"not_picked":["Flex","Twin Strike","Limit Break"],"picked":"SKIP","floor":10.0},{"not_picked":["Shockwave","Armaments","Burning Pact"],"picked":"SKIP","floor":11.0},{"not_picked":["Anger","Flame Barrier","Clash"],"picked":"SKIP","floor":12.0},{"not_picked":["Bloodletting","Armaments"],"picked":"Clash","floor":14.0},{"not_picked":["Feed","Corruption"],"picked":"Impervious","floor":16.0},{"not_picked":["Disarm","Twin Strike+1"],"picked":"Pommel Strike","floor":18.0}],"player_experience":430717,"relics_obtained":[{"floor":9.0,"key":"Art of War"},{"floor":13.0,"key":"Blood Vial"}],"event_choices":[{"damage_healed":0.0,"max_hp_gain":0.0,"max_hp_loss":0.0,"gold_gain":0.0,"event_name":"Scrap Ooze","player_choice":"Success","floor":2.0,"gold_loss":0.0,"damage_taken":18.0,"relics_obtained":["Kunai"]},{"cards_removed":["Strike_R"],"damage_healed":0.0,"max_hp_gain":0.0,"max_hp_loss":0.0,"gold_gain":0.0,"event_name":"The Cleric","player_choice":"Card Removal","floor":4.0,"gold_loss":50.0,"damage_taken":0.0},{"damage_healed":0,"gold_gain":180,"player_choice":"GOLD GOLD ","damage_taken":19,"max_hp_gain":0,"max_hp_loss":0,"event_name":"Knowing Skull","floor":19,"potions_obtained":[],"gold_loss":0,"cards_obtained":[]}],"is_beta":false,"boss_relics":[{"not_picked":["Snecko Eye","Runic Cube"],"picked":"Empty Cage"}],"items_purged_floors":[3,8],"is_endless":false,"potions_floor_spawned":[1,10,14,16],"killed_by":"Chosen","ascension_level":10}}