{"host":"mj8akmyfd5lo602f","time":1608208320,"event":{"mods":["2.2 Compatiblity","Act Like it!","BaseMod","Bestiary","BshForSts","Colored Map","Colored Powertips","Downfall","Highlight Path","Minty Spire (QoL Compilation)","Permanent Neow","Relic Stats","StSLib"],"gold_per_floor":[99,7,17,17,32,64,113,130,147,72,123,123,123,190,203,203,203],"floor_reached":16,"playtime":688,"items_purged":[],"score":102,"play_id":"18510381-ea25-4390-ab36-0cb7a8fd6281","local_time":"20201217123200","is_ascension_mode":false,"campfire_choices":[{"data":"hexamod:Float","floor":1,"key":"SMITH"},{"floor":4,"key":"RECALL"},{"floor":10,"key":"REST"}],"circlet_count":0,"master_deck":["hexamod:Strike","hexamod:Strike+1","hexamod:Strike","hexamod:Strike","hexamod:Defend","hexamod:Defend","hexamod:Defend","hexamod:Defend","hexamod:Sear","hexamod:Float+1","hexamod:SpectersWail+1","hexamod:SwordOfDarkness","hexamod:StepThrough","hexamod:InspiringFlames","hexamod:SixthSeal","hexamod:AdvancingGuard","hexamod:RadiantFlame","hexamod:HauntingEcho","hexamod:FirstSeal","hexamod:GhostflameBarrier"],"relics":["hexamod:SpiritBrand","Toy Ornithopter","Omamori","downfall:HeartBlessingRed","SsserpentHead"],"acts_visited":["Exordium"],"potions_floor_usage":[16],"damage_taken":[{"damage":0,"enemies":"downfall:FleeingMerchant","floor":2,"turns":4},{"damage":0,"enemies":"Cultist","floor":3,"turns":3},{"damage":2,"enemies":"2 Louse","floor":5,"turns":2},{"damage":45,"enemies":"Gremlin Nob","floor":6,"turns":6},{"damage":0,"enemies":"Jaw Worm","floor":8,"turns":2},{"damage":6,"enemies":"Gremlin Gang","floor":9,"turns":5},{"damage":2,"enemies":"2 Fungi Beasts","floor":14,"turns":4},{"damage":7,"enemies":"Red Slaver","floor":15,"turns":2},{"damage":42,"enemies":"downfall:Defect","floor":16,"turns":6}],"seed_played":"7626061479216400637","potions_obtained":[{"floor":3,"key":"CultistPotion"},{"floor":5,"key":"BlessingOfTheForge"},{"floor":15,"key":"Guardian:BlockOnCardUsePotion"}],"is_trial":false,"path_per_floor":["R","$","M","R","M","E","T","M","M","R","T","?","?","M","M","B"],"character_chosen":"THE_SPIRIT","items_purchased":["hexamod:StepThrough"],"campfire_rested":1,"item_purchase_floors":[2],"current_hp_per_floor":[70,70,70,70,68,23,23,23,17,38,38,31,31,36,36,0,0],"gold":203,"neow_bonus":"THREE_CARDS","is_daily":false,"chose_seed":false,"campfire_upgraded":1,"win_rate":0.0,"timestamp":1608208320,"path_taken":["R","$","M","R","M","E","T","M","M","R","?","?","?","?","M","BOSS"],"items_purchased_type":["Card"],"build_version":"2020-12-13","purchased_purges":0,"victory":false,"max_hp_per_floor":[70,70,70,70,70,70,70,70,70,70,70,70,70,70,70,70,70],"relic_stats":{"SsserpentHead":50,"counters":[9,34],"obtain_stats":[{"SsserpentHead":13,"downfall:HeartBlessingRed":10,"Omamori":7,"hexamod:SpiritBrand":0,"Toy Ornithopter":6},{"SsserpentHead":6,"downfall:HeartBlessingRed":6,"Omamori":4,"hexamod:SpiritBrand":0,"Toy Ornithopter":4},{"SsserpentHead":22,"downfall:HeartBlessingRed":22,"Omamori":15,"hexamod:SpiritBrand":0,"Toy Ornithopter":15}],"Toy Ornithopter":5},"card_choices":[{"not_picked":["hexamod:GhostLash","hexamod:Firestarter"],"picked":"hexamod:SpectersWail","floor":0},{"not_picked":["hexamod:BacktrackSmack","hexamod:GhostLash"],"picked":"hexamod:SwordOfDarkness","floor":2},{"not_picked":["hexamod:RainOfEmbers","hexamod:ThermalTransfer"],"picked":"hexamod:InspiringFlames","floor":3},{"not_picked":["hexamod:ChargedBarrage","hexamod:ExtraCrispy"],"picked":"hexamod:SixthSeal","floor":5},{"not_picked":["hexamod:SpectersWail","hexamod:HeatCrush"],"picked":"hexamod:AdvancingGuard","floor":6},{"not_picked":["hexamod:GhostShield","hexamod:GhostLash"],"picked":"hexamod:RadiantFlame","floor":8},{"not_picked":["hexamod:GhostOfSpirePresent","hexamod:GhostOfSpirePast"],"picked":"hexamod:HauntingEcho","floor":9},{"not_picked":["hexamod:RadiantFlame","hexamod:BacktrackSmack","hexamod:CatchUp"],"picked":"SKIP","floor":14},{"not_picked":["hexamod:FlamesFromBeyond","hexamod:FastForward"],"picked":"hexamod:GhostflameBarrier","floor":15}],"player_experience":353819,"relics_obtained":[{"floor":6,"key":"Toy Ornithopter"},{"floor":7,"key":"Omamori"}],"event_choices":[{"damage_healed":0,"gold_gain":0,"player_choice":"Trade","damage_taken":0,"relics_obtained":["SsserpentHead"],"max_hp_gain":0,"max_hp_loss":0,"event_name":"FaceTrader","floor":13,"gold_loss":0}],"is_beta":false,"boss_relics":[],"items_purged_floors":[],"is_endless":false,"potions_floor_spawned":[3,5,15],"killed_by":"downfall:Defect","ascension_level":0}}