{"host":"7l2t4psy44vpcd9q","time":1608214830,"event":{"mods":["AchievementEnabler","BaseMod","DeckTracker","Minty Spire (QoL Compilation)","SuperFastMode"],"gold_per_floor":[116,116,129,148,64,64,64,64,110,54,80,29,64,76,76,153,153,123,135,147,72,90,90,117,117,117,17,31,31,31,31,31,110,110,126,1,26,37,37,37,70,82,94,124,136,148,171,198,210,222],"floor_reached":51,"playtime":2961,"items_purged":["Defend_B","Strike_B","Defend_B"],"score":1266,"play_id":"794def54-4727-4ed3-abc3-f8fb62871182","local_time":"20201217232030","is_ascension_mode":true,"campfire_choices":[{"data":"Defragment","floor":6.0,"key":"SMITH"},{"data":"Zap","floor":8.0,"key":"SMITH"},{"data":"Coolheaded","floor":15.0,"key":"SMITH"},{"floor":23.0,"key":"REST"},{"data":"Hologram","floor":25.0,"key":"SMITH"},{"data":"Defragment","floor":30.0,"key":"SMITH"},{"data":"Skim","floor":32.0,"key":"SMITH"},{"floor":40.0,"key":"REST"},{"floor":42.0,"key":"REST"},{"floor":45.0,"key":"REST"},{"data":"Echo Form","floor":49,"key":"SMITH"}],"circlet_count":0,"master_deck":["AscendersBane","Defend_B","Zap+1","Dualcast","Biased Cognition","Ball Lightning","Melter","Chill","Defragment+1","Rebound","Coolheaded+1","Beam Cell","Glacier","BootSequence","Electrodynamics","Defragment+1","Self Repair","Aggregate","Hologram+1","Lockon","Compile Driver","Skim+1","Echo Form+1","Coolheaded","Force Field+1","Skim+1","Blizzard","Amplify","Fusion+1","Go for the Eyes+1"],"relics":["Cracked Core","Bronze Scales","MealTicket","Pantograph","Centennial Puzzle","Velvet Choker","FossilizedHelix","Darkstone Periapt","SlaversCollar","Lizard Tail","MawBank","Vajra"],"acts_visited":["Exordium","TheCity","TheBeyond"],"potions_floor_usage":[48,50],"damage_taken":[{"damage":2.0,"enemies":"2 Louse","floor":1.0,"turns":2.0},{"damage":2.0,"enemies":"Jaw Worm","floor":3.0,"turns":3.0},{"damage":1.0,"enemies":"Cultist","floor":4.0,"turns":3.0},{"damage":8.0,"enemies":"Gremlin Nob","floor":11.0,"turns":3.0},{"damage":20.0,"enemies":"3 Sentries","floor":13.0,"turns":6.0},{"damage":4.0,"enemies":"Looter","floor":14.0,"turns":2.0},{"damage":28.0,"enemies":"The Guardian","floor":16.0,"turns":10.0},{"damage":1.0,"enemies":"2 Thieves","floor":18.0,"turns":4.0},{"damage":0.0,"enemies":"Spheric Guardian","floor":19.0,"turns":3.0},{"damage":22.0,"enemies":"Snecko","floor":20.0,"turns":5.0},{"damage":26.0,"enemies":"Chosen and Byrds","floor":22.0,"turns":4.0},{"damage":18.0,"enemies":"Book of Stabbing","floor":24.0,"turns":4.0},{"damage":4.0,"enemies":"Snake Plant","floor":28.0,"turns":4.0},{"damage":32.0,"enemies":"Champ","floor":33.0,"turns":11.0},{"damage":0.0,"enemies":"3 Shapes","floor":35.0,"turns":6.0},{"damage":30.0,"enemies":"Mind Bloom Boss Battle","floor":37.0,"turns":6.0},{"damage":22.0,"enemies":"3 Darklings","floor":38.0,"turns":3.0},{"damage":68.0,"enemies":"Giant Head","floor":41.0,"turns":12.0},{"damage":9.0,"enemies":"4 Shapes","floor":44.0,"turns":3.0},{"damage":25.0,"enemies":"Spire Growth","floor":47.0,"turns":5.0},{"damage":22,"enemies":"Writhing Mass","floor":48,"turns":7},{"damage":10,"enemies":"Time Eater","floor":50,"turns":13}],"seed_played":"-7624991875471676272","potions_obtained":[{"floor":3.0,"key":"SteroidPotion"},{"floor":14.0,"key":"EssenceOfSteel"},{"floor":18.0,"key":"Energy Potion"},{"floor":20.0,"key":"ColorlessPotion"},{"floor":22.0,"key":"DistilledChaos"},{"floor":44.0,"key":"DuplicationPotion"},{"floor":47.0,"key":"Fruit Juice"},{"floor":48,"key":"BlessingOfTheForge"}],"is_trial":false,"path_per_floor":["M","?","M","M","$","R","T","R","T","$","E","$","E","M","R","B",null,"M","M","M","$","M","R","E","R","T","$","M","?","R","$","R","B",null,"M","$","?","M","$","R","E","R","T","M","R","?","M","M","R","B",null],"character_chosen":"DEFECT","items_purchased":["Defragment","Rebound","Beam Cell"],"campfire_rested":4,"item_purchase_floors":[5,10,12],"current_hp_per_floor":[62,55,53,52,52,52,52,52,52,67,59,71,51,47,47,43,64,63,63,41,56,37,58,47,47,47,62,65,65,65,71,71,46,65,71,71,48,26,41,62,36,57,57,48,69,69,51,48,48,63],"gold":234,"neow_bonus":"ONE_RANDOM_RARE_CARD","is_daily":false,"chose_seed":false,"campfire_upgraded":7,"win_rate":0.0,"timestamp":1608214830,"path_taken":["M","?","M","M","$","R","?","R","T","$","E","?","E","M","R","BOSS","M","M","M","$","M","R","E","R","T","$","?","?","R","$","R","BOSS","M","$","?","M","$","R","E","R","T","M","R","?","M","M","R","BOSS"],"items_purchased_type":["Card","Card","Card"],"build_version":"2020-12-13","purchased_purges":3,"victory":true,"max_hp_per_floor":[71,71,71,71,71,71,71,71,71,71,71,71,71,71,71,71,71,71,71,71,71,71,71,71,71,71,71,71,71,71,71,71,71,71,71,71,71,71,71,71,71,71,71,71,71,71,71,76,76,76],"card_choices":[{"not_picked":["Rebound","Leap"],"picked":"Ball Lightning","floor":1.0},{"not_picked":["Go for the Eyes","Doom and Gloom"],"picked":"Melter","floor":3.0},{"not_picked":["Rebound","Consume"],"picked":"Chill","floor":4.0},{"not_picked":["Storm","Genetic Algorithm"],"picked":"Coolheaded","floor":11.0},{"not_picked":["Ball Lightning","Hologram"],"picked":"Glacier","floor":13.0},{"not_picked":["Chaos","Ball Lightning"],"picked":"BootSequence","floor":14.0},{"not_picked":["Biased Cognition","Hyperbeam"],"picked":"Electrodynamics","floor":16.0},{"not_picked":["Leap","White Noise"],"picked":"Defragment","floor":18.0},{"not_picked":["Undo","Genetic Algorithm+1"],"picked":"Self Repair","floor":19.0},{"not_picked":["Leap","Skim"],"picked":"Aggregate","floor":20.0},{"not_picked":["Steam","Aggregate","Doom and Gloom"],"picked":"SKIP","floor":22.0},{"not_picked":["Stack","Sweeping Beam+1"],"picked":"Hologram","floor":24.0},{"not_picked":["Redo","Ball Lightning"],"picked":"Lockon","floor":28.0},{"not_picked":["Machine Learning","Electrodynamics"],"picked":"Echo Form","floor":33.0},{"not_picked":["Defragment","Barrage+1"],"picked":"Coolheaded","floor":35.0},{"not_picked":["Beam Cell","Rip and Tear"],"picked":"Force Field+1","floor":37.0},{"not_picked":["Undo","Leap"],"picked":"Skim+1","floor":38.0},{"not_picked":["Double Energy","Skim+1","Rebound"],"picked":"SKIP","floor":41.0},{"not_picked":["Skim+1","Gash"],"picked":"Blizzard","floor":44.0},{"not_picked":["Stack","Tempest+1"],"picked":"Fusion+1","floor":47.0},{"not_picked":["Rebound+1","Conserve Battery"],"picked":"Go for the Eyes+1","floor":48}],"player_experience":1100521,"relics_obtained":[{"floor":7.0,"key":"Bronze Scales"},{"floor":9.0,"key":"MealTicket"},{"floor":11.0,"key":"Pantograph"},{"floor":13.0,"key":"Centennial Puzzle"},{"floor":24.0,"key":"FossilizedHelix"},{"floor":26.0,"key":"Darkstone Periapt"},{"floor":37.0,"key":"Lizard Tail"},{"floor":41.0,"key":"MawBank"},{"floor":43.0,"key":"Vajra"}],"event_choices":[{"cards_removed":["Strike_B"],"damage_healed":0.0,"max_hp_gain":0.0,"max_hp_loss":0.0,"gold_gain":0.0,"event_name":"Golden Wing","player_choice":"Card Removal","floor":2.0,"gold_loss":0.0,"damage_taken":7.0},{"damage_healed":0.0,"max_hp_gain":0.0,"max_hp_loss":0.0,"gold_gain":0.0,"cards_transformed":["Strike_B","Strike_B"],"event_name":"Drug Dealer","player_choice":"Became Test Subject","floor":29.0,"gold_loss":0.0,"damage_taken":0.0,"cards_obtained":["Compile Driver","Skim"]},{"damage_healed":0.0,"max_hp_gain":0.0,"max_hp_loss":0.0,"gold_gain":0.0,"event_name":"MindBloom","player_choice":"Fight","floor":37.0,"gold_loss":0.0,"damage_taken":0.0},{"damage_healed":0.0,"max_hp_gain":0.0,"max_hp_loss":0.0,"gold_gain":0.0,"cards_transformed":["Defend_B"],"event_name":"Transmorgrifier","player_choice":"Transformed","floor":46.0,"gold_loss":0.0,"damage_taken":0.0,"cards_obtained":["Amplify"]}],"is_beta":false,"boss_relics":[{"not_picked":["Runic Dome","Philosopher\u0027s Stone"],"picked":"Velvet Choker"},{"not_picked":["Fusion Hammer","Runic Pyramid"],"picked":"SlaversCollar"}],"items_purged_floors":[21,27,36],"is_endless":false,"potions_floor_spawned":[3,14,18,20,22,44,47,48],"ascension_level":18}}