{"host":"hgkb2zpbo2dcws21","time":1608215570,"event":{"mods":["AchievementEnabler","BaseMod","Colored Map","Colored Powertips","Custom Start","DeckTracker","KOR Keyword Fix","Minty Spire (QoL Compilation)","StSLib","SuperFastMode"],"gold_per_floor":[118,118,131,131,148,182,182,212,212,212,137,154,154,165,165,165,165],"floor_reached":16,"playtime":278,"items_purged":["Strike_R"],"score":220,"play_id":"b16e9809-7990-4e9d-9727-5d5c21717b0d","local_time":"20201217233250","is_ascension_mode":true,"campfire_choices":[{"data":"Pommel Strike","floor":7,"key":"SMITH"},{"floor":13,"key":"REST"},{"data":"Shockwave","floor":15,"key":"SMITH"}],"circlet_count":0,"master_deck":["AscendersBane","Strike_R","Strike_R+1","Defend_R+1","Defend_R","Defend_R","Defend_R","Bash","Dropkick","Pommel Strike+1","Thunderclap","Dual Wield","Shockwave+1","Havoc"],"relics":["Burning Blood","NeowsBlessing","White Beast Statue","HornCleat","Sundial"],"acts_visited":["Exordium"],"potions_floor_usage":[6,16],"damage_taken":[{"damage":0,"enemies":"Jaw Worm","floor":1,"turns":1},{"damage":0,"enemies":"Small Slimes","floor":3,"turns":1},{"damage":0,"enemies":"Cultist","floor":5,"turns":1},{"damage":8,"enemies":"Gremlin Nob","floor":6,"turns":3},{"damage":49,"enemies":"3 Sentries","floor":8,"turns":11},{"damage":11,"enemies":"Red Slaver","floor":12,"turns":4},{"damage":3,"enemies":"2 Fungi Beasts","floor":14,"turns":3},{"damage":37,"enemies":"Hexaghost","floor":16,"turns":9}],"seed_played":"-3320317782738487269","potions_obtained":[{"floor":1,"key":"LiquidMemories"},{"floor":8,"key":"DistilledChaos"},{"floor":12,"key":"BlessingOfTheForge"}],"is_trial":false,"path_per_floor":["M","?","M","?","M","E","R","E","T","?","$","M","R","M","R","B"],"character_chosen":"IRONCLAD","items_purchased":[],"campfire_rested":1,"item_purchase_floors":[],"current_hp_per_floor":[74,74,75,52,58,56,56,13,13,13,13,8,30,33,33,0,0],"gold":165,"neow_bonus":"THREE_ENEMY_KILL","is_daily":false,"chose_seed":false,"campfire_upgraded":2,"win_rate":0.0,"timestamp":1608215570,"path_taken":["M","?","M","?","M","E","R","E","T","?","$","M","R","M","R","BOSS"],"items_purchased_type":[],"build_version":"2020-12-13","purchased_purges":1,"victory":false,"max_hp_per_floor":[75,75,75,75,75,75,75,75,75,75,75,75,75,75,75,75,75],"card_choices":[{"not_picked":["Combust","Iron Wave"],"picked":"Dropkick","floor":1},{"not_picked":["Cleave","Clothesline"],"picked":"Pommel Strike","floor":3},{"not_picked":["Twin Strike","Perfected Strike"],"picked":"Thunderclap","floor":5},{"not_picked":["Burning Pact","Evolve"],"picked":"Dual Wield","floor":6},{"not_picked":["Clash","Rage"],"picked":"Shockwave","floor":8},{"not_picked":["Clash","Sword Boomerang","Headbutt"],"picked":"SKIP","floor":12},{"not_picked":["Whirlwind","Twin Strike","Anger"],"picked":"SKIP","floor":14}],"player_experience":1079861,"relics_obtained":[{"floor":6,"key":"White Beast Statue"},{"floor":8,"key":"HornCleat"},{"floor":9,"key":"Sundial"}],"event_choices":[{"cards_removed":["Strike_R"],"damage_healed":0,"gold_gain":0,"player_choice":"Forget","damage_taken":0,"max_hp_gain":0,"max_hp_loss":0,"event_name":"Living Wall","floor":2,"gold_loss":0},{"damage_healed":0,"gold_gain":0,"player_choice":"Entered Light","damage_taken":23,"max_hp_gain":0,"max_hp_loss":0,"event_name":"Shining Light","floor":4,"gold_loss":0,"cards_upgraded":["Defend_R","Strike_R"]},{"damage_healed":0,"gold_gain":0,"cards_transformed":["Strike_R"],"player_choice":"Transformed","damage_taken":0,"max_hp_gain":0,"max_hp_loss":0,"event_name":"Transmorgrifier","floor":10,"gold_loss":0,"cards_obtained":["Havoc"]}],"is_beta":false,"boss_relics":[],"items_purged_floors":[11],"is_endless":false,"potions_floor_spawned":[1,8,12,14],"killed_by":"Hexaghost","ascension_level":20}}