{"host":"kw4o7b3ro2ktmmbe","time":1608175157,"event":{"mods":["BaseMod","Lobotomy","Minty Spire (QoL Compilation)","Treasure Hunter"],"gold_per_floor":[269,21,21,33,44,72,72,72,72,99,199,226,238,238,238,344,344,364,375,395,410,192,192,227,245,245,275,289,317,317,330,330,410,410,428,428,435,3,16,51,51,77,77,67,98,115,125,143,143,144],"floor_reached":51,"playtime":9155,"items_purged":["Defend_R"],"score":2271,"play_id":"32786524-adec-46fd-bdfb-be0b1b96c04c","local_time":"20201217161917","is_ascension_mode":false,"campfire_choices":[{"data":"Heavy Blade","floor":8.0,"key":"SMITH"},{"floor":15.0,"key":"REST"},{"data":"TH:CursedSword","floor":23.0,"key":"SMITH"},{"data":"Brutality","floor":32.0,"key":"SMITH"},{"data":"Feel No Pain","floor":41.0,"key":"SMITH"},{"data":"Metallicize","floor":49.0,"key":"SMITH"}],"circlet_count":0,"master_deck":["Strike_R","Strike_R","Strike_R","Strike_R","Strike_R","Defend_R","OldLady","Heavy Blade+1","Blind","Reckless Charge+1","Anger+1","FairyFestival","TH:Mimic","BlackSwan","TH:CursedSword+1","TH:CopperCoins","TH:Mimic","VoidDream","OSAHOGD","TH:Mimic","Brutality+1","Porccubus","Thunderclap+1","QueenOfHatred","Sever Soul+1","Laetitia","TH:DeckOfManyThings","Feed+1","BodiesMountain","HeroicMonk","TH:Mimic","TH:TreasureMap","Funeral","UniverseFragment","TH:Mimic","Metallicize+1","BigBird","TH:CopperCoins","Offering","Mercenary","Scarecrow","Madness","LittlePrince","Feel No Pain+1","Hemokinesis+1","BlueStar","GalaxyChild","TH:DeckOfManyThings","Dark Embrace+1","HappyTeddy","TH:BikiniMail","DreamingCurrent","TH:BikiniMail","Whirlwind+1","LittleHelper","Reckless Charge+1","Woodsman"],"relics":["Burning Blood","CogitoBucket","Molten Egg 2","HornCleat","TH:Strongbox","Unceasing Top","Toy Ornithopter","Theresia","Mark of Pain","LuminousBracelet","TH:HealthInsurance","Blue Candle","Lizard Tail","Bird Faced Urn","Shuriken","The Courier","ChangeAnything","AtMidnight","Busted Crown","Regal Pillow","Torii","Eternal Feather","Gremlin Horn","Frozen Egg 2","Dream Catcher"],"acts_visited":["Exordium","TheCity","TheBeyond"],"potions_floor_usage":[],"damage_taken":[{"damage":0.0,"enemies":"2 Louse","floor":1.0,"turns":3.0},{"damage":0.0,"enemies":"Cultist","floor":4.0,"turns":2.0},{"damage":1.0,"enemies":"Small Slimes","floor":5.0,"turns":2.0},{"damage":46.0,"enemies":"Lagavulin","floor":6.0,"turns":5.0},{"damage":10.0,"enemies":"3 Sentries","floor":10.0,"turns":4.0},{"damage":24.0,"enemies":"Lagavulin","floor":12.0,"turns":6.0},{"damage":15.0,"enemies":"Red Slaver","floor":13.0,"turns":4.0},{"damage":34.0,"enemies":"The Guardian","floor":16.0,"turns":6.0},{"damage":17.0,"enemies":"Shell Parasite","floor":18.0,"turns":2.0},{"damage":5.0,"enemies":"3 Byrds","floor":19.0,"turns":2.0},{"damage":15.0,"enemies":"Snake Plant","floor":20.0,"turns":2.0},{"damage":12.0,"enemies":"Centurion and Healer","floor":21.0,"turns":4.0},{"damage":20.0,"enemies":"Slavers","floor":24.0,"turns":4.0},{"damage":3.0,"enemies":"3 Cultists","floor":25.0,"turns":3.0},{"damage":29.0,"enemies":"Book of Stabbing","floor":27.0,"turns":3.0},{"damage":29.0,"enemies":"Cultist and Chosen","floor":28.0,"turns":4.0},{"damage":49.0,"enemies":"Slavers","floor":29.0,"turns":4.0},{"damage":33.0,"enemies":"Shelled Parasite and Fungi","floor":31.0,"turns":2.0},{"damage":110.0,"enemies":"Automaton","floor":33.0,"turns":5.0},{"damage":69.0,"enemies":"3 Shapes","floor":35.0,"turns":2.0},{"damage":7.0,"enemies":"3 Darklings","floor":37.0,"turns":1.0},{"damage":23.0,"enemies":"Maw","floor":39.0,"turns":2.0},{"damage":12.0,"enemies":"Giant Head","floor":40.0,"turns":3.0},{"damage":51.0,"enemies":"Nemesis","floor":42.0,"turns":4.0},{"damage":177.0,"enemies":"Transient","floor":44.0,"turns":5.0},{"damage":5.0,"enemies":"Giant Head","floor":45.0,"turns":2.0},{"damage":47.0,"enemies":"Sphere and 2 Shapes","floor":46.0,"turns":1.0},{"damage":17.0,"enemies":"3 Darklings","floor":47.0,"turns":2.0},{"damage":50.0,"enemies":"Maw","floor":48.0,"turns":2.0},{"damage":7,"enemies":"Awakened One","floor":50,"turns":1}],"seed_played":"7995199194707790022","potions_obtained":[{"floor":6.0,"key":"DuplicationPotion"},{"floor":12.0,"key":"Weak Potion"},{"floor":19.0,"key":"DistilledChaos"},{"floor":20.0,"key":"Block Potion"},{"floor":24.0,"key":"Block Potion"},{"floor":39.0,"key":"BloodPotion"},{"floor":40.0,"key":"Regen Potion"}],"is_trial":false,"path_per_floor":["M","$","?","M","M","E","?","R","T","E","?","E","M","?","R","B",null,"M","M","M","M","$","R","E","M","T","E","M","E","?","M","R","B",null,"M","?","M","$","M","E","R","E","T","M","E","M","M","M","R","B",null],"character_chosen":"IRONCLAD","items_purchased":["Molten Egg 2","TH:HealthInsurance","Regal Pillow","Torii","Feel No Pain"],"campfire_rested":1,"item_purchase_floors":[2,22,38,38,38],"current_hp_per_floor":[80,80,80,80,80,42,35,35,35,35,35,23,19,19,43,17,80,69,70,68,88,88,88,88,95,95,95,93,78,78,80,80,57,103,55,42,65,65,78,107,107,87,87,64,107,72,96,83,107,95],"gold":144,"neow_bonus":"","is_daily":false,"chose_seed":false,"campfire_upgraded":5,"win_rate":0.0,"timestamp":1608175157,"path_taken":["M","$","?","?","M","E","?","R","T","E","?","E","?","?","R","BOSS","M","M","M","M","$","R","E","M","T","E","M","E","?","M","R","BOSS","M","?","M","$","M","E","R","E","T","M","E","M","M","M","R","BOSS"],"items_purchased_type":["Relic","Relic","Relic","Relic","Card"],"build_version":"2020-12-13","purchased_purges":1,"victory":true,"max_hp_per_floor":[80,80,80,80,80,80,80,80,80,80,80,80,80,80,80,80,80,80,80,80,95,95,95,95,95,95,95,95,99,99,103,103,103,103,107,107,107,107,107,107,107,107,107,107,107,107,107,107,107,107],"card_choices":[{"not_picked":["Bloodbath","MHz"],"picked":"OldLady","floor":1.0},{"not_picked":["Armaments","Clothesline"],"picked":"Heavy Blade","floor":1.0},{"not_picked":["Shockwave","Cleave+1"],"picked":"Reckless Charge+1","floor":4.0},{"not_picked":["Bloodbath","VoidDream"],"picked":"CrumblingArmor","floor":4.0},{"not_picked":["Headbutt+1","Pommel Strike+1"],"picked":"Anger+1","floor":5.0},{"not_picked":["UniverseFragment","CherryBlossoms"],"picked":"FairyFestival","floor":5.0},{"not_picked":["TH:TreasureMap"],"picked":"TH:Mimic","floor":6.0},{"not_picked":["Clothesline+1","Pommel Strike+1"],"picked":"Sever Soul+1","floor":6.0},{"not_picked":["UniverseFragment","Scorched"],"picked":"BlackSwan","floor":6.0},{"not_picked":["TH:TreasureMap"],"picked":"TH:CursedSword","floor":9.0},{"not_picked":["TH:EnergyPotion"],"picked":"TH:CopperCoins","floor":10.0},{"not_picked":["Headbutt+1","Battle Trance"],"picked":"Sword Boomerang+1","floor":10.0},{"not_picked":["UniverseFragment","BeautyBeast"],"picked":"WallGazer","floor":10.0},{"not_picked":["TH:ElvenBoots"],"picked":"TH:Mimic","floor":12.0},{"not_picked":["LittleHelper","UniverseFragment"],"picked":"VoidDream","floor":12.0},{"not_picked":["Rage","Armaments","Clash+1"],"picked":"SKIP","floor":12.0},{"not_picked":["Rage","Armaments","Clash+1"],"picked":"SKIP","floor":12.0},{"not_picked":["Armaments","Reckless Charge+1"],"picked":"Sword Boomerang+1","floor":13.0},{"not_picked":["Porccubus","Scorched"],"picked":"OSAHOGD","floor":13.0},{"not_picked":["TH:ElvenBoots"],"picked":"TH:Mimic","floor":16.0},{"not_picked":["Fiend Fire+1","Impervious"],"picked":"Brutality","floor":16.0},{"not_picked":["Scorched","LaLuna"],"picked":"Porccubus","floor":16.0},{"not_picked":["Variant","PlagueDoctor"],"picked":"RedShoes","floor":18.0},{"not_picked":["Perfected Strike+1","Second Wind","Headbutt+1"],"picked":"SKIP","floor":18.0},{"not_picked":["Perfected Strike+1","Second Wind","Headbutt+1"],"picked":"SKIP","floor":18.0},{"not_picked":["Wild Strike+1","Perfected Strike+1"],"picked":"Thunderclap+1","floor":19.0},{"not_picked":["MHz","Scorched","Freischutz"],"picked":"Singing Bowl","floor":19.0},{"not_picked":["Scorched","Woodsman"],"picked":"QueenOfHatred","floor":19.0},{"not_picked":["Body Slam+1","Battle Trance"],"picked":"Sever Soul+1","floor":20.0},{"not_picked":["WhitesApple","ShyLook"],"picked":"SpiderBud","floor":20.0},{"not_picked":["Twin Strike+1","Flex+1"],"picked":"Metallicize+1","floor":21.0},{"not_picked":["PunishingBird","BeautyBeast"],"picked":"Laetitia","floor":21.0},{"not_picked":["TH:CopperCoins"],"picked":"TH:DeckOfManyThings","floor":24.0},{"not_picked":["Shockwave","Combust"],"picked":"Feed+1","floor":24.0},{"not_picked":["Alriune","Murderer"],"picked":"BodiesMountain","floor":24.0},{"not_picked":["Shrug It Off+1","Cleave+1"],"picked":"Hemokinesis+1","floor":25.0},{"not_picked":["MeatLantern","QueenBee"],"picked":"HeroicMonk","floor":25.0},{"not_picked":["TH:EnergyPotion"],"picked":"TH:Mimic","floor":26.0},{"not_picked":["TH:ArmorSpikes"],"picked":"TH:TreasureMap","floor":27.0},{"not_picked":["Wellcheers","NakedNest"],"picked":"Funeral","floor":27.0},{"not_picked":["Flex+1","True Grit","Burning Pact"],"picked":"SKIP","floor":27.0},{"not_picked":["Flex+1","True Grit","Burning Pact"],"picked":"SKIP","floor":27.0},{"not_picked":["Headbutt+1","Rampage+1"],"picked":"Combust+1","floor":28.0},{"not_picked":["Variant","QueenBee"],"picked":"UniverseFragment","floor":28.0},{"not_picked":["TH:ArmorSpikes"],"picked":"TH:Mimic","floor":29.0},{"not_picked":["Armaments","Shockwave"],"picked":"Metallicize","floor":29.0},{"not_picked":["ShyLook","DespairKnight"],"picked":"BlackArmy","floor":29.0},{"not_picked":["GreedKing","WhitesApple"],"picked":"BigBird","floor":31.0},{"not_picked":["Rage","Spot Weakness+1","Warcry"],"picked":"SKIP","floor":31.0},{"not_picked":["Rage","Spot Weakness+1","Warcry"],"picked":"SKIP","floor":31.0},{"not_picked":["TH:ArmorSpikes"],"picked":"TH:CopperCoins","floor":33.0},{"not_picked":["Corruption","Impervious"],"picked":"Offering","floor":33.0},{"not_picked":["DespairKnight","LaLuna"],"picked":"Mercenary","floor":33.0},{"not_picked":["Scorched","Murderer","BlackArmy"],"picked":"Singing Bowl","floor":35.0},{"not_picked":["Variant","Scorched"],"picked":"Scarecrow","floor":35.0},{"not_picked":["Headbutt+1"],"picked":"SKIP","floor":35.0},{"not_picked":["Headbutt+1"],"picked":"SKIP","floor":35.0},{"not_picked":["Wellcheers","Yin"],"picked":"LittlePrince","floor":37.0},{"not_picked":["Disarm+1"],"picked":"SKIP","floor":37.0},{"not_picked":["Disarm+1"],"picked":"SKIP","floor":37.0},{"not_picked":[],"picked":"Hemokinesis+1","floor":39.0},{"not_picked":["CherryBlossoms","GreedKing"],"picked":"BlueStar","floor":39.0},{"not_picked":[],"picked":"TH:CursedSword","floor":40.0},{"not_picked":[],"picked":"Headbutt+1","floor":40.0},{"not_picked":["BigBadWolf","LaLuna"],"picked":"GalaxyChild","floor":40.0},{"not_picked":[],"picked":"TH:DeckOfManyThings","floor":42.0},{"not_picked":[],"picked":"Dark Embrace+1","floor":42.0},{"not_picked":["CherryBlossoms","CENSORED"],"picked":"HappyTeddy","floor":42.0},{"not_picked":[],"picked":"TH:BikiniMail","floor":43.0},{"not_picked":["SingingMachine","LaLuna"],"picked":"DreamingCurrent","floor":44.0},{"not_picked":["Perfected Strike+1"],"picked":"SKIP","floor":44.0},{"not_picked":[],"picked":"TH:BikiniMail","floor":45.0},{"not_picked":[],"picked":"Whirlwind+1","floor":45.0},{"not_picked":["MeltingLove","WallGazer"],"picked":"LittleHelper","floor":45.0},{"not_picked":["SnowQueen","FieryBird"],"picked":"Yin","floor":46.0},{"not_picked":["Burning Pact"],"picked":"SKIP","floor":46.0},{"not_picked":["Burning Pact"],"picked":"SKIP","floor":46.0},{"not_picked":[],"picked":"Reckless Charge+1","floor":47.0},{"not_picked":["NakedNest","LaLuna","MeatLantern"],"picked":"Singing Bowl","floor":48.0},{"not_picked":["GreedKing","QueenBee"],"picked":"Woodsman","floor":48.0},{"not_picked":["Battle Trance+1"],"picked":"SKIP","floor":48.0},{"not_picked":["Battle Trance+1"],"picked":"SKIP","floor":48.0}],"player_experience":1738193,"relics_obtained":[{"floor":6.0,"key":"HornCleat"},{"floor":9.0,"key":"TH:Strongbox"},{"floor":10.0,"key":"Unceasing Top"},{"floor":12.0,"key":"Toy Ornithopter"},{"floor":24.0,"key":"Blue Candle"},{"floor":26.0,"key":"Lizard Tail"},{"floor":27.0,"key":"Bird Faced Urn"},{"floor":29.0,"key":"Shuriken"},{"floor":30.0,"key":"The Courier"},{"floor":31.0,"key":"AtMidnight"},{"floor":40.0,"key":"Eternal Feather"},{"floor":42.0,"key":"Gremlin Horn"},{"floor":43.0,"key":"Frozen Egg 2"},{"floor":45.0,"key":"Dream Catcher"}],"event_choices":[{"damage_healed":0.0,"max_hp_gain":0.0,"max_hp_loss":0.0,"gold_gain":0.0,"event_name":"Match and Keep!","player_choice":"3 cards matched","floor":3.0,"gold_loss":0.0,"damage_taken":0.0,"cards_obtained":["Limit Break","Blind","Whirlwind"]},{"cards_removed":["Defend_R"],"damage_healed":0.0,"max_hp_gain":0.0,"max_hp_loss":0.0,"gold_gain":0.0,"event_name":"Golden Wing","player_choice":"Card Removal","floor":7.0,"gold_loss":0.0,"damage_taken":7.0},{"damage_healed":0.0,"max_hp_gain":0.0,"max_hp_loss":0.0,"gold_gain":100.0,"event_name":"Wheel of Change","player_choice":"Gold","floor":11.0,"gold_loss":0.0,"damage_taken":0.0},{"damage_healed":0.0,"max_hp_gain":0.0,"max_hp_loss":0.0,"gold_gain":0.0,"event_name":"Dead Adventurer","player_choice":"Searched \u00270\u0027 times","floor":14.0,"gold_loss":0.0,"damage_taken":0.0},{"damage_healed":0.0,"max_hp_gain":0.0,"max_hp_loss":0.0,"gold_gain":0.0,"event_name":"Wheel of Change","player_choice":"Relic","floor":30.0,"gold_loss":0.0,"damage_taken":0.0},{"damage_healed":0.0,"max_hp_gain":0.0,"max_hp_loss":0.0,"gold_gain":0.0,"event_name":"Winding Halls","player_choice":"Embrace Madness","floor":36.0,"gold_loss":0.0,"damage_taken":13.0,"cards_obtained":["Madness","Madness"]}],"is_beta":false,"boss_relics":[{"not_picked":["Pandora\u0027s Box","Sozu"],"picked":"Mark of Pain"},{"not_picked":["Tiny House","Runic Dome"],"picked":"Busted Crown"}],"items_purged_floors":[22],"is_endless":false,"potions_floor_spawned":[6,12,19,20,24,39,40,45,46,48],"ascension_level":0}}