{"host":"k5dhp0bkccqfauyu","time":1608198891,"event":{"mods":["BaseMod","Better Note","Better Skull","Better Vampires","Colored Map","Colored Powertips","DeckTracker","Minty Spire (QoL Compilation)","Permanent Neow","StSLib","SuperFastMode"],"gold_per_floor":[16,34,53,53,53,53,93,93,120,120,136,177,51,84,96,108,108],"floor_reached":16,"playtime":365,"items_purged":["Strike_B"],"score":236,"play_id":"3ce0599a-5d05-43be-8cfb-596c60216a70","local_time":"20201217205451","is_ascension_mode":true,"campfire_choices":[{"data":"Hyperbeam","floor":6,"key":"SMITH"},{"data":"Beam Cell","floor":8,"key":"SMITH"},{"data":"Zap","floor":10,"key":"SMITH"},{"data":"Creative AI","floor":15,"key":"SMITH"}],"circlet_count":0,"master_deck":["AscendersBane","Strike_B","Strike_B","Strike_B","Defend_B","Defend_B","Defend_B+1","Defend_B","Zap+1","Dualcast","Hyperbeam+1","Conserve Battery","Rebound+1","Beam Cell+1","Creative AI+1","BootSequence","Coolheaded","Storm"],"relics":["Cracked Core","Golden Idol","Art of War","Juzu Bracelet","Toy Ornithopter","MawBank"],"acts_visited":["Exordium"],"potions_floor_usage":[12,16],"damage_taken":[{"damage":2,"enemies":"Jaw Worm","floor":1,"turns":2},{"damage":0,"enemies":"Cultist","floor":2,"turns":3},{"damage":0,"enemies":"Small Slimes","floor":3,"turns":1},{"damage":3,"enemies":"3 Sentries","floor":7,"turns":3},{"damage":0,"enemies":"3 Louse","floor":11,"turns":3},{"damage":8,"enemies":"Gremlin Nob","floor":12,"turns":3},{"damage":10,"enemies":"3 Sentries","floor":14,"turns":3},{"damage":36,"enemies":"The Guardian","floor":16,"turns":2}],"seed_played":"5655061238974979709","potions_obtained":[{"floor":7,"key":"PowerPotion"},{"floor":11,"key":"Dexterity Potion"},{"floor":14,"key":"Regen Potion"}],"is_trial":false,"path_per_floor":["M","M","M","?","?","R","E","R","T","R","M","E","$","E","R","B"],"character_chosen":"DEFECT","items_purchased":["Coolheaded"],"campfire_rested":0,"item_purchase_floors":[13],"current_hp_per_floor":[62,62,62,62,43,43,40,40,40,40,40,32,32,22,22,0,0],"gold":108,"neow_bonus":"THREE_RARE_CARDS","is_daily":false,"chose_seed":false,"campfire_upgraded":4,"win_rate":0.0,"timestamp":1608198891,"path_taken":["M","M","M","?","?","R","E","R","T","R","M","E","?","E","R","BOSS"],"items_purchased_type":["Card"],"build_version":"2020-12-13","purchased_purges":1,"victory":false,"max_hp_per_floor":[71,71,71,64,64,64,64,64,64,64,64,64,64,64,64,64,64],"card_choices":[{"not_picked":["Echo Form","Meteor Strike"],"picked":"Hyperbeam","floor":0},{"not_picked":["Redo","Darkness"],"picked":"Conserve Battery","floor":1},{"not_picked":["Lockon","Stack","Steam"],"picked":"SKIP","floor":2},{"not_picked":["Redo","Static Discharge"],"picked":"Rebound","floor":3},{"not_picked":["Redo","Rebound"],"picked":"Beam Cell","floor":7},{"not_picked":["Reprogram","Steam"],"picked":"Creative AI","floor":11},{"not_picked":["Conserve Battery","Turbo"],"picked":"BootSequence","floor":12},{"not_picked":["Reprogram","Coolheaded"],"picked":"Storm","floor":14}],"player_experience":1767250,"relics_obtained":[{"floor":7,"key":"Art of War"},{"floor":9,"key":"Juzu Bracelet"},{"floor":12,"key":"Toy Ornithopter"},{"floor":14,"key":"MawBank"}],"event_choices":[{"damage_healed":0,"gold_gain":0,"player_choice":"Lose Max HP","damage_taken":0,"relics_obtained":["Golden Idol"],"max_hp_gain":0,"max_hp_loss":7,"event_name":"Golden Idol","floor":4,"gold_loss":0},{"damage_healed":0,"gold_gain":0,"player_choice":"Entered Light","damage_taken":19,"max_hp_gain":0,"max_hp_loss":0,"event_name":"Shining Light","floor":5,"gold_loss":0,"cards_upgraded":["Rebound","Defend_B"]}],"is_beta":false,"boss_relics":[],"items_purged_floors":[13],"is_endless":false,"potions_floor_spawned":[7,11,14],"killed_by":"The Guardian","ascension_level":20}}