{"host":"30p6vp5e6xgjixv6","time":1608186667,"event":{"mods":["AchievementEnabler","BaseMod","Better Match","Better Note","BetterRewards","Colored Map","Colored Powertips","Downfall","Gremlin Skip","Minty Spire (QoL Compilation)","Quick Restart","Rare Cards Sparkle","Relic Filter","StSLib","The IronCluck"],"gold_per_floor":[99,128,41,70,70,89,112,112,141,141,154,172,188,202,217,321,321,321,346,346,346,366,366,420,420,452,452,467,486,486,497,514,514,514],"floor_reached":33,"playtime":1484,"items_purged":[],"score":375,"play_id":"0a4bd822-aa92-49d6-85cc-b185c382adfc","local_time":"20201217013107","is_ascension_mode":true,"campfire_choices":[{"data":"hexamod:Sear","floor":1,"key":"SMITH"},{"data":"Madness","floor":10,"key":"SMITH"},{"data":"hexamod:Float","floor":18,"key":"SMITH"},{"data":"hexamod:RadiantFlame","floor":23,"key":"SMITH"},{"floor":25,"key":"REST"},{"floor":27,"key":"REST"}],"circlet_count":0,"master_deck":["hexamod:Strike","hexamod:Strike+1","hexamod:Strike","hexamod:Strike+1","hexamod:Defend","hexamod:Defend","hexamod:Defend","hexamod:Defend+1","hexamod:Sear+1","hexamod:Float+1","hexamod:RadiantFlame+1","hexamod:PhantomFireball","Madness+1","Regret","Clothesline","All For One","sneckomod:UnknownUncommonPower","sneckomod:WideSting","EmptyBody+1","Double Energy+1","hexamod:FourthSeal","hexamod:WildfireWeapon","Blur+1","Terror+1"],"relics":["hexamod:SpiritBrand","downfall:HeartsMalice","PrismaticShard","Blood Vial","PreservedInsect","Matryoshka","Toxic Egg 2","hexamod:IceCube","Kunai","Akabeko","Potion Belt","Sundial"],"acts_visited":["Exordium","TheCity"],"potions_floor_usage":[9,16,16,16,19,22,28,29,31,33],"damage_taken":[{"damage":0,"enemies":"Gremlin Nob","floor":2,"turns":1},{"damage":0,"enemies":"downfall:FleeingMerchant","floor":3,"turns":1},{"damage":0,"enemies":"Lagavulin","floor":4,"turns":1},{"damage":5,"enemies":"Jaw Worm","floor":6,"turns":2},{"damage":6,"enemies":"3 Sentries","floor":9,"turns":7},{"damage":2,"enemies":"Cultist","floor":11,"turns":3},{"damage":0,"enemies":"2 Louse","floor":12,"turns":3},{"damage":8,"enemies":"Lots of Slimes","floor":13,"turns":6},{"damage":3,"enemies":"Blue Slaver","floor":14,"turns":4},{"damage":7,"enemies":"Exordium Thugs","floor":15,"turns":3},{"damage":74,"enemies":"downfall:Silent","floor":16,"turns":12},{"damage":60,"enemies":"Slavers","floor":19,"turns":8},{"damage":9,"enemies":"Shell Parasite","floor":22,"turns":6},{"damage":17,"enemies":"Book of Stabbing","floor":26,"turns":5},{"damage":7,"enemies":"3 Cultists","floor":28,"turns":5},{"damage":20,"enemies":"Centurion and Healer","floor":29,"turns":8},{"damage":27,"enemies":"Sentry and Sphere","floor":31,"turns":6},{"damage":18,"enemies":"Snake Plant","floor":32,"turns":4},{"damage":16,"enemies":"downfall:Defect","floor":33,"turns":3}],"seed_played":"-4653338219344619966","potions_obtained":[{"floor":6,"key":"EntropicBrew"},{"floor":11,"key":"FairyPotion"},{"floor":13,"key":"DuplicationPotion"},{"floor":19,"key":"FearPotion"},{"floor":21,"key":"FairyPotion"},{"floor":21,"key":"Fire Potion"},{"floor":22,"key":"FairyPotion"},{"floor":26,"key":"AttackPotion"},{"floor":28,"key":"Weak Potion"},{"floor":28,"key":"DuplicationPotion"},{"floor":29,"key":"GamblersBrew"},{"floor":30,"key":"CultistPotion"},{"floor":32,"key":"PowerPotion"}],"is_trial":false,"path_per_floor":["R","E","$","E","?","M","T","T","E","R","M","M","M","M","M","B",null,"R","E","?","?","M","R","T","R","E","R","M","M","?","M","M","B"],"character_chosen":"THE_SPIRIT","items_purchased":["hexamod:PhantomFireball","PowerPotion"],"campfire_rested":2,"item_purchase_floors":[3,3],"current_hp_per_floor":[70,70,70,70,70,65,65,65,61,61,61,63,57,56,51,4,70,70,10,10,10,3,3,3,24,9,30,25,7,7,5,12,0,0],"gold":514,"neow_bonus":"THREE_ENEMY_KILL","is_daily":false,"chose_seed":false,"campfire_upgraded":4,"win_rate":0.0,"timestamp":1608186667,"path_taken":["R","E","$","E","?","M","T","?","E","R","?","M","M","M","M","BOSS","R","E","?","?","M","R","T","R","E","R","?","?","?","M","M","BOSS"],"items_purchased_type":["Card","Potion"],"build_version":"2020-12-13","purchased_purges":0,"victory":false,"max_hp_per_floor":[70,70,70,70,70,70,70,70,70,70,70,70,70,70,70,70,70,70,70,70,70,70,70,70,70,70,70,70,70,70,70,70,70,70],"card_choices":[{"not_picked":["hexamod:EmpoweredFlame","hexamod:DynamicBlow"],"picked":"hexamod:RadiantFlame","floor":2},{"not_picked":["Poisoned Stab","Combust","EmptyMind"],"picked":"SKIP","floor":3},{"not_picked":["hexamod:BacktrackSmack","Anger"],"picked":"Madness","floor":4},{"not_picked":["Guardian:Gem_Green","Clash"],"picked":"Clothesline","floor":6},{"not_picked":["Pray+1","champ:BerserkersShout+1"],"picked":"All For One","floor":9},{"not_picked":["EmptyFist","sneckomod:RainOfDice"],"picked":"sneckomod:UnknownUncommonPower","floor":11},{"not_picked":["Evaluate+1","ThirdEye+1","Guardian:BronzeOrb"],"picked":"SKIP","floor":12},{"not_picked":["Slimebound:Gluttony","MentalFortress"],"picked":"sneckomod:WideSting","floor":13},{"not_picked":["Acrobatics+1","sneckomod:SoulDraw+1","champ:GladiatorStyle"],"picked":"SKIP","floor":14},{"not_picked":["Hello World","hexamod:SpectralAdrenaline+1"],"picked":"EmptyBody+1","floor":15},{"not_picked":["Guardian:Gem_Lightblue","Thinking Ahead+1"],"picked":"Double Energy+1","floor":19},{"not_picked":["sneckomod:UnknownCommonAttack+1","champ:Haymaker","champ:Encircle"],"picked":"SKIP","floor":22},{"not_picked":["Genetic Algorithm+1","Quick Slash+1"],"picked":"hexamod:WildfireWeapon","floor":26},{"not_picked":["Twin Strike","Glacier+1"],"picked":"Blur+1","floor":28},{"not_picked":["BowlingBash+1","hexamod:RainOfEmbers"],"picked":"Terror+1","floor":29},{"not_picked":["Dash","Guardian:Gem_Lightblue","Slimebound:GoopTackle+1"],"picked":"SKIP","floor":31},{"not_picked":["Havoc+1","champ:RisingSlash","Slimebound:ComboTackle+1"],"picked":"SKIP","floor":32}],"player_experience":186851,"relics_obtained":[{"floor":2,"key":"PrismaticShard"},{"floor":4,"key":"Blood Vial"},{"floor":7,"key":"PreservedInsect"},{"floor":8,"key":"Matryoshka"},{"floor":9,"key":"Toxic Egg 2"},{"floor":19,"key":"Kunai"},{"floor":24,"key":"Akabeko"},{"floor":24,"key":"Potion Belt"},{"floor":26,"key":"Sundial"}],"event_choices":[{"damage_healed":0,"gold_gain":0,"player_choice":"Got Potions","damage_taken":0,"max_hp_gain":0,"max_hp_loss":0,"event_name":"Lab","floor":21,"gold_loss":0}],"is_beta":false,"boss_relics":[{"not_picked":["Philosopher\u0027s Stone","SacredBark"],"picked":"hexamod:IceCube"}],"items_purged_floors":[],"is_endless":false,"potions_floor_spawned":[6,11,13,14,15,19,22,28],"killed_by":"downfall:Defect","ascension_level":1}}