{"host":"0rxdudjy6rylha1k","time":1608168132,"event":{"mods":["Aspiration","BaseMod","Colored Map","Colored Powertips","Downfall","Highlight Path","Hubris","Minty Spire (QoL Compilation)","StSLib"],"gold_per_floor":[0,17,17,17,35,62,108,33,47,74,99,21,41,41,68,68,68],"floor_reached":16,"playtime":1083,"items_purged":["Pain"],"score":118,"play_id":"3d27ab7d-0378-4ea0-b60a-b61537ad85e7","local_time":"20201216182212","is_ascension_mode":true,"campfire_choices":[{"floor":1.0,"key":"RECALL"},{"data":"champ:ArenaPreparation","floor":3.0,"key":"SMITH"},{"data":"champ:TornadoPunch","floor":8.0,"key":"SMITH"}],"circlet_count":0,"master_deck":["champ:Strike","champ:Strike","champ:Strike","champ:Strike","champ:Defend","champ:Defend","champ:Defend","champ:Defend","champ:Execute","champ:Taunt","champ:ArenaPreparation+1","champ:TornadoPunch+1","champ:EnragedBash","champ:Haymaker","champ:GutPunch","champ:MurderStrike","champ:StanceDance","champ:FlashCut","champ:Aggression"],"relics":["champ:ChampionCrown","FossilizedHelix","WarpedTongs","Oddly Smooth Stone","downfall:HeartBlessingGreen","MawBank","CeramicFish"],"acts_visited":["Exordium"],"potions_floor_usage":[11],"damage_taken":[{"damage":4.0,"enemies":"Cultist","floor":2.0,"turns":3.0},{"damage":8.0,"enemies":"Jaw Worm","floor":5.0,"turns":4.0},{"damage":45.0,"enemies":"3 Sentries","floor":6.0,"turns":6.0},{"damage":11.0,"enemies":"2 Louse","floor":9.0,"turns":2.0},{"damage":45.0,"enemies":"Gremlin Nob","floor":10.0,"turns":5.0},{"damage":6,"enemies":"Lots of Slimes","floor":11,"turns":4},{"damage":18,"enemies":"downfall:FleeingMerchant","floor":12,"turns":4},{"damage":9,"enemies":"Red Slaver","floor":13,"turns":1},{"damage":13,"enemies":"3 Louse","floor":15,"turns":4},{"damage":42,"enemies":"downfall:Watcher","floor":16,"turns":4}],"seed_played":"-404214531605527750","potions_obtained":[{"floor":5.0,"key":"champ:CounterPotion"},{"floor":6.0,"key":"SkillPotion"},{"floor":10.0,"key":"SpeedPotion"}],"is_trial":false,"path_per_floor":["R","M","R","?","M","E","T","R","M","E","M","$","M","?","M","B"],"character_chosen":"THE_CHAMP","items_purchased":[],"campfire_rested":0,"item_purchase_floors":[],"current_hp_per_floor":[90,90,90,90,87,52,52,52,57,24,21,18,14,14,23,0,0],"gold":68,"neow_bonus":"ONE_RARE_RELIC","is_daily":false,"chose_seed":false,"campfire_upgraded":2,"win_rate":0.0,"timestamp":1608168132,"path_taken":["R","M","R","?","M","E","T","R","?","E","M","$","M","?","M","BOSS"],"items_purchased_type":[],"build_version":"2020-12-13","purchased_purges":1,"victory":false,"max_hp_per_floor":[90,90,90,90,90,90,90,90,90,90,90,90,90,90,90,90,90],"card_choices":[{"not_picked":["champ:FightOn","champ:FanOfKnives"],"picked":"champ:ArenaPreparation","floor":2.0},{"not_picked":["champ:BringItOn","champ:EnragedBash"],"picked":"champ:TornadoPunch","floor":5.0},{"not_picked":["champ:SkillfulDodge","champ:ShieldThrow"],"picked":"champ:EnragedBash","floor":6.0},{"not_picked":["champ:FanOfKnives","champ:Backstep"],"picked":"champ:Haymaker","floor":9.0},{"not_picked":["champ:Backstep","champ:ShieldSigil"],"picked":"champ:GutPunch","floor":10.0},{"not_picked":["champ:GladiatorsShout","champ:DeathBlow"],"picked":"champ:MurderStrike","floor":11},{"not_picked":["champ:Lariat","champ:FightOn"],"picked":"champ:StanceDance","floor":12},{"not_picked":["champ:ShieldSigil","champ:ViciousMockery"],"picked":"champ:FlashCut","floor":13},{"not_picked":["champ:ShieldSigil","champ:Backstep"],"picked":"champ:Aggression","floor":15}],"player_experience":2259439,"relics_obtained":[{"floor":6.0,"key":"Oddly Smooth Stone"},{"floor":10.0,"key":"MawBank"}],"event_choices":[{"damage_healed":0.0,"max_hp_gain":0.0,"max_hp_loss":0.0,"gold_gain":0.0,"event_name":"Accursed Blacksmith","player_choice":"Rummage","floor":4.0,"gold_loss":0.0,"damage_taken":0.0,"relics_obtained":["WarpedTongs"],"cards_obtained":["Pain"]}],"is_beta":false,"boss_relics":[],"items_purged_floors":[12],"is_endless":false,"potions_floor_spawned":[5,6,10],"killed_by":"downfall:Watcher","ascension_level":1}}