{"host":"syfd7bej9fmvsdy8","time":1608244081,"event":{"mods":["Act Like it!","BaseMod","BetterRewards","Colored Map","Colored Powertips","Downfall","Elementarium","Gensokyo","Hallownest","Hubris","Infinite Spire","Minty Spire (QoL Compilation)","Quick Restart","Rare Cards Sparkle","Replay The Spire","Shade Mod","Shop Mod","Spikes Relics","StSLib"],"gold_per_floor":[115,130,55,55,66,66,98,116,116,116,166,183,183,183,183,183,183],"floor_reached":16,"playtime":669,"items_purged":["Strike_G","hexamod:Haunted"],"score":100,"play_id":"df0329a3-275c-48b5-b206-1bce2341f824","local_time":"20201217222801","is_ascension_mode":false,"campfire_choices":[{"data":"Deflect","floor":6,"key":"SMITH"},{"data":"Defend_G","floor":10,"key":"SMITH"},{"data":"Defend_G","floor":13,"key":"SMITH"},{"floor":15,"key":"REST"}],"circlet_count":0,"master_deck":["Strike_G","Strike_G","Strike_G","Strike_G","Defend_G+1","Defend_G+1","Defend_G","Defend_G","Defend_G","Survivor","Neutralize+1","Quick Slash","Sucker Punch","Deflect+1","Quick Slash","Die Die Die"],"relics":["Ring of the Snake","NeowsBlessing","ReplayTheSpireMod:TigerMarble","Anchor","ReplayTheSpireMod:CursedCoin"],"acts_visited":["Exordium"],"potions_floor_usage":[16,16,16],"damage_taken":[{"damage":0,"enemies":"2 Louse","floor":1,"turns":1},{"damage":0,"enemies":"Cultist","floor":2,"turns":1},{"damage":0,"enemies":"Small Slimes","floor":5,"turns":1},{"damage":30,"enemies":"3 Sentries","floor":7,"turns":11},{"damage":7,"enemies":"Looter","floor":8,"turns":3},{"damage":0,"enemies":"Gremlin Gang","floor":12,"turns":2},{"damage":34,"enemies":"Hexaghost","floor":16,"turns":12}],"seed_played":"4078620073491464150","potions_obtained":[{"floor":1,"key":"PowerPotion"},{"floor":2,"key":"Ancient Potion"},{"floor":7,"key":"Dexterity Potion"}],"is_trial":false,"path_per_floor":["M","M","$","?","M","R","E","M","T","R","$","M","R","?","R","B"],"character_chosen":"THE_SILENT","items_purchased":["ReplayTheSpireMod:CursedCoin"],"campfire_rested":1,"item_purchase_floors":[11],"current_hp_per_floor":[70,70,70,70,70,70,40,33,33,33,33,33,33,8,29,0,0],"gold":183,"neow_bonus":"THREE_ENEMY_KILL","is_daily":false,"chose_seed":false,"campfire_upgraded":3,"win_rate":0.0,"timestamp":1608244081,"path_taken":["M","M","$","?","?","R","E","M","T","R","?","M","R","?","R","BOSS"],"items_purchased_type":["Relic"],"build_version":"2020-12-13","purchased_purges":2,"victory":false,"max_hp_per_floor":[70,70,70,70,70,70,70,70,70,70,70,70,70,70,70,70,70],"card_choices":[{"not_picked":["Hidden Blade","Dagger Spray"],"picked":"Quick Slash","floor":1},{"not_picked":["Reflex","Slice"],"picked":"Sucker Punch","floor":2},{"not_picked":["Underhanded Strike","hubris:SlightOfHand"],"picked":"Deflect","floor":5},{"not_picked":["Cloak And Dagger","ReplayTheSpireMod:The Works"],"picked":"Quick Slash","floor":7},{"not_picked":["Masterful Stab","Deadly Poison"],"picked":"Die Die Die","floor":8},{"not_picked":["Footwork","ReplayTheSpireMod:Speed Training","Underhanded Strike"],"picked":"SKIP","floor":12}],"player_experience":167339,"relics_obtained":[{"floor":7,"key":"ReplayTheSpireMod:TigerMarble"},{"floor":9,"key":"Anchor"}],"event_choices":[{"damage_healed":0,"gold_gain":0,"player_choice":"Forge","damage_taken":0,"max_hp_gain":0,"max_hp_loss":0,"event_name":"Accursed Blacksmith","floor":4,"gold_loss":0,"cards_upgraded":["Neutralize"]},{"damage_healed":0,"gold_gain":0,"player_choice":"Fled","damage_taken":25,"max_hp_gain":0,"max_hp_loss":0,"event_name":"Scrap Ooze","floor":14,"gold_loss":0}],"is_beta":false,"boss_relics":[],"items_purged_floors":[3,11],"is_endless":false,"potions_floor_spawned":[1,2,7],"killed_by":"Hexaghost","ascension_level":0}}