{"host":"b6iqmq74l2bwzb3l","time":1608192743,"event":{"mods":["Astrologer","BaseMod","Colored Map","Colored Powertips","Googly Eyes","MarisaÅiñ∂âJÅ@ñÇóùçπÅj","Minty Spire (QoL Compilation)","Quick Restart","StSLib","The Cursed"],"gold_per_floor":[116,135,155,170,183,194,194,212,237,91,104,104,69,69,69,173,173,185,201,216,216,228,228,228,228],"floor_reached":24,"playtime":630,"items_purged":[],"score":244,"play_id":"74e08040-b39c-49ff-af1f-06d36d392adb","local_time":"20201217171223","is_ascension_mode":false,"campfire_choices":[{"data":"BattleHymn","floor":7,"key":"SMITH"},{"data":"ClearTheMind","floor":15,"key":"SMITH"},{"floor":23,"key":"REST"}],"circlet_count":0,"master_deck":["Strike_P","Strike_P","Strike_P","Strike_P","Defend_P","Defend_P","Defend_P+1","Defend_P+1","Eruption","Vigilance","ClearTheMind+1","BattleHymn+1","FollowUp","FollowUp+1","ReachHeaven+1","EmptyBody","LessonLearned","Perseverance","Alpha","FlurryOfBlows","Crescendo","InnerPeace+1"],"relics":["Philosopher\u0027s Stone","Juzu Bracelet","VioletLotus","Enchiridion"],"acts_visited":["Exordium","TheCity"],"potions_floor_usage":[16,22,24],"damage_taken":[{"damage":2,"enemies":"Jaw Worm","floor":1,"turns":3},{"damage":5,"enemies":"2 Louse","floor":2,"turns":2},{"damage":0,"enemies":"Small Slimes","floor":3,"turns":3},{"damage":23,"enemies":"3 Louse","floor":4,"turns":3},{"damage":0,"enemies":"Exordium Wildlife","floor":5,"turns":2},{"damage":0,"enemies":"2 Fungi Beasts","floor":6,"turns":2},{"damage":21,"enemies":"Lots of Slimes","floor":8,"turns":5},{"damage":5,"enemies":"Looter","floor":11,"turns":3},{"damage":0,"enemies":"Slime Boss","floor":16,"turns":4},{"damage":0,"enemies":"Chosen","floor":18,"turns":3},{"damage":31,"enemies":"3 Byrds","floor":19,"turns":4},{"damage":11,"enemies":"Snecko","floor":20,"turns":4},{"damage":11,"enemies":"Shelled Parasite and Fungi","floor":22,"turns":4},{"damage":15,"enemies":"Snake Plant","floor":24,"turns":3}],"seed_played":"2636720970198097742","potions_obtained":[{"floor":3,"key":"Block Potion"},{"floor":5,"key":"Dexterity Potion"},{"floor":8,"key":"LiquidBronze"},{"floor":19,"key":"PowerPotion"}],"is_trial":false,"path_per_floor":["M","M","M","M","M","M","R","M","T","$","M","?","?","$","R","B",null,"M","M","M","?","M","R","M"],"character_chosen":"WATCHER","items_purchased":["LessonLearned"],"campfire_rested":1,"item_purchase_floors":[10],"current_hp_per_floor":[70,65,65,42,42,42,42,21,21,21,16,2,20,20,20,20,72,72,41,30,14,3,24,9,9],"gold":228,"neow_bonus":"BOSS_RELIC","is_daily":false,"chose_seed":false,"campfire_upgraded":2,"win_rate":0.0,"timestamp":1608192743,"path_taken":["M","M","M","M","M","M","R","M","T","$","M","?","?","$","R","BOSS","M","M","M","?","M","R","M"],"items_purchased_type":["Card"],"build_version":"2020-12-13","purchased_purges":0,"victory":false,"max_hp_per_floor":[72,72,72,72,72,72,72,72,72,72,72,72,72,72,72,72,72,72,72,72,72,72,72,72,72],"card_choices":[{"not_picked":["Crescendo","Study"],"picked":"ClearTheMind","floor":1},{"not_picked":["EmptyBody","CrushJoints"],"picked":"BattleHymn","floor":2},{"not_picked":["Fasting2","FlyingSleeves"],"picked":"FollowUp","floor":3},{"not_picked":["FlyingSleeves","Brilliance"],"picked":"FollowUp","floor":4},{"not_picked":["Conclude","JustLucky"],"picked":"ReachHeaven","floor":5},{"not_picked":["SashWhip","FollowUp"],"picked":"EmptyBody","floor":6},{"not_picked":["ClearTheMind","Protect","PathToVictory"],"picked":"SKIP","floor":8},{"not_picked":["Indignation","Tantrum"],"picked":"Perseverance","floor":11},{"not_picked":["Blasphemy","Devotion"],"picked":"Alpha","floor":16},{"not_picked":["ThirdEye","EmptyFist+1","InnerPeace"],"picked":"SKIP","floor":18},{"not_picked":["BowlingBash","JustLucky"],"picked":"FlurryOfBlows","floor":19},{"not_picked":["Ragnarok","DeceiveReality"],"picked":"Crescendo","floor":20},{"not_picked":["FlyingSleeves","FlurryOfBlows"],"picked":"InnerPeace+1","floor":22}],"player_experience":315944,"relics_obtained":[{"floor":9,"key":"Juzu Bracelet"},{"floor":21,"key":"Enchiridion"}],"event_choices":[{"damage_healed":0,"gold_gain":0,"player_choice":"Entered Light","damage_taken":14,"max_hp_gain":0,"max_hp_loss":0,"event_name":"Shining Light","floor":12,"gold_loss":0,"cards_upgraded":["ReachHeaven","FollowUp"]},{"damage_healed":18,"gold_gain":0,"player_choice":"Healed","damage_taken":0,"max_hp_gain":0,"max_hp_loss":0,"event_name":"The Cleric","floor":13,"gold_loss":35},{"damage_healed":0,"gold_gain":0,"player_choice":"Obtained Book","damage_taken":16,"max_hp_gain":0,"max_hp_loss":0,"event_name":"Cursed Tome","floor":21,"gold_loss":0}],"is_beta":false,"boss_relics":[{"not_picked":["Runic Dome","Pandora\u0027s Box"],"picked":"VioletLotus"}],"items_purged_floors":[],"is_endless":false,"potions_floor_spawned":[3,5,8,19],"killed_by":"Snake Plant","ascension_level":0}}