{"host":"wl5kcyk3ocgwii71","time":1608190264,"event":{"mods":["AchievementEnabler","BaseMod","Better Altar","Better Match","Better Note","Better Sensory Stone","Better Skull","Better Third Choice","Colored Powertips","Downfall","Hermit","Minty Spire (QoL Compilation)","Quick Restart","Replay The Spire","StSLib","The Servant 0.9.4"],"gold_per_floor":[111,111,111,111,126,126,138,167,187,231,284,302,122,85,94,171,180,293,293,319,359,371,383,292,292,308,346,346,346,357,110,110,110],"floor_reached":32,"playtime":1173,"items_purged":["Strike_G","Guardian:Aged"],"score":376,"play_id":"6ee203db-1908-40e0-9e85-5d7add2ace77","local_time":"20201216233104","is_ascension_mode":true,"campfire_choices":[{"floor":17,"key":"REST"},{"data":"Noxious Fumes","floor":25,"key":"SMITH"}],"circlet_count":0,"master_deck":["Strike_G+1","Strike_G+1","Strike_G+1","Strike_G+1","Defend_G+1","Defend_G+1","Defend_G+1","Defend_G+1","Defend_G+1","Neutralize+1","Backflip","Predator","Cloak And Dagger","Flying Knee","Blade Dance","Infinite Blades","m_Survivalism","Noxious Fumes+1","Envenom","Bane","Footwork+1","PiercingWail"],"relics":["Black Star","Singing Bowl","Regal Pillow","War Paint","CeramicFish","Shuriken","Dream Catcher","Replay:Bronze Core","ReplayTheSpireMod:CursedCoin","Anchor","Strawberry","ReplayTheSpireMod:Ninjato","Centennial Puzzle","Oddly Smooth Stone"],"acts_visited":["Exordium","TheCity"],"potions_floor_usage":[8,10,27,27,27,31,32,32],"damage_taken":[{"damage":3,"enemies":"Cultist","floor":1,"turns":6},{"damage":0,"enemies":"Jaw Worm","floor":5,"turns":8},{"damage":0,"enemies":"2 Louse","floor":7,"turns":2},{"damage":37,"enemies":"Lagavulin","floor":8,"turns":9},{"damage":1,"enemies":"Looter","floor":9,"turns":4},{"damage":21,"enemies":"Gremlin Nob","floor":10,"turns":5},{"damage":2,"enemies":"Blue Slaver","floor":12,"turns":5},{"damage":10,"enemies":"The Guardian","floor":18,"turns":12},{"damage":0,"enemies":"Chosen","floor":20,"turns":4},{"damage":1,"enemies":"3 Byrds","floor":22,"turns":5},{"damage":23,"enemies":"Snake Plant","floor":23,"turns":7},{"damage":33,"enemies":"Snecko","floor":26,"turns":8},{"damage":8,"enemies":"Gremlin Leader","floor":27,"turns":5},{"damage":2,"enemies":"Centurion and Healer","floor":30,"turns":5},{"damage":19,"enemies":"Slavers","floor":32,"turns":3}],"seed_played":"-7189713718994491752","potions_obtained":[{"floor":5,"key":"Ancient Potion"},{"floor":9,"key":"Milkshake"},{"floor":21,"key":"ColorlessPotion"},{"floor":21,"key":"Elixir"},{"floor":21,"key":"EntropicBrew"},{"floor":30,"key":"PowerPotion"}],"is_trial":false,"path_per_floor":["M","T","PTL","PTL","M","?","M","E","M","E","T","M","$","?","?","?","R","B",null,"M","?","M","M","$","R","M","E","T","?","M","$","E"],"character_chosen":"THE_SILENT","items_purchased":["Blade Dance","Infinite Blades","ReplayTheSpireMod:CursedCoin","Anchor","Fruit Juice","Oddly Smooth Stone"],"campfire_rested":1,"item_purchase_floors":[13,13,24,24,31,31],"current_hp_per_floor":[60,60,60,60,62,62,62,25,26,5,5,5,5,5,5,5,42,32,65,65,65,66,45,45,45,14,13,13,13,13,18,0,0],"gold":110,"neow_bonus":"BOSS_RELIC","is_daily":false,"chose_seed":false,"campfire_upgraded":1,"win_rate":0.0,"timestamp":1608190264,"path_taken":["M","?","PTL","PTL","M","?","M","E","?","E","T","M","$","?","?","?","R","BOSS","M","?","M","?","$","R","M","E","T","?","M","$","E"],"items_purchased_type":["Card","Card","Relic","Relic","Potion","Relic"],"build_version":"2020-12-13","purchased_purges":2,"victory":false,"max_hp_per_floor":[70,70,70,70,72,72,72,72,74,74,74,76,76,76,76,76,76,76,76,76,76,78,80,80,80,82,89,89,89,91,96,96,96],"card_choices":[{"not_picked":["Deflect","ReplayTheSpireMod:Shiv Toss"],"picked":"Backflip","floor":1},{"not_picked":["ReplayTheSpireMod:Tripwire","Calculated Gamble","Sucker Punch"],"picked":"Singing Bowl","floor":5},{"not_picked":["Bane","Choke"],"picked":"Predator","floor":7},{"not_picked":["Dagger Throw","Replay:Poison Smokescreen"],"picked":"Cloak And Dagger","floor":8},{"not_picked":["Replay:Poison Smokescreen","Prepared","Acrobatics"],"picked":"Singing Bowl","floor":9},{"not_picked":["Atom Bomb","Outmaneuver"],"picked":"Flying Knee","floor":10},{"not_picked":["Setup","Outmaneuver","Blade Dance"],"picked":"Singing Bowl","floor":12},{"not_picked":["Dodge and Roll","Draining Mist"],"picked":"Noxious Fumes","floor":17},{"not_picked":["Bullet Time","Doppelganger"],"picked":"Envenom","floor":18},{"not_picked":["Hidden Blade+1","Slice"],"picked":"Bane","floor":20},{"not_picked":["ReplayTheSpireMod:Tripwire+1","Slice"],"picked":"Footwork+1","floor":21},{"not_picked":["Noxious Fumes","Sneak Up","Backflip"],"picked":"Singing Bowl","floor":22},{"not_picked":["Dash+1","Dagger Spray+1","PiercingWail"],"picked":"Singing Bowl","floor":23},{"not_picked":["Dodge and Roll","Backstab+1","Toxin Wave+1"],"picked":"Singing Bowl","floor":26},{"not_picked":["Outmaneuver","Replay:Poison Smokescreen"],"picked":"PiercingWail","floor":27},{"not_picked":["Slice","Underhanded Strike","PiercingWail"],"picked":"Singing Bowl","floor":30}],"player_experience":362406,"relics_obtained":[{"floor":2,"key":"Singing Bowl"},{"floor":8,"key":"Regal Pillow"},{"floor":8,"key":"War Paint"},{"floor":10,"key":"CeramicFish"},{"floor":10,"key":"Shuriken"},{"floor":11,"key":"Dream Catcher"},{"floor":27,"key":"Strawberry"},{"floor":27,"key":"ReplayTheSpireMod:Ninjato"},{"floor":28,"key":"Centennial Puzzle"}],"event_choices":[{"damage_healed":0,"gold_gain":0,"player_choice":"Upgraded","damage_taken":0,"max_hp_gain":0,"max_hp_loss":0,"event_name":"Upgrade Shrine","floor":6,"gold_loss":0,"cards_upgraded":["Neutralize"]},{"damage_healed":0,"gold_gain":0,"player_choice":"Left","damage_taken":0,"max_hp_gain":0,"max_hp_loss":0,"event_name":"betterThird:BetterGoop","floor":14,"gold_loss":37},{"damage_healed":0,"gold_gain":77,"player_choice":"Gained Gold","damage_taken":0,"max_hp_gain":0,"max_hp_loss":0,"event_name":"Golden Wing","floor":16,"gold_loss":0},{"damage_healed":0,"gold_gain":0,"player_choice":"Simplicity","damage_taken":0,"max_hp_gain":0,"max_hp_loss":7,"event_name":"betterThird:BetterWriting","floor":29,"gold_loss":0}],"is_beta":false,"boss_relics":[{"not_picked":["Coffee Dripper","Pandora\u0027s Box"],"picked":"Replay:Bronze Core"}],"items_purged_floors":[13,24],"is_endless":false,"potions_floor_spawned":[5,9,30],"killed_by":"Slavers","ascension_level":6}}