{"host":"yk98keyoflza93y0","time":1608168894,"event":{"mods":["AchievementEnabler","BaseMod","BetterRewards","Card Forge","Colored Map","DeckTracker","Minty Spire (QoL Compilation)","Shop Mod","StSLib","SuperFastMode","The Poker Player"],"gold_per_floor":[110,110,10,85,95,128,128,128,128,128,143,178,188,217,217,319,319,339,438,438,454,474,502,502,529,529,546,557,585,585,460,460,559,559,571,587,606,311,327,327,357,357,357,357,357,383,396,396,396,396,396,396,23,48,48],"floor_reached":56,"playtime":3139,"items_purged":["PokerPlayerMod:Diamond1","PokerPlayerMod:Diamond2","PokerPlayerMod:Diamond3","PokerPlayerMod:Spade2","PokerPlayerMod:Spade3"],"score":2712,"play_id":"69b63904-921e-4c4b-a2ad-5c94c4ba0406","local_time":"20201217103454","is_ascension_mode":true,"metric_token":734,"campfire_choices":[{"data":"PokerPlayerMod:CloakAndDiamond","floor":8,"key":"SMITH"},{"data":"PokerPlayerMod:TrumpStrike","floor":10,"key":"SMITH"},{"data":"PokerPlayerMod:Diamond5","floor":15,"key":"SMITH"},{"data":"PokerPlayerMod:Diamond6","floor":24,"key":"SMITH"},{"data":"PokerPlayerMod:ThinkingTime","floor":30,"key":"SMITH"},{"floor":32,"key":"RECALL"},{"data":"PokerPlayerMod:Diamond6","floor":40,"key":"SMITH"},{"data":"PokerPlayerMod:Spade4","floor":42,"key":"SMITH"},{"data":"PokerPlayerMod:Spade5","floor":45,"key":"SMITH"},{"data":"PokerPlayerMod:Spade6","floor":49,"key":"SMITH"},{"data":"PokerPlayerMod:Diamond4","floor":52,"key":"SMITH"}],"circlet_count":0,"master_deck":["AscendersBane","PokerPlayerMod:Diamond7","PokerPlayerMod:Diamond7","PokerPlayerMod:Spade7","PokerPlayerMod:Club1","PokerPlayerMod:Club2","PokerPlayerMod:TrumpStrike+1","PokerPlayerMod:BadJoker+1","PokerPlayerMod:Mulligan+1","PokerPlayerMod:Heart10+","PokerPlayerMod:CloakAndDiamond+1","PokerPlayerMod:Spade7","PokerPlayerMod:Spade10+","PokerPlayerMod:Club1","PokerPlayerMod:ThinkingTime+1","PokerPlayerMod:Diamond1","PokerPlayerMod:Spade1","PokerPlayerMod:Club1","PokerPlayerMod:CardBurn+1","PokerPlayerMod:Spade1","PokerPlayerMod:Diamond1","PokerPlayerMod:Club1","PokerPlayerMod:Diamond7","PokerPlayerMod:Diamond1","PokerPlayerMod:Spade7","PokerPlayerMod:Diamond1","PokerPlayerMod:Heart1","PokerPlayerMod:WasteCollection+1"],"relics":["PokerPlayerMod:DeckCase","Hammer of Thor","Seething Fire","Anvil of the Gods","PokerPlayerMod:CoolBox","Ice Cream","Prayer Wheel","Anchor","PokerPlayerMod:JackpotMachine","PokerPlayerMod:EnergeticBat","OrangePellets","Potion Belt","War Paint","Eternal Feather","StrikeDummy","PokerPlayerMod:AceCard","Lantern","Nunchaku","Thread and Needle","Gambling Chip","Black Star","Oddly Smooth Stone","PokerPlayerMod:FairLicense","Juzu Bracelet","Ginger","Ornamental Fan","Orrery","Incense Burner","Whetstone"],"acts_visited":["Exordium","TheCity","TheBeyond","TheEnding"],"potions_floor_usage":[50,50,55],"damage_taken":[{"damage":0,"enemies":"Small Slimes","floor":1,"turns":2},{"damage":0,"enemies":"Jaw Worm","floor":5,"turns":2},{"damage":24,"enemies":"Lagavulin","floor":6,"turns":6},{"damage":0,"enemies":"Cultist","floor":11,"turns":1},{"damage":11,"enemies":"Gremlin Nob","floor":12,"turns":3},{"damage":0,"enemies":"3 Louse","floor":13,"turns":2},{"damage":10,"enemies":"3 Sentries","floor":14,"turns":6},{"damage":3,"enemies":"The Guardian","floor":16,"turns":8},{"damage":0,"enemies":"Chosen","floor":18,"turns":3},{"damage":0,"enemies":"Shell Parasite","floor":21,"turns":2},{"damage":0,"enemies":"Snake Plant","floor":22,"turns":1},{"damage":1,"enemies":"Slavers","floor":23,"turns":9},{"damage":0,"enemies":"Book of Stabbing","floor":25,"turns":3},{"damage":0,"enemies":"Cultist and Chosen","floor":27,"turns":1},{"damage":0,"enemies":"Chosen and Byrds","floor":28,"turns":2},{"damage":0,"enemies":"Gremlin Leader","floor":29,"turns":2},{"damage":0,"enemies":"Automaton","floor":33,"turns":3},{"damage":0,"enemies":"Orb Walker","floor":35,"turns":1},{"damage":0,"enemies":"3 Shapes","floor":36,"turns":1},{"damage":0,"enemies":"Maw","floor":37,"turns":3},{"damage":0,"enemies":"3 Darklings","floor":39,"turns":1},{"damage":0,"enemies":"Nemesis","floor":41,"turns":3},{"damage":0,"enemies":"Giant Head","floor":46,"turns":5},{"damage":0,"enemies":"Transient","floor":47,"turns":5},{"damage":0,"enemies":"Time Eater","floor":50,"turns":7},{"damage":0,"enemies":"Shield and Spear","floor":54,"turns":2},{"damage":0,"enemies":"The Heart","floor":55,"turns":5}],"seed_played":"6700683408225017819","potions_obtained":[{"floor":5,"key":"SpeedPotion"},{"floor":16,"key":"SpeedPotion"},{"floor":21,"key":"FairyPotion"},{"floor":22,"key":"DuplicationPotion"},{"floor":25,"key":"Fire Potion"},{"floor":29,"key":"PowerPotion"},{"floor":35,"key":"Dexterity Potion"},{"floor":54,"key":"Regen Potion"}],"is_trial":false,"path_per_floor":["M","?","$","?","M","E","?","R","T","R","M","E","M","E","R","B",null,"M","?","?","M","M","E","R","E","T","M","M","E","R","$","R","B",null,"M","M","M","$","M","R","E","R","T","?","R","E","M","?","R","B",null,"R","$","E","B",null],"character_chosen":"THE_POKER_PLAYER","items_purchased":["PokerPlayerMod:CoolBox","PokerPlayerMod:Heart10+","Ice Cream","Anchor","PokerPlayerMod:EnergeticBat","OrangePellets","Oddly Smooth Stone","Strength Potion","Orrery"],"campfire_rested":0,"item_purchase_floors":[0,0,0,0,0,0,38,53,53],"current_hp_per_floor":[52,45,45,34,49,28,28,28,28,28,28,41,52,42,51,49,51,51,51,51,51,51,51,52,52,52,52,52,52,52,52,52,52,52,52,52,52,52,52,52,52,52,52,52,52,52,52,49,49,49,49,49,49,49,49],"gold":48,"neow_bonus":"","is_daily":false,"chose_seed":false,"campfire_upgraded":10,"win_rate":0.0,"timestamp":1608168894,"path_taken":["M","?","$","?","M","E","?","R","T","R","M","E","M","E","R","BOSS","M","?","?","M","M","E","R","E","T","M","M","E","R","?","R","BOSS","M","M","M","$","M","R","E","R","T","?","R","E","M","?","R","BOSS","R","$","E","BOSS"],"items_purchased_type":["Relic","Undefined","Relic","Relic","Relic","Relic","Relic","Potion","Relic"],"build_version":"2020-12-13","purchased_purges":5,"victory":true,"max_hp_per_floor":[52,52,52,52,52,52,52,52,52,52,52,52,52,52,52,52,52,52,52,52,52,52,52,52,52,52,52,52,52,52,52,52,52,52,52,52,52,52,52,52,52,52,52,52,52,52,52,49,49,49,49,49,49,49,49],"card_choices":[{"not_picked":["PokerPlayerMod:Club1","PokerPlayerMod:Spade5"],"picked":"PokerPlayerMod:CloakAndDiamond","floor":1},{"not_picked":["PokerPlayerMod:CloakAndDiamond","PokerPlayerMod:Club4","PokerPlayerMod:DiamondStrike"],"picked":"SKIP","floor":1},{"not_picked":["PokerPlayerMod:Spade3","PokerPlayerMod:Club1","PokerPlayerMod:PoorCopy"],"picked":"SKIP","floor":5},{"not_picked":["PokerPlayerMod:SpadeStrike","PokerPlayerMod:DartThrow","PokerPlayerMod:ClubShade"],"picked":"SKIP","floor":5},{"not_picked":["PokerPlayerMod:Spade6","PokerPlayerMod:Spade4","PokerPlayerMod:DartThrow"],"picked":"SKIP","floor":6},{"not_picked":["PokerPlayerMod:DiamondStrike","PokerPlayerMod:Spade3","PokerPlayerMod:Harden"],"picked":"SKIP","floor":11},{"not_picked":["PokerPlayerMod:Configure","PokerPlayerMod:Heart4","PokerPlayerMod:DartThrow"],"picked":"SKIP","floor":11},{"not_picked":["PokerPlayerMod:PoorCopy","PokerPlayerMod:Diamond1","PokerPlayerMod:Club2"],"picked":"SKIP","floor":12},{"not_picked":["PokerPlayerMod:Spade8","PokerPlayerMod:Diamond1","PokerPlayerMod:Spade1"],"picked":"SKIP","floor":13},{"not_picked":["PokerPlayerMod:CardBurn","PokerPlayerMod:Spade1","PokerPlayerMod:Diamond4"],"picked":"SKIP","floor":13},{"not_picked":["PokerPlayerMod:CardBurn","PokerPlayerMod:Spade6"],"picked":"PokerPlayerMod:Spade7","floor":14},{"not_picked":["PokerPlayerMod:Diamond9","PokerPlayerMod:Spade8"],"picked":"PokerPlayerMod:Spade10+","floor":16},{"not_picked":["PokerPlayerMod:Spade3","PokerPlayerMod:Diamond5"],"picked":"PokerPlayerMod:Club1","floor":18},{"not_picked":["PokerPlayerMod:Spade4","PokerPlayerMod:Club6","PokerPlayerMod:Spade2"],"picked":"SKIP","floor":18},{"not_picked":["PokerPlayerMod:Trickery","PokerPlayerMod:HiddenCard+1"],"picked":"PokerPlayerMod:Diamond1","floor":21},{"not_picked":["PokerPlayerMod:SpadeStrike","PokerPlayerMod:Heart4"],"picked":"PokerPlayerMod:Spade1","floor":21},{"not_picked":["PokerPlayerMod:Fold","PokerPlayerMod:Diamond1"],"picked":"PokerPlayerMod:Club1","floor":22},{"not_picked":["PokerPlayerMod:ClubsClub","PokerPlayerMod:Club3","PokerPlayerMod:VarietyAttack"],"picked":"SKIP","floor":22},{"not_picked":["PokerPlayerMod:SecondChance","PokerPlayerMod:Diamond2","PokerPlayerMod:HotShotCut"],"picked":"SKIP","floor":23},{"not_picked":["PokerPlayerMod:RoyalStrike","PokerPlayerMod:Club6"],"picked":"PokerPlayerMod:CardBurn+1","floor":25},{"not_picked":["PokerPlayerMod:Heart5","PokerPlayerMod:Spade3"],"picked":"PokerPlayerMod:Spade1","floor":27},{"not_picked":["PokerPlayerMod:Diamond4","PokerPlayerMod:Diamond10+","PokerPlayerMod:Sharpen"],"picked":"SKIP","floor":27},{"not_picked":["PokerPlayerMod:FlyingCard","PokerPlayerMod:Spade5"],"picked":"PokerPlayerMod:Diamond1","floor":28},{"not_picked":["PokerPlayerMod:Diamond5","PokerPlayerMod:Diamond4","PokerPlayerMod:ClubShade"],"picked":"SKIP","floor":28},{"not_picked":["PokerPlayerMod:Diamond5","PokerPlayerMod:Club4","PokerPlayerMod:ClubShade+1"],"picked":"SKIP","floor":29},{"not_picked":["PokerPlayerMod:CloakAndDiamond","PokerPlayerMod:Raise+1"],"picked":"PokerPlayerMod:Club1","floor":35},{"not_picked":["PokerPlayerMod:Club3","PokerPlayerMod:DartThrow","PokerPlayerMod:Sharpen+1"],"picked":"SKIP","floor":35},{"not_picked":["PokerPlayerMod:Club4","PokerPlayerMod:Diamond3","PokerPlayerMod:ClubsClub"],"picked":"SKIP","floor":36},{"not_picked":["PokerPlayerMod:DamnStraight","PokerPlayerMod:CardBurn","PokerPlayerMod:CardPrinter"],"picked":"SKIP","floor":36},{"not_picked":["PokerPlayerMod:Club3","PokerPlayerMod:Diamond4"],"picked":"PokerPlayerMod:Diamond6","floor":37},{"not_picked":["PokerPlayerMod:Spade2","PokerPlayerMod:DamnStraight","PokerPlayerMod:CardBurn"],"picked":"SKIP","floor":37},{"not_picked":["PokerPlayerMod:Configure","PokerPlayerMod:Diamond10+","PokerPlayerMod:Overdeal+1"],"picked":"SKIP","floor":39},{"not_picked":["PokerPlayerMod:Spade2","PokerPlayerMod:MagicTrick","PokerPlayerMod:Fold+1"],"picked":"SKIP","floor":39},{"not_picked":["PokerPlayerMod:Raise","PokerPlayerMod:Configure+1","PokerPlayerMod:Spade10+"],"picked":"SKIP","floor":41},{"not_picked":["PokerPlayerMod:Club6","PokerPlayerMod:Club1"],"picked":"PokerPlayerMod:Diamond1","floor":46},{"not_picked":["PokerPlayerMod:DiamondStrike","PokerPlayerMod:Club3"],"picked":"PokerPlayerMod:Spade7","floor":47},{"not_picked":["PokerPlayerMod:Fold+1","PokerPlayerMod:Club4","PokerPlayerMod:Diamond1"],"picked":"SKIP","floor":47},{"not_picked":["PokerPlayerMod:ClubShade","PokerPlayerMod:Club5"],"picked":"PokerPlayerMod:Diamond1","floor":53},{"not_picked":["PokerPlayerMod:Club4","PokerPlayerMod:Club3"],"picked":"PokerPlayerMod:Heart1","floor":53},{"not_picked":["PokerPlayerMod:ClubShade","PokerPlayerMod:Diamond3","PokerPlayerMod:ClubStrike+1"],"picked":"SKIP","floor":54}],"player_experience":1488381,"relics_obtained":[{"floor":6,"key":"Potion Belt"},{"floor":9,"key":"War Paint"},{"floor":12,"key":"Eternal Feather"},{"floor":14,"key":"StrikeDummy"},{"floor":23,"key":"Lantern"},{"floor":25,"key":"Nunchaku"},{"floor":26,"key":"Thread and Needle"},{"floor":29,"key":"Gambling Chip"},{"floor":41,"key":"PokerPlayerMod:FairLicense"},{"floor":41,"key":"Juzu Bracelet"},{"floor":46,"key":"Ginger"},{"floor":46,"key":"Ornamental Fan"},{"floor":54,"key":"Incense Burner"},{"floor":54,"key":"Whetstone"}],"event_choices":[{"cards_removed":["PokerPlayerMod:Heart2"],"damage_healed":0,"gold_gain":0,"player_choice":"Card Removal","damage_taken":7,"max_hp_gain":0,"max_hp_loss":0,"event_name":"Golden Wing","floor":2,"gold_loss":0},{"damage_healed":0,"gold_gain":75,"player_choice":"Gather Gold","damage_taken":11,"max_hp_gain":0,"max_hp_loss":0,"event_name":"World of Goop","floor":4,"gold_loss":0},{"cards_removed":["PokerPlayerMod:Spade1"],"damage_healed":0,"gold_gain":0,"player_choice":"Forget","damage_taken":0,"max_hp_gain":0,"max_hp_loss":0,"event_name":"Living Wall","floor":7,"gold_loss":0},{"damage_healed":0,"gold_gain":99,"player_choice":"Stole From Cult","damage_taken":0,"max_hp_gain":0,"max_hp_loss":0,"event_name":"Nest","floor":19,"gold_loss":0},{"damage_healed":0,"gold_gain":0,"player_choice":"Think Hard","damage_taken":0,"max_hp_gain":0,"max_hp_loss":0,"event_name":"PokerPlayerMod:Vampires","floor":20,"gold_loss":0,"cards_obtained":["PokerPlayerMod:ThinkingTime"]},{"damage_healed":0,"gold_gain":0,"player_choice":"Ignored","damage_taken":0,"max_hp_gain":0,"max_hp_loss":0,"event_name":"SecretPortal","floor":44,"gold_loss":0},{"damage_healed":0,"gold_gain":0,"player_choice":"Max HP","damage_taken":0,"max_hp_gain":0,"max_hp_loss":3,"event_name":"Winding Halls","floor":48,"gold_loss":0}],"is_beta":false,"boss_relics":[{"not_picked":["Busted Crown","SlaversCollar"],"picked":"PokerPlayerMod:AceCard"},{"not_picked":["Velvet Choker","Astrolabe"],"picked":"Black Star"}],"items_purged_floors":[0,3,31,38,53],"is_endless":false,"potions_floor_spawned":[5,16,21,22,25,29,33,35,37,41,54],"ascension_level":10}}