{"host":"3mdjmozz5rahgtdc","time":1608218054,"event":{"mods":["AchievementEnabler","BaseMod","Better Silent Start","Better-Laid Plans","Colored Map","Colored Powertips","Custom Start","DeckTracker","Emptier Cage","KOR Keyword Fix","Keyboard Shortcuts","Minty Spire (QoL Compilation)","Permanent Neow","Quick Restart","StSLib","SuperFastMode"],"gold_per_floor":[363,70,88,88,10,10,48,61,86,86,86,86],"floor_reached":11,"playtime":161,"items_purged":["Strike_R"],"score":99,"play_id":"550a9b10-9f4d-4b0a-a54d-d68d0d1c0e37","local_time":"20201218001414","is_ascension_mode":true,"campfire_choices":[{"data":"Uppercut","floor":6,"key":"SMITH"},{"data":"Pommel Strike","floor":10,"key":"SMITH"}],"circlet_count":0,"master_deck":["Strike_R","Strike_R+1","Strike_R+1","Strike_R","Defend_R","Defend_R","Defend_R","Defend_R","Bash","Pommel Strike+1","Shrug It Off","Cleave","Clothesline","Uppercut+1","Reckless Charge","Shrug It Off"],"relics":["Burning Blood","Bag of Preparation","Golden Idol","Whetstone","Tiny Chest"],"acts_visited":["Exordium"],"potions_floor_usage":[],"damage_taken":[{"damage":1,"enemies":"Cultist","floor":1,"turns":3},{"damage":7,"enemies":"Small Slimes","floor":3,"turns":3},{"damage":40,"enemies":"Lagavulin","floor":7,"turns":8},{"damage":4,"enemies":"Jaw Worm","floor":8,"turns":2},{"damage":0,"enemies":"3 Sentries","floor":11,"turns":1}],"seed_played":"3365128153656901523","potions_obtained":[{"floor":3,"key":"SmokeBomb"}],"is_trial":false,"path_per_floor":["M","$","M","?","$","R","E","M","T","R","E"],"character_chosen":"IRONCLAD","items_purchased":["Bag of Preparation","Shrug It Off","Cleave","Uppercut"],"campfire_rested":0,"item_purchase_floors":[2,2,2,5],"current_hp_per_floor":[56,56,55,55,55,55,21,23,23,23,23,23],"gold":86,"neow_bonus":"TWO_FIFTY_GOLD","is_daily":false,"chose_seed":false,"campfire_upgraded":2,"win_rate":0.0,"timestamp":1608218054,"path_taken":["M","$","?","?","$","R","E","M","T","R","E"],"items_purchased_type":["Relic","Card","Card","Card"],"build_version":"2020-12-13","purchased_purges":1,"victory":false,"max_hp_per_floor":[80,80,80,74,74,74,74,74,74,74,74,74],"card_choices":[{"not_picked":["Burning Pact","Searing Blow"],"picked":"Pommel Strike","floor":1},{"not_picked":["Pummel","Flex"],"picked":"Clothesline","floor":3},{"not_picked":["Dual Wield","Hemokinesis"],"picked":"Reckless Charge","floor":7},{"not_picked":["True Grit","Thunderclap"],"picked":"Shrug It Off","floor":8}],"player_experience":304391,"relics_obtained":[{"floor":7,"key":"Whetstone"},{"floor":9,"key":"Tiny Chest"}],"event_choices":[{"damage_healed":0,"gold_gain":0,"player_choice":"Lose Max HP","damage_taken":0,"relics_obtained":["Golden Idol"],"max_hp_gain":0,"max_hp_loss":6,"event_name":"Golden Idol","floor":4,"gold_loss":0}],"is_beta":false,"boss_relics":[],"items_purged_floors":[2],"is_endless":false,"potions_floor_spawned":[3],"killed_by":"3 Sentries","ascension_level":8}}