{"host":"cz3p2o9n3b1gdmkz","time":1608183214,"event":{"mods":["AchievementEnabler","BaseMod","CapriCore","GungeonMod","Hermit","Lobotomy","Minty Spire (QoL Compilation)","Replay The Spire","Shop Mod","StSLib","SuperFastMode","The Cursed","The Dragon Tamer","The Gatherer","The Jungle","The Poker Player","The Runesmith"],"gold_per_floor":[115,115,190,43,106,138,138,167,167,167,196,216,29,44,44,147,147,160,62,62,77,77,108,108,135,135,135,175,195,211,222,222,329,329,344,395,395,450,465,465,485,485,533,549,568,568,4,17,17,22,22],"floor_reached":52,"playtime":4112,"items_purged":["hermit:Strike_Hermit","Languid"],"score":1009,"play_id":"9e82aaf4-af68-492a-9234-3a4db1915b32","local_time":"20201217143334","is_ascension_mode":true,"campfire_choices":[{"floor":7.0,"key":"REST"},{"floor":15.0,"key":"REST"},{"data":"1","floor":24.0,"key":"LIFT"},{"floor":27.0,"key":"REST"},{"data":"2","floor":32.0,"key":"LIFT"},{"floor":40.0,"key":"REST"},{"data":"3","floor":42.0,"key":"LIFT"},{"floor":49,"key":"REST"}],"circlet_count":0,"master_deck":["hermit:Strike_Hermit","hermit:Strike_Hermit","hermit:Defend_Hermit","hermit:Defend_Hermit","hermit:Snapshot","hermit:Covet","hermit:FlashPowder","Metamorphosis+1","hermit:Scavenge","hermit:Adapt","Languid","Clumsy","hermit:FlashPowder","Madness","Madness","Flash of Steel","Flash of Steel","Flash of Steel"],"relics":["Empty Cage","Sling","Blue Doll","Replay:Towering Pillar of Hats","Smiling Mask","Singing Bowl","Sundial","Replay:Ancient Bell","Vajra","hermit:Horseshoe","Girya","FaceOfCleric","DemoMod:GundromedaStrain","Bottled Lightning","DemoMod:Bottle","Philosopher\u0027s Stone","Counterbalance","hermit:CharredGlove","Regal Pillow","Pantograph","DollysMirror"],"acts_visited":["Exordium","TheCity","TheBeyond"],"potions_floor_usage":[48,50],"damage_taken":[{"damage":5.0,"enemies":"Small Slimes","floor":1.0,"turns":4.0},{"damage":0.0,"enemies":"Gremlin Nob","floor":6.0,"turns":2.0},{"damage":9.0,"enemies":"3 Sentries","floor":8.0,"turns":6.0},{"damage":19.0,"enemies":"Lagavulin","floor":11.0,"turns":4.0},{"damage":0.0,"enemies":"Jaw Worm","floor":12.0,"turns":3.0},{"damage":0.0,"enemies":"Cultist","floor":14.0,"turns":3.0},{"damage":35.0,"enemies":"The Guardian","floor":16.0,"turns":14.0},{"damage":5.0,"enemies":"2 Thieves","floor":18.0,"turns":4.0},{"damage":8.0,"enemies":"Spheric Guardian","floor":21.0,"turns":4.0},{"damage":31.0,"enemies":"Gremlin Leader","floor":23.0,"turns":7.0},{"damage":13.0,"enemies":"Snake Plant","floor":25.0,"turns":4.0},{"damage":18.0,"enemies":"Book of Stabbing","floor":28.0,"turns":4.0},{"damage":9.0,"enemies":"3 Cultists","floor":29.0,"turns":5.0},{"damage":19.0,"enemies":"Centurion and Healer","floor":30.0,"turns":6.0},{"damage":13.0,"enemies":"Sentry and Sphere","floor":31.0,"turns":6.0},{"damage":16.0,"enemies":"Collector","floor":33.0,"turns":8.0},{"damage":19.0,"enemies":"3 Shapes","floor":35.0,"turns":14.0},{"damage":24.0,"enemies":"2 Orb Walkers","floor":36.0,"turns":3.0},{"damage":28.0,"enemies":"Mind Bloom Boss Battle","floor":38.0,"turns":7.0},{"damage":21.0,"enemies":"3 Darklings","floor":39.0,"turns":5.0},{"damage":18.0,"enemies":"4 Shapes","floor":41.0,"turns":23.0},{"damage":56.0,"enemies":"Transient","floor":44.0,"turns":5.0},{"damage":9.0,"enemies":"Spire Growth","floor":45.0,"turns":4.0},{"damage":6,"enemies":"3 Darklings","floor":48,"turns":3},{"damage":30,"enemies":"Donu and Deca","floor":50,"turns":7}],"seed_played":"4839948089986241868","potions_obtained":[{"floor":1.0,"key":"SteroidPotion"},{"floor":5.0,"key":"GamblersBrew"},{"floor":5.0,"key":"FairyPotion"},{"floor":6.0,"key":"Strength Potion"},{"floor":10.0,"key":"SteroidPotion"},{"floor":10.0,"key":"Venom Potion"},{"floor":11.0,"key":"DuplicationPotion"},{"floor":12.0,"key":"SkillPotion"},{"floor":18.0,"key":"Reflective Coating"},{"floor":30.0,"key":"BlessingOfTheForge"},{"floor":31.0,"key":"Strength Potion"},{"floor":33.0,"key":"hermit:Eclipse"},{"floor":36.0,"key":"Ancient Potion"},{"floor":39.0,"key":"SteroidPotion"},{"floor":45.0,"key":"SkillPotion"}],"is_trial":false,"path_per_floor":["M","?","?","$","?","E","R","E","T","?","E","M","$","M","R","B",null,"M","$","?","M","?","E","R","M","T","R","E","M","M","M","R","B",null,"M","?","?","?","M","R","M","R","T","M","M","?","$","M","R","B",null,null],"character_chosen":"HERMIT","items_purchased":["Sling","Metamorphosis+1","PowerPotion","Flash of Steel","Pantograph","DollysMirror","SteroidPotion","Block Potion"],"campfire_rested":5,"item_purchase_floors":[4,13,19,47,47,47,47,47],"current_hp_per_floor":[63,63,52,52,34,34,56,47,47,47,30,30,30,30,53,18,66,63,63,63,58,50,22,22,12,12,39,22,16,31,41,41,49,91,75,71,57,32,20,55,40,40,40,22,16,16,16,18,71,67,67],"gold":22,"neow_bonus":"BOSS_RELIC","is_daily":false,"chose_seed":false,"campfire_upgraded":0,"win_rate":0.0,"timestamp":1608183214,"path_taken":["M","?","?","$","?","E","R","E","T","?","E","?","$","M","R","BOSS","M","$","?","?","?","E","R","M","T","R","E","?","M","M","R","BOSS","M","?","?","?","?","R","M","R","T","M","M","?","$","M","R","BOSS"],"items_purchased_type":["Relic","Card","Potion","Card","Relic","Relic","Potion","Potion"],"build_version":"2020-12-13","purchased_purges":2,"victory":true,"max_hp_per_floor":[75,75,75,75,75,75,75,75,75,75,77,77,77,77,77,77,81,83,83,83,86,86,89,89,92,92,92,93,96,99,102,102,105,105,108,111,111,114,117,117,120,120,120,123,126,126,126,129,129,130,130],"card_choices":[{"not_picked":["hermit:Headshot","hermit:HoleUp","hermit:Roulette"],"picked":"SKIP","floor":1.0},{"not_picked":["hermit:CalledShot","hermit:Ricochet"],"picked":"hermit:FlashPowder","floor":6.0},{"not_picked":["hermit:WideOpen","hermit:Shortfuse","hermit:Glare"],"picked":"SKIP","floor":8.0},{"not_picked":["hermit:Gambit","hermit:Reprieve","hermit:PistolWhip"],"picked":"Singing Bowl","floor":11.0},{"not_picked":["hermit:GoldenBullet","hermit:Grudge"],"picked":"hermit:Brawl","floor":12.0},{"not_picked":["hermit:LoneWolf","hermit:Coalescence"],"picked":"hermit:Scavenge","floor":14.0},{"not_picked":["hermit:FinalCanter","hermit:Gambit"],"picked":"hermit:Adapt","floor":16.0},{"not_picked":["Writhe","Languid","Overencumbered"],"picked":"Singing Bowl","floor":17.0},{"not_picked":["Shame","ReplayTheSpireMod:Splinters","Languid"],"picked":"Singing Bowl","floor":17.0},{"not_picked":["Looming Evil","Voices"],"picked":"Clumsy","floor":17.0},{"not_picked":["hermit:Coalescence","hermit:LoneWolf","hermit:Spite"],"picked":"Singing Bowl","floor":18.0},{"not_picked":["hermit:Snipe","hermit:Quickdraw","hermit:Combo"],"picked":"Singing Bowl","floor":21.0},{"not_picked":["hermit:Snipe","hermit:LowProfile","hermit:Dive+1"],"picked":"Singing Bowl","floor":23.0},{"not_picked":["hermit:EyeOfTheStorm","hermit:TrackingShot","hermit:Vantage"],"picked":"Singing Bowl","floor":25.0},{"not_picked":["hermit:LowProfile","hermit:TakeCover"],"picked":"hermit:FlashPowder","floor":28.0},{"not_picked":["hermit:Virtue","hermit:CursedWeapon+1","hermit:Ricochet+1"],"picked":"Singing Bowl","floor":29.0},{"not_picked":["hermit:ItchyTrigger+1","hermit:Headshot+1","hermit:Combo"],"picked":"Singing Bowl","floor":30.0},{"not_picked":["hermit:Dive","hermit:Coalescence","hermit:Feint+1"],"picked":"Singing Bowl","floor":31.0},{"not_picked":["hermit:HeroicBravado","hermit:EternalForm","hermit:OverwhelmingPower"],"picked":"Singing Bowl","floor":33.0},{"not_picked":["hermit:TakeCover","hermit:HighCaliber","hermit:Glare+1"],"picked":"Singing Bowl","floor":35.0},{"not_picked":["hermit:Enervate","hermit:Shortfuse+1","hermit:Vantage+1"],"picked":"Singing Bowl","floor":36.0},{"not_picked":["hermit:PistolWhip+1","hermit:TrackingShot+1","hermit:Quickdraw+1"],"picked":"Singing Bowl","floor":38.0},{"not_picked":["hermit:Roulette","hermit:GoldenBullet+1","hermit:Virtue"],"picked":"Singing Bowl","floor":39.0},{"not_picked":["hermit:CalledShot+1","hermit:TrackingShot","hermit:OverwhelmingPower"],"picked":"Singing Bowl","floor":41.0},{"not_picked":["hermit:LowProfile+1","hermit:Virtue+1","hermit:Grudge"],"picked":"Singing Bowl","floor":44.0},{"not_picked":["hermit:Combo","hermit:Shortfuse","hermit:Gestalt"],"picked":"Singing Bowl","floor":45.0},{"not_picked":["hermit:BodyArmor","hermit:SprayPray","hermit:Snipe+1"],"picked":"Singing Bowl","floor":48}],"player_experience":958135,"relics_obtained":[{"floor":5.0,"key":"Blue Doll"},{"floor":6.0,"key":"Replay:Towering Pillar of Hats"},{"floor":8.0,"key":"Smiling Mask"},{"floor":9.0,"key":"Singing Bowl"},{"floor":11.0,"key":"Sundial"},{"floor":23.0,"key":"DemoMod:GundromedaStrain"},{"floor":26.0,"key":"Bottled Lightning"},{"floor":28.0,"key":"DemoMod:Bottle"},{"floor":36.0,"key":"Counterbalance"},{"floor":38.0,"key":"hermit:CharredGlove"},{"floor":43.0,"key":"Regal Pillow"}],"event_choices":[{"damage_healed":0.0,"max_hp_gain":0.0,"max_hp_loss":0.0,"gold_gain":75.0,"event_name":"World of Goop","player_choice":"Gather Gold","floor":3.0,"gold_loss":0.0,"damage_taken":11.0},{"damage_healed":0.0,"max_hp_gain":0.0,"max_hp_loss":0.0,"gold_gain":0.0,"event_name":"Lab","player_choice":"Got Potions","floor":10.0,"gold_loss":0.0,"damage_taken":0.0},{"damage_healed":0.0,"max_hp_gain":0.0,"max_hp_loss":0.0,"gold_gain":0.0,"event_name":"FaceTrader","player_choice":"Trade","floor":20.0,"gold_loss":0.0,"damage_taken":0.0,"relics_obtained":["FaceOfCleric"]},{"damage_healed":0.0,"max_hp_gain":0.0,"max_hp_loss":0.0,"gold_gain":0.0,"event_name":"Wheel of Change","player_choice":"Damaged","floor":22.0,"gold_loss":0.0,"damage_taken":8.0},{"damage_healed":0.0,"max_hp_gain":0.0,"max_hp_loss":0.0,"gold_gain":0.0,"event_name":"Mysterious Sphere","player_choice":"Fight","floor":36.0,"gold_loss":0.0,"damage_taken":0.0},{"damage_healed":0.0,"max_hp_gain":0.0,"max_hp_loss":0.0,"gold_gain":0.0,"event_name":"Winding Halls","player_choice":"Embrace Madness","floor":37.0,"gold_loss":0.0,"damage_taken":14.0,"cards_obtained":["Madness","Madness"]},{"damage_healed":0.0,"max_hp_gain":0.0,"max_hp_loss":0.0,"gold_gain":0.0,"event_name":"MindBloom","player_choice":"Fight","floor":38.0,"gold_loss":0.0,"damage_taken":0.0},{"cards_removed":["hermit:Brawl"],"damage_healed":0.0,"max_hp_gain":0.0,"max_hp_loss":0.0,"gold_gain":0.0,"event_name":"Falling","player_choice":"Removed Power","floor":46.0,"gold_loss":0.0,"damage_taken":0.0}],"is_beta":false,"boss_relics":[{"not_picked":["Runic Dome","Replay:Drink Me"],"picked":"Replay:Ancient Bell"},{"not_picked":["Replay:Bandana","Centennial Puzzle"],"picked":"Vajra"},{"not_picked":["Replay:Bottled Steam","DemoMod:BlueGuonStone"],"picked":"hermit:Horseshoe"},{"not_picked":["Dead Branch","Incense Burner"],"picked":"Girya"},{"not_picked":["Fusion Hammer","Replay:Fungal Core"],"picked":"Philosopher\u0027s Stone"}],"items_purged_floors":[13,19],"is_endless":false,"potions_floor_spawned":[1,6,11,12,18,30,31,33,36,39,45],"ascension_level":8}}