{"host":"gp6kafy53r5vaktt","time":1608240229,"event":{"mods":["BaseMod","Colored Map","Highlight Path","Minty Spire (QoL Compilation)"],"gold_per_floor":[111,123,141,141,160,188,188,216,270,287,305,331,344,369,369,474,474,474,474,474,474,474,474,474,474,474,474,474,16,16,16,16,16,16,16,16,16,16,16,16,16,16,16,16,16,16,16,0,0,0,0,0,0,0,0,0],"floor_reached":55,"playtime":4061,"items_purged":["Strike_R"],"score":889,"play_id":"9d8286de-e470-41de-beec-0c43cdc8515b","local_time":"20201217232349","is_ascension_mode":true,"campfire_choices":[{"data":"Armaments","floor":15,"key":"SMITH"},{"data":"Demon Form","floor":23,"key":"SMITH"},{"data":"Body Slam","floor":25,"key":"SMITH"},{"data":"Limit Break","floor":27,"key":"SMITH"},{"data":"Apotheosis","floor":32,"key":"SMITH"},{"data":"Offering","floor":41,"key":"SMITH"},{"floor":44,"key":"REST"},{"floor":49,"key":"RECALL"},{"data":"Intimidate","floor":52,"key":"SMITH"}],"circlet_count":0,"master_deck":["Strike_R+1","Defend_R","Defend_R+1","Defend_R+1","Bash","Rampage","Ghostly Armor","Iron Wave","Pommel Strike+1","Limit Break+1","Iron Wave","Inflame","Rage","Iron Wave","Armaments+1","Demon Form+1","Body Slam+1","Ghostly Armor","Flame Barrier","Whirlwind","True Grit","Apotheosis+1","Seeing Red","Offering+1","Feel No Pain+1","Combust+1","Havoc+1","Intimidate+1","Seeing Red+1","Warcry+1","True Grit","Shrug It Off","Metallicize+1","Ghostly Armor+1"],"relics":["Burning Blood","Matryoshka","Pear","Orichalcum","Singing Bowl","Lantern","Pen Nib","Toy Ornithopter","Ectoplasm","Darkstone Periapt","FossilizedHelix","Potion Belt","Mercury Hourglass","Whetstone","PreservedInsect","Astrolabe","Paper Frog","Strawberry","Pantograph","Lizard Tail","Molten Egg 2","Red Mask","Bottled Tornado"],"acts_visited":["Exordium","TheCity","TheBeyond","TheEnding"],"potions_floor_usage":[6,16,16,20,28,33,42,50,50,50,55,55],"damage_taken":[{"damage":11,"enemies":"Jaw Worm","floor":1,"turns":5},{"damage":0,"enemies":"Small Slimes","floor":2,"turns":2},{"damage":6,"enemies":"Cultist","floor":3,"turns":3},{"damage":5,"enemies":"Looter","floor":5,"turns":4},{"damage":23,"enemies":"Lagavulin","floor":6,"turns":6},{"damage":13,"enemies":"Gremlin Nob","floor":8,"turns":5},{"damage":12,"enemies":"Gremlin Gang","floor":10,"turns":4},{"damage":7,"enemies":"Red Slaver","floor":11,"turns":4},{"damage":10,"enemies":"3 Sentries","floor":12,"turns":8},{"damage":0,"enemies":"3 Louse","floor":13,"turns":4},{"damage":8,"enemies":"Lagavulin","floor":14,"turns":6},{"damage":8,"enemies":"Hexaghost","floor":16,"turns":9},{"damage":19,"enemies":"Shell Parasite","floor":18,"turns":4},{"damage":16,"enemies":"Spheric Guardian","floor":19,"turns":4},{"damage":21,"enemies":"3 Cultists","floor":20,"turns":6},{"damage":0,"enemies":"Centurion and Healer","floor":22,"turns":6},{"damage":24,"enemies":"Gremlin Leader","floor":24,"turns":7},{"damage":9,"enemies":"Book of Stabbing","floor":28,"turns":6},{"damage":14,"enemies":"Gremlin Leader","floor":30,"turns":6},{"damage":24,"enemies":"Collector","floor":33,"turns":7},{"damage":0,"enemies":"Orb Walker","floor":35,"turns":4},{"damage":12,"enemies":"3 Shapes","floor":36,"turns":2},{"damage":19,"enemies":"Maw","floor":37,"turns":7},{"damage":25,"enemies":"Jaw Worm Horde","floor":39,"turns":4},{"damage":27,"enemies":"Nemesis","floor":40,"turns":7},{"damage":49,"enemies":"Giant Head","floor":42,"turns":8},{"damage":28,"enemies":"3 Darklings","floor":45,"turns":5},{"damage":35,"enemies":"Spire Growth","floor":46,"turns":6},{"damage":15,"enemies":"Reptomancer","floor":47,"turns":5},{"damage":38,"enemies":"Time Eater","floor":50,"turns":9},{"damage":49,"enemies":"Shield and Spear","floor":54,"turns":4},{"damage":109,"enemies":"The Heart","floor":55,"turns":8}],"seed_played":"1418776179429955713","potions_obtained":[{"floor":1,"key":"Strength Potion"},{"floor":8,"key":"BlessingOfTheForge"},{"floor":10,"key":"Block Potion"},{"floor":11,"key":"ElixirPotion"},{"floor":14,"key":"Strength Potion"},{"floor":19,"key":"ColorlessPotion"},{"floor":24,"key":"Swift Potion"},{"floor":30,"key":"Explosive Potion"},{"floor":33,"key":"SpeedPotion"},{"floor":36,"key":"Ancient Potion"},{"floor":37,"key":"Dexterity Potion"},{"floor":39,"key":"EssenceOfSteel"},{"floor":42,"key":"BlessingOfTheForge"},{"floor":45,"key":"SpeedPotion"}],"is_trial":false,"path_per_floor":["M","M","M","?","M","E","?","E","T","M","M","E","M","E","R","B",null,"M","M","M","?","M","R","E","R","T","R","E","$","E","?","R","B",null,"M","M","M","T","M","E","R","E","T","R","M","M","E","?","R","B",null,"R","$","E","B"],"character_chosen":"IRONCLAD","items_purchased":["Apotheosis","Seeing Red","Whetstone"],"campfire_rested":1,"item_purchase_floors":[29,29,29],"current_hp_per_floor":[83,88,88,70,71,54,57,50,50,44,43,41,47,45,45,53,100,89,79,69,69,75,75,57,57,57,57,59,59,53,53,53,40,104,104,98,87,87,70,56,56,18,18,52,32,64,55,55,55,63,117,117,117,74,0,0],"gold":0,"neow_bonus":"TEN_PERCENT_HP_BONUS","is_daily":false,"chose_seed":false,"campfire_upgraded":7,"win_rate":0.0,"timestamp":1608240229,"path_taken":["M","M","M","?","M","E","?","E","T","M","M","E","M","E","R","BOSS","M","M","M","?","?","R","E","R","T","R","E","$","E","?","R","BOSS","M","M","?","?","M","E","R","E","T","R","M","M","E","?","R","BOSS","R","$","E","BOSS"],"items_purchased_type":["Card","Card","Relic"],"build_version":"2020-12-13","purchased_purges":1,"victory":false,"max_hp_per_floor":[88,88,88,88,88,88,98,98,98,98,98,100,100,100,100,100,100,102,102,102,102,102,102,102,102,102,102,102,102,104,104,104,104,104,104,104,106,106,108,115,115,115,115,115,117,117,117,117,117,117,117,117,117,117,117,117],"card_choices":[{"not_picked":["Sword Boomerang","Anger"],"picked":"Rampage","floor":1},{"not_picked":["Body Slam","Fire Breathing"],"picked":"Ghostly Armor","floor":2},{"not_picked":["Warcry","Havoc"],"picked":"Iron Wave","floor":3},{"not_picked":["Sword Boomerang","Disarm"],"picked":"Pommel Strike","floor":5},{"not_picked":["Iron Wave","Havoc"],"picked":"Limit Break","floor":6},{"not_picked":["Dark Embrace","Clothesline"],"picked":"Iron Wave","floor":8},{"not_picked":["Warcry","Power Through"],"picked":"Inflame","floor":10},{"not_picked":["Power Through","Shockwave"],"picked":"Rage","floor":11},{"not_picked":["Clash","Fire Breathing","Pommel Strike"],"picked":"Singing Bowl","floor":12},{"not_picked":["Clothesline","Intimidate"],"picked":"Iron Wave","floor":13},{"not_picked":["Headbutt","Thunderclap"],"picked":"Armaments","floor":14},{"not_picked":["Juggernaut","Exhume"],"picked":"Demon Form","floor":16},{"not_picked":["Twin Strike+1","Anger","Fire Breathing"],"picked":"Singing Bowl","floor":18},{"not_picked":["Wild Strike","Second Wind"],"picked":"Body Slam","floor":19},{"not_picked":["Wild Strike+1","Armaments"],"picked":"Ghostly Armor","floor":20},{"not_picked":["Armaments","Twin Strike"],"picked":"Flame Barrier","floor":22},{"not_picked":["Warcry","Uppercut+1"],"picked":"Whirlwind","floor":24},{"not_picked":["Headbutt+1","Impervious"],"picked":"True Grit","floor":28},{"not_picked":["Iron Wave","Perfected Strike","Pommel Strike"],"picked":"Singing Bowl","floor":30},{"not_picked":["Double Tap","Berserk"],"picked":"Offering","floor":33},{"not_picked":["Headbutt","Sword Boomerang+1"],"picked":"Intimidate","floor":35},{"not_picked":["Heavy Blade","Pummel"],"picked":"Seeing Red+1","floor":36},{"not_picked":["Carnage+1","Blood for Blood","Wild Strike+1"],"picked":"Singing Bowl","floor":37},{"not_picked":["Cleave+1","Berserk","Sword Boomerang+1"],"picked":"Singing Bowl","floor":39},{"not_picked":["Perfected Strike+1","Feed"],"picked":"Warcry+1","floor":40},{"not_picked":["Anger+1","Cleave+1"],"picked":"True Grit","floor":42},{"not_picked":["Blood for Blood+1","Dark Embrace+1","Fire Breathing"],"picked":"Singing Bowl","floor":45},{"not_picked":["Cleave","Rampage"],"picked":"Shrug It Off","floor":46},{"not_picked":["Perfected Strike+1","Feel No Pain+1"],"picked":"Metallicize+1","floor":47},{"not_picked":["Intimidate+1","Dropkick+1"],"picked":"Ghostly Armor+1","floor":54}],"player_experience":14545,"relics_obtained":[{"floor":6,"key":"Matryoshka"},{"floor":8,"key":"Orichalcum"},{"floor":9,"key":"Singing Bowl"},{"floor":9,"key":"Lantern"},{"floor":12,"key":"Pen Nib"},{"floor":14,"key":"Toy Ornithopter"},{"floor":24,"key":"FossilizedHelix"},{"floor":26,"key":"Potion Belt"},{"floor":28,"key":"Mercury Hourglass"},{"floor":30,"key":"PreservedInsect"},{"floor":38,"key":"Paper Frog"},{"floor":40,"key":"Strawberry"},{"floor":42,"key":"Pantograph"},{"floor":43,"key":"Lizard Tail"},{"floor":47,"key":"Molten Egg 2"},{"floor":54,"key":"Bottled Tornado"}],"event_choices":[{"damage_healed":0,"gold_gain":0,"player_choice":"Entered Light","damage_taken":18,"max_hp_gain":0,"max_hp_loss":0,"event_name":"Shining Light","floor":4,"gold_loss":0,"cards_upgraded":["Defend_R","Defend_R"]},{"damage_healed":0,"gold_gain":0,"player_choice":"Success","damage_taken":7,"relics_obtained":["Pear"],"max_hp_gain":0,"max_hp_loss":0,"event_name":"Scrap Ooze","floor":7,"gold_loss":0},{"damage_healed":0,"gold_gain":0,"player_choice":"Gave Potion","damage_taken":0,"relics_obtained":["Darkstone Periapt"],"max_hp_gain":0,"max_hp_loss":0,"event_name":"WeMeetAgain","floor":21,"gold_loss":0},{"cards_removed":["Strike_R"],"damage_healed":0,"gold_gain":0,"player_choice":"Offered Basic","damage_taken":0,"max_hp_gain":0,"max_hp_loss":0,"event_name":"Bonfire Elementals","floor":31,"gold_loss":0},{"damage_healed":0,"gold_gain":0,"player_choice":"Paid","damage_taken":0,"relics_obtained":["Red Mask"],"max_hp_gain":0,"max_hp_loss":0,"event_name":"Tomb of Lord Red Mask","floor":48,"gold_loss":16}],"is_beta":false,"boss_relics":[{"not_picked":["Runic Pyramid","Runic Cube"],"picked":"Ectoplasm"},{"not_picked":["Tiny House","Coffee Dripper"],"picked":"Astrolabe"}],"items_purged_floors":[29],"is_endless":false,"potions_floor_spawned":[1,8,10,11,14,19,24,30,33,36,37,39,42,45],"killed_by":"The Heart","ascension_level":1}}