{"host":"kjewy4djrngsmy8v","time":1608168146,"event":{"mods":["AchievementEnabler","BaseMod","Colored Map","Colored Powertips","Downfall","Minty Spire (QoL Compilation)","Quick Restart","Relic Stats","StSLib","The Disciple"],"gold_per_floor":[99,110,110,110,122,134,159,175,275,305,315,335,347,80,90,90,90],"floor_reached":16,"playtime":1000,"items_purged":["Regret"],"score":106,"play_id":"dc65993f-0adf-4eb2-a2e0-514c5da98f92","local_time":"20201216192226","is_ascension_mode":false,"campfire_choices":[{"data":"Slimebound:CorrosiveSpit","floor":1,"key":"SMITH"}],"circlet_count":0,"master_deck":["Slimebound:Strike_Slimebound","Slimebound:Strike_Slimebound+1","Slimebound:Strike_Slimebound","Slimebound:Tackle","Slimebound:Defend_Slimebound","Slimebound:Defend_Slimebound","Slimebound:Defend_Slimebound+1","Slimebound:Defend_Slimebound+1","Slimebound:Split","Slimebound:CorrosiveSpit+1","Slimebound:SamplingLick","Slimebound:RainOfGoop","Slimebound:SplitLeeching","Slimebound:ItLooksTasty","Slimebound:SlimeSlap","Slimebound:RollThrough","Slimebound:Equalize","Slimebound:SlimeSpikes","Slimebound:LeechEnergy","Slimebound:SlimeBarrage","Slimebound:SamplingLick","Slimebound:SlimeSpikes","Slimebound:PressTheAttack"],"relics":["Slimebound:AbsorbEndCombat","Bag of Preparation","Slimebound:GreedOozeRelic","Bronze Scales","Bottled Lightning"],"acts_visited":["Exordium"],"potions_floor_usage":[14],"damage_taken":[{"damage":4,"enemies":"2 Louse","floor":2,"turns":2},{"damage":7,"enemies":"Jaw Worm","floor":5,"turns":3},{"damage":6,"enemies":"Cultist","floor":6,"turns":3},{"damage":13,"enemies":"Exordium Thugs","floor":8,"turns":4},{"damage":19,"enemies":"Gremlin Nob","floor":10,"turns":4},{"damage":14,"enemies":"Lots of Slimes","floor":11,"turns":3},{"damage":10,"enemies":"Exordium Thugs","floor":12,"turns":3},{"damage":10,"enemies":"2 Fungi Beasts","floor":13,"turns":3},{"damage":22,"enemies":"downfall:FleeingMerchant","floor":14,"turns":4},{"damage":4,"enemies":"3 Louse","floor":15,"turns":3},{"damage":43,"enemies":"downfall:Defect","floor":16,"turns":4}],"seed_played":"-7949706274775614766","potions_obtained":[{"floor":2,"key":"SkillPotion"},{"floor":5,"key":"EntropicBrew"},{"floor":8,"key":"Weak Potion"},{"floor":15,"key":"FearPotion"}],"is_trial":false,"path_per_floor":["R","M","?","?","M","M","T","M","?","E","M","M","M","$","M","B"],"character_chosen":"SLIMEBOUND","items_purchased":["Slimebound:SlimeBarrage","Slimebound:SamplingLick","Slimebound:SlimeSpikes"],"campfire_rested":0,"item_purchase_floors":[14,14,14],"current_hp_per_floor":[60,60,60,60,59,58,58,59,59,45,41,39,37,29,31,0,0],"gold":90,"neow_bonus":"RANDOM_COMMON_RELIC","is_daily":false,"chose_seed":false,"campfire_upgraded":1,"win_rate":0.0,"timestamp":1608168146,"path_taken":["R","M","?","?","M","M","T","M","?","E","M","M","M","$","M","BOSS"],"items_purchased_type":["Card","Card","Card"],"build_version":"2020-12-13","purchased_purges":1,"victory":false,"max_hp_per_floor":[60,60,60,60,60,60,60,60,60,60,60,60,60,60,60,60,60],"relic_stats":{"counters":[11,32],"Bronze Scales":[84],"Bag of Preparation":[22],"obtain_stats":[{"Slimebound:GreedOozeRelic":4,"Bronze Scales":7,"Slimebound:AbsorbEndCombat":0,"Bag of Preparation":0,"Bottled Lightning":10},{"Slimebound:GreedOozeRelic":1,"Bronze Scales":3,"Slimebound:AbsorbEndCombat":0,"Bag of Preparation":0,"Bottled Lightning":5},{"Slimebound:GreedOozeRelic":2,"Bronze Scales":7,"Slimebound:AbsorbEndCombat":0,"Bag of Preparation":0,"Bottled Lightning":15}]},"card_choices":[{"not_picked":["Slimebound:ComboTackle","Slimebound:Prepare"],"picked":"Slimebound:SamplingLick","floor":2},{"not_picked":["Slimebound:SamplingLick","Slimebound:Grow"],"picked":"Slimebound:RainOfGoop","floor":5},{"not_picked":["Slimebound:GoopTackle","Slimebound:Gluttony"],"picked":"Slimebound:SplitLeeching","floor":6},{"not_picked":["Slimebound:SplitMire","Slimebound:SplitAcid"],"picked":"Slimebound:ItLooksTasty","floor":8},{"not_picked":["Slimebound:FormOfPuddle","Slimebound:Equalize"],"picked":"Slimebound:SlimeSlap","floor":10},{"not_picked":["Slimebound:ForwardTackle","Slimebound:Schlurp"],"picked":"Slimebound:RollThrough","floor":11},{"not_picked":["Slimebound:ComboTackle","Slimebound:SlimeSpikes"],"picked":"Slimebound:Equalize","floor":12},{"not_picked":["Slimebound:GrowthPunch","Slimebound:LeechEnergy"],"picked":"Slimebound:SlimeSpikes","floor":13},{"not_picked":["Slimebound:SplitBruiser","Slimebound:Dissolve"],"picked":"Slimebound:LeechEnergy","floor":14},{"not_picked":["Slimebound:SplitMire","Slimebound:Chomp"],"picked":"Slimebound:PressTheAttack","floor":15}],"player_experience":99473,"relics_obtained":[{"floor":7,"key":"Bronze Scales"},{"floor":10,"key":"Bottled Lightning"}],"event_choices":[],"is_beta":false,"boss_relics":[],"items_purged_floors":[14],"is_endless":false,"potions_floor_spawned":[2,5,8,12,15],"killed_by":"downfall:Defect","ascension_level":0}}