{"host":"g1wmg2w41xhsnw8g","time":1608233328,"event":{"mods":["2.2 Compatiblity","Act Like it!","BaseMod","Better Altar","Better Match","Better Note","Better Sensory Stone","Better Skull","Better Third Choice","BetterRewards","Booster Modes","CapriCore","Colored Map","Colored Powertips","Curses Come First","Defuse TimeMaze Blight","Displayed Cursed Tome","Friendly Minions","GifTheSpireLib","Googly Eyes","Hubris","Infinite Spire","Jedi Mod","Magitek Elite","Minty Spire (QoL Compilation)","Red Circlet Mod","Relic Sorter","SCP261 Mod","Shop Mod","Spicy Shops","StSLib","The Hayseed","The Poker Player","The Sage","Transform Curses","????"],"gold_per_floor":[132,132,171,171,28,55,55,106,106,31,31,31],"floor_reached":11,"playtime":427,"items_purged":["TheSimpletonMod:Defend_TheSimpleton"],"score":108,"play_id":"ba3d2b6e-d1d8-4415-a10b-9e4838861124","local_time":"20201217142848","daily_mods":["Specialized","Allstar","Heirloom","Elite Swarm"],"is_ascension_mode":true,"campfire_choices":[],"circlet_count":0,"master_deck":["TheSimpletonMod:Strike_TheSimpleton","TheSimpletonMod:Strike_TheSimpleton","TheSimpletonMod:Strike_TheSimpleton","TheSimpletonMod:Strike_TheSimpleton","TheSimpletonMod:Defend_TheSimpleton","TheSimpletonMod:Defend_TheSimpleton","TheSimpletonMod:Defend_TheSimpleton","TheSimpletonMod:Haymaker","TheSimpletonMod:ReapAndSow","TheSimpletonMod:Mulch","TheSimpletonMod:Mulch","TheSimpletonMod:Mulch","TheSimpletonMod:Mulch","TheSimpletonMod:Mulch","Sadistic Nature","jedi:LeechingStrike","Purity","Forethought","HandOfGreed","PokerPlayerMod:DiamondStrike","TheSimpletonMod:Photosynthesis","TheSimpletonMod:TakeHeart"],"relics":["TheSimpletonMod:SpudOfTheInnocent","hubris:Icosahedron","TheSimpletonMod:NightSoil","TheSimpletonMod:TheHarvester","Pocketwatch","jedi:shrinkray","infinitespire:Lucky Rock","infinitespire:Satchel","Pen Nib","jedi:HeartOfTheCards"],"acts_visited":["Exordium"],"potions_floor_usage":[],"damage_taken":[{"damage":12,"enemies":"Small Slimes","floor":1,"turns":3},{"damage":15,"enemies":"Jaw Worm","floor":3,"turns":3},{"damage":15,"enemies":"Gremlin Nob","floor":6,"turns":4},{"damage":60,"enemies":"Lagavulin","floor":8,"turns":7},{"damage":16,"enemies":"Gremlin Nob","floor":11,"turns":2}],"seed_played":"-8972397019944347377","potions_obtained":[],"is_trial":true,"path_per_floor":["M","?","M","?","$","E","$","E","T","$","E"],"character_chosen":"THE_SIMPLETON","items_purchased":["infinitespire:Lucky Rock"],"campfire_rested":0,"item_purchase_floors":[5],"current_hp_per_floor":[67,67,65,62,62,57,57,5,5,5,0,0],"gold":31,"neow_bonus":"","is_daily":false,"chose_seed":false,"campfire_upgraded":0,"win_rate":0.0,"timestamp":1608233328,"path_taken":["M","?","M","?","$","E","?","E","T","$","E"],"items_purchased_type":["Relic"],"build_version":"2020-12-13","purchased_purges":1,"victory":false,"max_hp_per_floor":[75,75,75,75,75,75,75,75,75,75,75,75],"card_choices":[{"not_picked":["PokerPlayerMod:RiskyBet","PokerPlayerMod:Fold","PokerPlayerMod:CardBurn"],"picked":"SKIP","floor":1},{"not_picked":["TheSimpletonMod:SeedCoat","PokerPlayerMod:Configure"],"picked":"PokerPlayerMod:DiamondStrike","floor":3},{"not_picked":["PokerPlayerMod:StackedDeck","PokerPlayerMod:TheDieIsCast"],"picked":"TheSimpletonMod:Photosynthesis","floor":6},{"not_picked":["PokerPlayerMod:FakeSymbols","PokerPlayerMod:WildCard"],"picked":"TheSimpletonMod:TakeHeart","floor":8}],"player_experience":1204978,"relics_obtained":[{"floor":6,"key":"infinitespire:Satchel"},{"floor":8,"key":"Pen Nib"},{"floor":9,"key":"jedi:HeartOfTheCards"}],"event_choices":[{"damage_healed":0,"gold_gain":0,"player_choice":"Relic ","damage_taken":3,"max_hp_gain":0,"max_hp_loss":0,"event_name":"betterThird:BetterScrap","floor":4,"gold_loss":0,"cards_obtained":["Infinite Blades"]}],"is_beta":false,"boss_relics":[],"items_purged_floors":[10],"is_endless":false,"potions_floor_spawned":[],"killed_by":"Gremlin Nob","ascension_level":1}}