{"host":"rbccvrvdyhsypb23","time":1608211191,"event":{"mods":["AchievementEnabler","Act Like it!","Aspiration","BaseMod","Better Third Choice","BetterRewards","Downfall","Friendly Minions","Infinite Spire","Ironclad Rager","KomeijiMod","Minty Spire (QoL Compilation)","Replay The Spire","Shade Mod","StSLib","The Blackbeard","The Mystic","The Runesmith","TheBandit","Wandering Minibosses","vexMod"],"gold_per_floor":[113,113,113,126,143,175,188,208,208,235,235,260,314,324,324,425,425,443,460,479,529,529,529,557,557,557,572,602,602,636,736,736,835,835,855,872,340,356,368,368,402,402,402,437,437,448,448,477,477,579,579,581,581,583,583,583],"floor_reached":55,"playtime":2124,"items_purged":[],"score":984,"play_id":"9f123a42-3328-4062-873f-4e4e124cd203","local_time":"20201217161951","is_ascension_mode":true,"campfire_choices":[{"data":"Shade:GreaterAnimation","floor":11.0,"key":"SMITH"},{"data":"Shade:SensePrey","floor":15.0,"key":"SMITH"},{"data":"Shade:GreaterAnimation","floor":23.0,"key":"SMITH"},{"data":"Shade:CommandSoldier","floor":25.0,"key":"SMITH"},{"data":"infinitespire:UltimateForm","floor":32,"key":"SMITH"},{"floor":40,"key":"REST"},{"floor":42,"key":"REST"},{"data":"Shade:LichForm","floor":45,"key":"SMITH"},{"floor":49,"key":"RECALL"}],"circlet_count":0,"master_deck":["Shade:Strike_Shade","Shade:Strike_Shade","Shade:Strike_Shade","Shade:Strike_Shade","Shade:Defend_Shade","Shade:Defend_Shade","Shade:Defend_Shade","Shade:AnimateDead","Shade:CarefulCut","Shade:Premonition","Shade:SkeletonHug","Shade:GreaterAnimation+1","Shade:SensePrey+1","Shade:Frenzy","Shade:CommandSoldier+1","Shade:PressTheAttack+1","Shade:Bonestorm+1","Shade:GreaterAnimation+1","Shade:FuneraryArmor+1","infinitespire:UltimateForm+1","Shade:LichForm+1","Shade:CallWraith","Shade:FuneraryJewels","Shade:AuraOfUnlife+1","Shade:WallOfFlesh+1","Shade:FuneraryJewels+1","Shade:OpenGraves+1","Shade:SanguineRitual","infinitespire:SealOfDarkness+"],"relics":["Shade:YorickSkull","aspiration:AnachronicSnailShell","vexMod:RetaliationKit","Ginger","Juzu Bracelet","Molten Egg 2","vexMod:BarristanHead","Turnip","SlaversCollar","Lizard Tail","Simple Rune","Happy Flower","Runic Dome","Dream Catcher","aspiration:TomeofQuesting","StoneCalendar","Divine Protection","aspiration:RitualDagger","Replay:Mystery Machine","Quantum Egg","Matryoshka","Regal Pillow","Smiling Mask","Vajra","wanderingMiniBosses:OtherGremlinHorn","The Courier","Pet Ghost"],"acts_visited":["Exordium","TheCity","TheBeyond","Exordium"],"potions_floor_usage":[35,36,46,46,46],"damage_taken":[{"damage":1.0,"enemies":"Jaw Worm","floor":1.0,"turns":4.0},{"damage":1.0,"enemies":"Cultist","floor":4.0,"turns":3.0},{"damage":0.0,"enemies":"Small Slimes","floor":5.0,"turns":3.0},{"damage":7.0,"enemies":"Gremlin Nob","floor":6.0,"turns":4.0},{"damage":1.0,"enemies":"Exordium Wildlife","floor":7.0,"turns":3.0},{"damage":3.0,"enemies":"Exordium Thugs","floor":8.0,"turns":3.0},{"damage":7.0,"enemies":"Lagavulin","floor":10.0,"turns":5.0},{"damage":0.0,"enemies":"3 Sentries","floor":12.0,"turns":3.0},{"damage":0.0,"enemies":"Large Slime","floor":14.0,"turns":3.0},{"damage":4.0,"enemies":"Slime Boss","floor":16.0,"turns":6.0},{"damage":8.0,"enemies":"2 Thieves","floor":18.0,"turns":5.0},{"damage":0.0,"enemies":"Chosen","floor":19.0,"turns":3.0},{"damage":1.0,"enemies":"Sentry and Sphere","floor":20.0,"turns":4.0},{"damage":12.0,"enemies":"Replay:Snechameleon","floor":24.0,"turns":4.0},{"damage":1.0,"enemies":"Shelled Parasite and Fungi","floor":27.0,"turns":4.0},{"damage":14.0,"enemies":"Nightmare","floor":28.0,"turns":8.0},{"damage":2,"enemies":"Replay:Snechameleon","floor":30,"turns":4},{"damage":0,"enemies":"Colosseum Slavers","floor":31,"turns":3},{"damage":3,"enemies":"Colosseum Nobs","floor":31,"turns":4},{"damage":23,"enemies":"Automaton","floor":33,"turns":7},{"damage":20,"enemies":"3 Shapes","floor":35,"turns":6},{"damage":21,"enemies":"Orb Walker","floor":36,"turns":6},{"damage":6,"enemies":"3 Darklings","floor":38,"turns":3},{"damage":6,"enemies":"Jaw Worm Horde","floor":39,"turns":3},{"damage":13,"enemies":"Giant Head","floor":41,"turns":7},{"damage":31,"enemies":"Nemesis","floor":44,"turns":7},{"damage":49,"enemies":"Sphere and 2 Shapes","floor":46,"turns":4},{"damage":7,"enemies":"Giant Head","floor":48,"turns":5},{"damage":20,"enemies":"Replay:Hell Engine","floor":50,"turns":6},{"damage":6,"enemies":"Small Slimes","floor":52,"turns":3},{"damage":8,"enemies":"Jaw Worm","floor":53,"turns":3},{"damage":3,"enemies":"Cultist","floor":54,"turns":2}],"seed_played":"668747619788560275","potions_obtained":[{"floor":5.0,"key":"SkillPotion"},{"floor":8.0,"key":"UndeadPotion"},{"floor":14.0,"key":"Adrenaline Potion"},{"floor":20.0,"key":"ColorlessPotion"},{"floor":24.0,"key":"LiquidBronze"},{"floor":31,"key":"Explosive Potion"},{"floor":36,"key":"Strength Potion"},{"floor":44,"key":"LifebloodPotion"},{"floor":48,"key":"Ancient Potion"}],"is_trial":false,"path_per_floor":["M","?","$","M","M","E","M","M","T","E","R","E","?","M","R","B",null,"M","M","M","?","?","R","E","R","T","M","NM","AVR","E","?","R","B",null,"M","M","$","M","M","R","E","R","T","E","R","M","?","E","R","B",null,"M","M","M","AVR"],"character_chosen":"SHADE","items_purchased":["aspiration:AnachronicSnailShell","Shade:FuneraryJewels","Replay:Mystery Machine","Quantum Egg","Block Potion"],"campfire_rested":2,"item_purchase_floors":[0,37,37,37,37],"current_hp_per_floor":[64,64,64,63,63,56,55,52,52,45,45,45,45,45,45,41,65,57,57,56,56,63,63,51,51,51,50,36,36,34,31,31,8,55,35,14,14,8,2,18,5,21,21,31,31,45,45,52,52,52,52,46,40,42,42,42],"gold":583,"neow_bonus":"","is_daily":false,"chose_seed":false,"campfire_upgraded":6,"win_rate":0.0,"timestamp":1608211191,"path_taken":["M","?","$","?","?","E","M","M","T","E","R","E","?","M","R","BOSS","M","M","M","?","?","R","E","R","T","M","NM","AVR","E","?","R","BOSS","M","M","$","M","M","R","E","R","T","E","R","M","?","E","R","BOSS","M","M","M","AVR"],"items_purchased_type":["Relic","Card","Relic","Relic","Potion"],"build_version":"2020-12-13","purchased_purges":0,"victory":false,"max_hp_per_floor":[65,65,65,65,65,65,65,65,65,65,65,65,65,65,65,65,65,65,65,65,65,65,65,65,65,65,65,55,55,55,55,55,55,55,55,55,55,55,55,55,55,55,55,55,55,55,52,52,52,52,52,52,52,52,52,52],"card_choices":[{"not_picked":["Shade:SpontaneousRitual","Shade:BoneShards"],"picked":"Shade:Premonition","floor":1.0},{"not_picked":["Shade:CallOfTheGrave","Shade:FeralStrike"],"picked":"Shade:SkeletonHug","floor":4.0},{"not_picked":["Shade:FleshOffering","Shade:CoffinDance"],"picked":"Shade:GreaterAnimation","floor":5.0},{"not_picked":["Shade:AncientSpear","Shade:OminousRitual"],"picked":"Shade:SensePrey","floor":6.0},{"not_picked":["Shade:CoffinDance","Shade:FleshToFlesh"],"picked":"Shade:Frenzy","floor":7.0},{"not_picked":["Shade:Brains","Shade:GreyBargain","Shade:BoneShards"],"picked":"SKIP","floor":8.0},{"not_picked":["Shade:FleshOffering","Shade:Putrefaction"],"picked":"Shade:CommandSoldier","floor":10.0},{"not_picked":["Shade:Bonestorm+1","Shade:SkeletonArmy"],"picked":"Shade:PressTheAttack+1","floor":12.0},{"not_picked":["Shade:Trample+1","Shade:Tombstone+1"],"picked":"Shade:Bonestorm+1","floor":14.0},{"not_picked":["Shade:Consume+1","Shade:Tombstone+1"],"picked":"Shade:GreaterAnimation","floor":16.0},{"not_picked":["Shade:CoffinDance+1","Shade:FeralStrike+1","Shade:Doomsay+1"],"picked":"SKIP","floor":18.0},{"not_picked":["Shade:GraveStillness","Shade:FuneraryArmor","Shade:Bonestorm+1"],"picked":"SKIP","floor":19.0},{"not_picked":["Shade:FuneraryArmor","Shade:CommandSoldier","Shade:ClawBack+1"],"picked":"SKIP","floor":20.0},{"not_picked":["Shade:Doomsay+1","Shade:GreyBargain","Shade:ClawBack+1"],"picked":"SKIP","floor":24.0},{"not_picked":["Shade:CommandSoldier+1","Shade:MadHubris"],"picked":"Shade:FuneraryArmor+1","floor":27.0},{"not_picked":["infinitespire:Gouge","infinitespire:SevenWalls"],"picked":"infinitespire:UltimateForm","floor":28.0},{"not_picked":["Shade:Brains","Shade:Bonestorm+1","Shade:SpontaneousRitual+1"],"picked":"SKIP","floor":28.0},{"not_picked":["Shade:RitualOffering","Shade:FreshBones","Shade:Haruspicy"],"picked":"SKIP","floor":30},{"not_picked":["Shade:LoseControl","Shade:UnbarTheGrave"],"picked":"Shade:LichForm","floor":33},{"not_picked":["Shade:ExtraLimbs+1","Shade:CommandSoldier+1","Shade:Bonestorm+1"],"picked":"SKIP","floor":35},{"not_picked":["Shade:GoDigging","Shade:Brains"],"picked":"Shade:CallWraith","floor":36},{"not_picked":["Shade:FreshBones","Shade:FleshToFlesh"],"picked":"Shade:AuraOfUnlife+1","floor":38},{"not_picked":["Shade:FuneraryArmor+1","Shade:CallOfTheGrave","Shade:FleshOffering"],"picked":"SKIP","floor":39},{"not_picked":["Shade:AncientSpear+1","Shade:LoseControl"],"picked":"Shade:WallOfFlesh+1","floor":40},{"not_picked":["Shade:ExtraLimbs+1","Shade:SkeletonHug+1"],"picked":"Shade:FuneraryJewels+1","floor":41},{"not_picked":["Shade:FleshLikeOak+1","Shade:ClawBack+1"],"picked":"Shade:OpenGraves+1","floor":44},{"not_picked":["Shade:FuneraryArmor+1","Shade:GreyBargain+1"],"picked":"Shade:SanguineRitual","floor":46},{"not_picked":["Shade:GoDigging+1","Shade:CoffinDance+1","Shade:AncientSpear+1"],"picked":"SKIP","floor":48},{"not_picked":["Shade:GreyBargain","Shade:AncientSpear+1","Shade:CloudOfShrapnel+1"],"picked":"SKIP","floor":52},{"not_picked":["Shade:FreshBones","Shade:Premonition","Shade:SpontaneousRitual+1"],"picked":"SKIP","floor":53},{"not_picked":["Shade:FuneraryArmor","Shade:Premonition","Shade:FreshBones"],"picked":"SKIP","floor":54}],"player_experience":946448,"relics_obtained":[{"floor":6.0,"key":"Juzu Bracelet"},{"floor":9.0,"key":"Molten Egg 2"},{"floor":10.0,"key":"vexMod:BarristanHead"},{"floor":12.0,"key":"Turnip"},{"floor":24.0,"key":"Lizard Tail"},{"floor":26.0,"key":"Simple Rune"},{"floor":28.0,"key":"Happy Flower"},{"floor":30,"key":"aspiration:TomeofQuesting"},{"floor":31,"key":"StoneCalendar"},{"floor":31,"key":"Divine Protection"},{"floor":41,"key":"Matryoshka"},{"floor":43,"key":"Regal Pillow"},{"floor":43,"key":"Smiling Mask"},{"floor":44,"key":"Vajra"},{"floor":46,"key":"wanderingMiniBosses:OtherGremlinHorn"},{"floor":48,"key":"The Courier"}],"event_choices":[{"cards_removed":["Shade:Defend_Shade"],"damage_healed":0.0,"max_hp_gain":0.0,"max_hp_loss":0.0,"gold_gain":0.0,"event_name":"Purifier","player_choice":"Purged","floor":2.0,"gold_loss":0.0,"damage_taken":0.0},{"damage_healed":0.0,"max_hp_gain":0.0,"max_hp_loss":0.0,"gold_gain":54.0,"event_name":"Golden Wing","player_choice":"Gained Gold","floor":13.0,"gold_loss":0.0,"damage_taken":0.0},{"damage_healed":0.0,"max_hp_gain":0.0,"max_hp_loss":0.0,"gold_gain":100.0,"event_name":"The Joust","player_choice":"Bet on Murderer","floor":21.0,"gold_loss":50.0,"damage_taken":0.0},{"damage_healed":0,"gold_gain":0,"player_choice":"Fight","damage_taken":0,"max_hp_gain":0,"max_hp_loss":0,"event_name":"Colosseum","floor":31,"gold_loss":0},{"damage_healed":0,"gold_gain":0,"player_choice":"Fought Nobs","damage_taken":0,"max_hp_gain":0,"max_hp_loss":0,"event_name":"Colosseum","floor":31,"gold_loss":0},{"damage_healed":0,"gold_gain":0,"player_choice":"Max HP","damage_taken":0,"max_hp_gain":0,"max_hp_loss":3,"event_name":"Winding Halls","floor":47,"gold_loss":0}],"is_beta":false,"boss_relics":[{"not_picked":["Fusion Hammer","aspiration:RunicSpoon"],"picked":"SlaversCollar"},{"not_picked":["Tiny House","Replay:Ancient Bell"],"picked":"aspiration:RitualDagger"},{"not_picked":["vexMod:CursedCompass","ReplayTheSpireMod:DimensionalGlitch","Velvet Choker"]}],"items_purged_floors":[],"is_endless":true,"potions_floor_spawned":[5,8,12,14,16,20,24,31,31,33,36,44,48,50,52],"ascension_level":1}}