{"host":"sav7uxregyirlf69","time":1608168050,"event":{"mods":["AchievementEnabler","BaseMod","Colored Map","DeckTracker","Keyboard Shortcuts","Minty Spire (QoL Compilation)","READ ME - Guardian Mod","StSLib","SuperFastMode"],"gold_per_floor":[118,118,134,134,134,134,169,180,225,237,249,279,291,317,329,416,428,460,113,113,126,126,126,126,126],"floor_reached":24,"playtime":381,"items_purged":["Strike_G"],"score":388,"play_id":"8a2e2e78-6056-4d5b-9e74-ec8892c3607d","local_time":"20201217102050","is_ascension_mode":true,"campfire_choices":[{"data":"Tools of the Trade","floor":6,"key":"SMITH"},{"data":"Terror","floor":11,"key":"SMITH"},{"floor":13,"key":"REST"},{"data":"Neutralize","floor":15,"key":"SMITH"},{"data":"Tactician","floor":23,"key":"SMITH"}],"circlet_count":0,"master_deck":["AscendersBane","Strike_G","Strike_G","Strike_G","Defend_G","Defend_G","Defend_G","Defend_G","Survivor","Neutralize+1","Slice","Tools of the Trade+1","Backstab","Eviscerate+1","Terror+1","Backflip","Unload","Tactician+1","Dagger Throw","Doubt","PiercingWail"],"relics":["Ring of the Snake","Smiling Mask","MawBank","Cursed Key","ClockworkSouvenir"],"acts_visited":["Exordium","TheCity"],"potions_floor_usage":[16,16],"damage_taken":[{"damage":6,"enemies":"Small Slimes","floor":1,"turns":5},{"damage":1,"enemies":"Jaw Worm","floor":3,"turns":4},{"damage":34,"enemies":"Lagavulin","floor":7,"turns":7},{"damage":0,"enemies":"Cultist","floor":8,"turns":2},{"damage":10,"enemies":"Gremlin Gang","floor":12,"turns":4},{"damage":6,"enemies":"2 Fungi Beasts","floor":14,"turns":3},{"damage":10,"enemies":"The Guardian","floor":16,"turns":8},{"damage":7,"enemies":"Shell Parasite","floor":18,"turns":3},{"damage":12,"enemies":"2 Thieves","floor":21,"turns":3},{"damage":39,"enemies":"Shelled Parasite and Fungi","floor":24,"turns":3}],"seed_played":"4064814960143241803","potions_obtained":[{"floor":1,"key":"EssenceOfSteel"},{"floor":7,"key":"Dexterity Potion"},{"floor":8,"key":"DistilledChaos"},{"floor":16,"key":"BlessingOfTheForge"}],"is_trial":false,"path_per_floor":["M","?","M","?","?","R","E","M","T","$","R","M","R","M","R","B",null,"M","$","T","M","?","R","M"],"character_chosen":"THE_SILENT","items_purchased":["Tactician","Dagger Throw","ClockworkSouvenir"],"campfire_rested":1,"item_purchase_floors":[19,19,19],"current_hp_per_floor":[53,53,52,52,57,57,23,23,23,23,23,13,32,26,26,16,53,46,46,46,34,34,34,0,0],"gold":126,"neow_bonus":"TRANSFORM_TWO_CARDS","is_daily":false,"chose_seed":false,"campfire_upgraded":4,"win_rate":0.0,"timestamp":1608168050,"path_taken":["M","?","M","?","?","R","E","M","T","?","R","?","R","M","R","BOSS","M","$","?","?","?","R","M"],"items_purchased_type":["Card","Card","Relic"],"build_version":"2020-12-13","purchased_purges":1,"victory":false,"max_hp_per_floor":[60,60,60,60,65,65,65,65,65,65,65,65,65,65,65,65,65,65,65,65,65,65,65,65,65],"card_choices":[{"not_picked":["Caltrops","Prepared"],"picked":"Backstab","floor":1},{"not_picked":["Cloak And Dagger","Skewer"],"picked":"Eviscerate","floor":3},{"not_picked":["Crippling Poison","Dash","Sucker Punch"],"picked":"SKIP","floor":7},{"not_picked":["Endless Agony","Deflect"],"picked":"Terror","floor":8},{"not_picked":["Bane","Poisoned Stab"],"picked":"Backflip","floor":12},{"not_picked":["Sucker Punch","Accuracy","Cloak And Dagger"],"picked":"SKIP","floor":14},{"not_picked":["Venomology","Bullet Time"],"picked":"Unload","floor":16},{"not_picked":["Dodge and Roll","Flying Knee","Bane"],"picked":"SKIP","floor":18},{"not_picked":["Blade Dance","Bane"],"picked":"PiercingWail","floor":21}],"player_experience":929328,"relics_obtained":[{"floor":7,"key":"Smiling Mask"},{"floor":9,"key":"MawBank"}],"event_choices":[{"damage_healed":0,"gold_gain":0,"player_choice":"Ignored","damage_taken":0,"max_hp_gain":0,"max_hp_loss":0,"event_name":"Liars Game","floor":2,"gold_loss":0},{"damage_healed":0,"gold_gain":0,"player_choice":"Grow","damage_taken":0,"max_hp_gain":0,"max_hp_loss":0,"event_name":"Living Wall","floor":4,"gold_loss":0,"cards_upgraded":["Eviscerate"]},{"damage_healed":0,"gold_gain":0,"player_choice":"Donut","damage_taken":0,"max_hp_gain":5,"max_hp_loss":0,"event_name":"Big Fish","floor":5,"gold_loss":0},{"damage_healed":0,"gold_gain":0,"player_choice":"Ignored","damage_taken":0,"max_hp_gain":0,"max_hp_loss":0,"event_name":"Cursed Tome","floor":22,"gold_loss":0}],"is_beta":false,"boss_relics":[{"not_picked":["Sozu","Ectoplasm"],"picked":"Cursed Key"}],"items_purged_floors":[19],"is_endless":false,"potions_floor_spawned":[1,7,8,16],"killed_by":"Shelled Parasite and Fungi","ascension_level":20}}