{"host":"4qt77pm52ljaz00q","time":1608215764,"event":{"mods":["2.2 Compatiblity","Aspiration","Bard","BaseMod","Beaked The Cultist","Challenge The Spire","ChefMod","Colored Map","Conspire","Friendly Minions","Glutton Mod","Halation","Hermit","Hubris","Infinite Spire","Jedi Mod","Marisa????????","Minty Spire (QoL Compilation)","Permanent Neow","Relic Sorter","Replay The Spire","Robot Space Explorer","Shade Mod","Shop Mod","StSLib","The Bug Knight","The Construct","The Disciple","The Dragon Tamer","The Jungle","The Mystic","The Poker Player","The Runesmith","The Servant 0.9.4","Unknown Chances","Wandering Minibosses","vexMod"],"gold_per_floor":[210,229,239,251,251,251,266,296,296,329,329,329,344,309,309,309,309],"floor_reached":16,"playtime":4424,"items_purged":[],"score":112,"play_id":"8b71e1cd-fad5-4989-89c5-02ebff25bc6d","local_time":"20201217093604","is_ascension_mode":false,"campfire_choices":[{"data":"chefmod:QuickThaw","floor":6,"key":"SMITH"},{"data":"chefmod:Omelette","floor":11,"key":"SMITH"},{"data":"chefmod:TodaysSpecial","floor":15,"key":"SMITH"}],"circlet_count":0,"master_deck":["chefmod:Strike","chefmod:Strike","chefmod:Strike","chefmod:Strike","chefmod:Strike","chefmod:Defend+1","chefmod:Defend","chefmod:Defend","chefmod:QuickThaw+1","chefmod:TodaysSpecial+1","chefmod:SliceAndDice+1","chefmod:SliceAndDice","chefmod:MonsterBait","chefmod:HotSoup","chefmod:Fillet","chefmod:Omelette+1","chefmod:ColdSteel","chefmod:KnifeFlurry"],"relics":["chefmod:TrustyPot","Replay:Rubber Ducky","Calipers","aspiration:EmptySkull","Pantograph"],"acts_visited":["Exordium"],"potions_floor_usage":[10,16,16],"damage_taken":[{"damage":0,"enemies":"Cultist","floor":1,"turns":3},{"damage":0,"enemies":"Jaw Worm","floor":2,"turns":3},{"damage":2,"enemies":"Small Slimes","floor":3,"turns":2},{"damage":18,"enemies":"Exordium Thugs","floor":4,"turns":5},{"damage":3,"enemies":"Large Slime","floor":7,"turns":6},{"damage":13,"enemies":"3 Sentries","floor":8,"turns":6},{"damage":21,"enemies":"Gremlin Nob","floor":10,"turns":4},{"damage":0,"enemies":"Looter","floor":13,"turns":2},{"damage":50,"enemies":"The Guardian","floor":16,"turns":8}],"seed_played":"-1279254963182197043","potions_obtained":[{"floor":7,"key":"SteroidPotion"},{"floor":8,"key":"PowerPotion"},{"floor":13,"key":"PowerPotion"}],"is_trial":false,"path_per_floor":["M","M","M","M","?","R","M","E","T","E","R","T","M","?","R","B"],"character_chosen":"THE_CHEF","items_purchased":[],"campfire_rested":0,"item_purchase_floors":[],"current_hp_per_floor":[76,76,74,56,41,41,38,25,25,4,4,4,4,23,23,0,0],"gold":309,"neow_bonus":"HUNDRED_GOLD","is_daily":false,"chose_seed":false,"campfire_upgraded":3,"win_rate":0.0,"timestamp":1608215764,"path_taken":["M","M","M","?","?","R","M","E","T","E","R","?","M","?","R","BOSS"],"items_purchased_type":[],"build_version":"2020-12-13","purchased_purges":0,"victory":false,"max_hp_per_floor":[76,76,76,76,76,76,76,76,76,76,76,76,76,76,76,76,76],"card_choices":[{"not_picked":["chefmod:FireUp","chefmod:ZaruSoba"],"picked":"chefmod:SliceAndDice","floor":1},{"not_picked":["chefmod:SearedScallops","chefmod:IcePick"],"picked":"chefmod:SliceAndDice","floor":2},{"not_picked":["chefmod:LocoMoco","chefmod:DinoKale"],"picked":"chefmod:MonsterBait","floor":3},{"not_picked":["chefmod:FryPan","chefmod:LocoMoco"],"picked":"chefmod:HotSoup","floor":4},{"not_picked":["chefmod:FryPan","chefmod:FullCourseMeal"],"picked":"chefmod:Fillet","floor":7},{"not_picked":["chefmod:NewMenu","chefmod:Granita"],"picked":"chefmod:Omelette","floor":8},{"not_picked":["chefmod:Defrost","chefmod:Chop"],"picked":"chefmod:ColdSteel","floor":10},{"not_picked":["chefmod:Granita","chefmod:Fillet"],"picked":"chefmod:KnifeFlurry","floor":13}],"player_experience":192287,"relics_obtained":[{"floor":8,"key":"Replay:Rubber Ducky"},{"floor":9,"key":"Calipers"},{"floor":10,"key":"aspiration:EmptySkull"},{"floor":12,"key":"Pantograph"}],"event_choices":[{"damage_healed":0,"gold_gain":0,"player_choice":"Entered Light","damage_taken":15,"max_hp_gain":0,"max_hp_loss":0,"event_name":"Shining Light","floor":5,"gold_loss":0,"cards_upgraded":["chefmod:SliceAndDice","chefmod:Defend"]},{"damage_healed":19,"gold_gain":0,"player_choice":"Healed","damage_taken":0,"max_hp_gain":0,"max_hp_loss":0,"event_name":"The Cleric","floor":14,"gold_loss":35}],"is_beta":false,"boss_relics":[],"items_purged_floors":[],"is_endless":false,"potions_floor_spawned":[7,8,13],"killed_by":"The Guardian","ascension_level":0}}