{"host":"udyc8f81k2jocuhg","time":1608245750,"event":{"mods":["2.2 Compatiblity","BaseMod","Better Third Choice","Colored Powertips","Conspire","Custom Start","GifTheSpireLib","Hermit","Minty Spire (QoL Compilation)","Permanent Neow","Quick Restart","Relic Filter","Relic Stats","Replay The Spire","Shop Mod","Spikes Relics","StSLib","Stuff the Spire"],"gold_per_floor":[118,129,143,17,77,77,104,104,127,156,167,192,192,227,227,227,227],"floor_reached":16,"playtime":760,"items_purged":["Strike_G"],"score":268,"play_id":"1f48146b-feb1-4754-9d36-82c3ba5f3bc6","local_time":"20201217235550","is_ascension_mode":true,"campfire_choices":[{"data":"Accuracy","floor":6.0,"key":"SMITH"},{"data":"Cloak And Dagger","floor":8.0,"key":"SMITH"},{"data":"StuffTheSpire:Sprint","floor":13.0,"key":"SMITH"},{"floor":15.0,"key":"REST"}],"circlet_count":0,"master_deck":["AscendersBane","Strike_G","Strike_G","Strike_G","Strike_G","Defend_G","Defend_G","Defend_G","Defend_G","Defend_G","Survivor","Neutralize","Dagger Spray","Accuracy+1","Cloak And Dagger+1","StuffTheSpire:MirrorStance","Caltrops","StuffTheSpire:Sprint+1","Dodge and Roll"],"relics":["Ring of the Snake","StuffTheSpire:GrapeVine","Vajra","SnailShell","ReplayFunnel","StuffTheSpire:RubySignet","Orichalcum"],"acts_visited":["Exordium"],"potions_floor_usage":[],"damage_taken":[{"damage":0.0,"enemies":"Jaw Worm","floor":1.0,"turns":5.0},{"damage":0.0,"enemies":"2 Louse","floor":2.0,"turns":2.0},{"damage":0.0,"enemies":"Small Slimes","floor":3.0,"turns":4.0},{"damage":8.0,"enemies":"Gremlin Nob","floor":7.0,"turns":3.0},{"damage":19.0,"enemies":"Lagavulin","floor":10.0,"turns":10.0},{"damage":0.0,"enemies":"Red Slaver","floor":11.0,"turns":3.0},{"damage":0.0,"enemies":"3 Sentries","floor":12.0,"turns":8.0},{"damage":5.0,"enemies":"Gremlin Nob","floor":14.0,"turns":5.0},{"damage":38,"enemies":"Slime Boss","floor":16,"turns":14}],"seed_played":"5705873760155841697","potions_obtained":[{"floor":2.0,"key":"Dexterity Potion"},{"floor":3.0,"key":"Dexterity Potion"},{"floor":5.0,"key":"CunningPotion"},{"floor":5.0,"key":"Block Potion"},{"floor":7.0,"key":"Fire Potion"}],"is_trial":false,"path_per_floor":["M","M","M","$","?","R","E","R","T","E","M","E","R","E","R","B"],"character_chosen":"THE_SILENT","items_purchased":["Cloak And Dagger"],"campfire_rested":1,"item_purchase_floors":[4],"current_hp_per_floor":[59,59,59,59,38,38,30,30,30,11,11,11,11,8,27,0,0],"gold":227,"neow_bonus":"RANDOM_COMMON_RELIC","is_daily":false,"chose_seed":false,"campfire_upgraded":3,"win_rate":0.0,"timestamp":1608245750,"path_taken":["M","M","M","$","?","R","E","R","T","E","M","E","R","E","R","BOSS"],"items_purchased_type":["Card"],"build_version":"2020-12-13","purchased_purges":1,"victory":false,"max_hp_per_floor":[66,66,66,66,66,66,66,66,66,66,66,66,66,66,66,66,66],"relic_stats":{"counters":[9,54],"Orichalcum":[24],"obtain_stats":[{"ReplayFunnel":10,"SnailShell":9,"Vajra":7,"StuffTheSpire:GrapeVine":0,"StuffTheSpire:RubySignet":12,"Orichalcum":14,"Ring of the Snake":0},{"ReplayFunnel":5,"SnailShell":4,"Vajra":4,"StuffTheSpire:GrapeVine":0,"StuffTheSpire:RubySignet":7,"Orichalcum":8,"Ring of the Snake":0},{"ReplayFunnel":24,"SnailShell":14,"Vajra":14,"StuffTheSpire:GrapeVine":0,"StuffTheSpire:RubySignet":35,"Orichalcum":40,"Ring of the Snake":0}],"Ring of the Snake":[18]},"card_choices":[{"not_picked":["Bane","StuffTheSpire:MirrorStance"],"picked":"Dagger Spray","floor":1.0},{"not_picked":["Poisoned Stab","Eviscerate","Flechettes"],"picked":"SKIP","floor":2.0},{"not_picked":["Concentrate","ReplayTheSpireMod:The Works"],"picked":"Accuracy","floor":3.0},{"not_picked":["Deadly Poison","Underhanded Strike"],"picked":"StuffTheSpire:MirrorStance","floor":5.0},{"not_picked":["Crippling Poison","Backflip"],"picked":"Caltrops","floor":7.0},{"not_picked":["Dagger Spray","Dodge and Roll"],"picked":"StuffTheSpire:Sprint","floor":10.0},{"not_picked":["Slice","Bane"],"picked":"Dodge and Roll","floor":11.0},{"not_picked":["Grand Finale","Hidden Blade","Masterful Stab"],"picked":"SKIP","floor":12.0},{"not_picked":["Skewer","Deadly Poison","Predator"],"picked":"SKIP","floor":14.0}],"player_experience":1920192,"relics_obtained":[{"floor":7.0,"key":"Vajra"},{"floor":9.0,"key":"SnailShell"},{"floor":10.0,"key":"ReplayFunnel"},{"floor":12.0,"key":"StuffTheSpire:RubySignet"},{"floor":14.0,"key":"Orichalcum"}],"event_choices":[],"is_beta":false,"boss_relics":[],"items_purged_floors":[4],"is_endless":false,"potions_floor_spawned":[2,3,7,11],"killed_by":"Slime Boss","ascension_level":15}}