{"host":"l4jj3li0klahglqo","time":1608165386,"event":{"mods":["BaseMod","Conspire","Hubris","Infinite Spire","Marisa????????","Minty Spire (QoL Compilation)","Quick Restart","Replay The Spire","Shop Mod","StSLib","The Animator"],"gold_per_floor":[115,132,145,64,64,64,94,94,121,121,121,46,63,81,92,111,111,11,11],"floor_reached":18,"playtime":821,"items_purged":["Decay"],"score":148,"play_id":"10a94b63-94bf-43b7-8ed0-0a2c55df2587","local_time":"20201216183626","is_ascension_mode":true,"campfire_choices":[{"floor":6,"key":"RECALL"},{"data":"hubris:SlightOfHand","floor":8,"key":"SMITH"},{"floor":17,"key":"REST"}],"circlet_count":0,"master_deck":["Strike_G","Strike_G","Strike_G","Strike_G","Strike_G","Defend_G","Defend_G","Defend_G","Defend_G","Defend_G","Survivor","Neutralize","Flying Knee","hubris:SlightOfHand+1","Poisoned Stab","Magnetism","Enlightenment","ReplayTheSpireMod:Brewmster","Flying Knee","Noxious Fumes","Underhanded Strike","PiercingWail","Well Laid Plans"],"relics":["Ring of the Snake","Replay:Wax Seal","ReplayTheSpireMod:ShopPack","infinitespire:CheckeredPen"],"acts_visited":["Exordium"],"potions_floor_usage":[7,7,7,7,7,14,16,18,18,18,18,18,18,18,18],"damage_taken":[{"damage":1,"enemies":"Cultist","floor":1,"turns":5},{"damage":0,"enemies":"Small Slimes","floor":2,"turns":3},{"damage":4,"enemies":"Jaw Worm","floor":3,"turns":4},{"damage":19,"enemies":"Lagavulin","floor":7,"turns":6},{"damage":21,"enemies":"Blue Slaver","floor":13,"turns":6},{"damage":1,"enemies":"Large Slime","floor":14,"turns":4},{"damage":5,"enemies":"2 Fungi Beasts","floor":15,"turns":4},{"damage":2,"enemies":"Blue Slaver","floor":16,"turns":4},{"damage":43,"enemies":"Fading Forest","floor":18,"turns":6}],"seed_played":"7722443313105356995","potions_obtained":[{"floor":3,"key":"Poison Potion"},{"floor":13,"key":"Adrenaline Potion"},{"floor":16,"key":"Block Potion"}],"is_trial":false,"path_per_floor":["M","M","M","$","?","R","E","R","T","PTL","PTL","$","M","M","M","M","R","B"],"character_chosen":"THE_SILENT","items_purchased":["Replay:Wax Seal","ReplayTheSpireMod:ShopPack"],"campfire_rested":1,"item_purchase_floors":[4,4],"current_hp_per_floor":[69,69,65,65,65,65,46,46,46,46,46,46,25,24,19,17,40,0,0],"gold":11,"neow_bonus":"TEN_PERCENT_HP_BONUS","is_daily":false,"chose_seed":false,"campfire_upgraded":1,"win_rate":0.0,"timestamp":1608165386,"path_taken":["M","M","M","?","?","R","E","R","T","PTL","PTL","$","M","M","M","?","R","BOSS"],"items_purchased_type":["Relic","Relic"],"build_version":"2020-12-13","purchased_purges":1,"victory":false,"max_hp_per_floor":[77,77,77,77,77,77,77,77,77,77,77,77,77,77,77,77,77,77,77],"card_choices":[{"not_picked":["Underhanded Strike","Prepared"],"picked":"Flying Knee","floor":1},{"not_picked":["Dagger Throw","Dagger Spray"],"picked":"hubris:SlightOfHand","floor":2},{"not_picked":["Expertise","ReplayTheSpireMod:Tripwire"],"picked":"Poisoned Stab","floor":3},{"not_picked":["Transmutation","The Bomb"],"picked":"Magnetism","floor":4},{"not_picked":["ReplayTheSpireMod:Trickstab","hubris:Ssssneak"],"picked":"Enlightenment","floor":4},{"not_picked":["hubris:Ssssneak","Crow Ritual"],"picked":"ReplayTheSpireMod:Brewmster","floor":4},{"not_picked":["Blur","Slice"],"picked":"Flying Knee","floor":7},{"not_picked":["Prepared","Dagger Spray"],"picked":"Noxious Fumes","floor":13},{"not_picked":["Quick Slash","Riddle With Holes"],"picked":"Underhanded Strike","floor":14},{"not_picked":["Bane","Concentrate"],"picked":"PiercingWail","floor":15},{"not_picked":["Bane","Dagger Throw"],"picked":"Well Laid Plans","floor":16}],"player_experience":1190881,"relics_obtained":[{"floor":7,"key":"infinitespire:CheckeredPen"}],"event_choices":[{"damage_healed":0,"gold_gain":0,"player_choice":"Cursed","damage_taken":0,"max_hp_gain":0,"max_hp_loss":0,"event_name":"Wheel of Change","floor":5,"gold_loss":0,"cards_obtained":["Decay"]}],"is_beta":false,"boss_relics":[],"items_purged_floors":[12],"is_endless":false,"potions_floor_spawned":[3,13,16],"killed_by":"Fading Forest","ascension_level":6}}