{"host":"63yhhrjweyj22b0v","time":1608185672,"event":{"mods":["BaseMod","Minty Spire (QoL Compilation)","Quick Restart"],"gold_per_floor":[109,284,284,384,403,403,416,427,427,427,437,472,485,137,137,232,282,297,38,51,51,67,67,96,96,96],"floor_reached":25,"playtime":805,"items_purged":["Doubt"],"score":245,"play_id":"04f9bcef-9962-42bd-8962-6a6f6682c9ff","local_time":"20201217001432","is_ascension_mode":true,"campfire_choices":[{"data":"Zap","floor":6,"key":"SMITH"},{"data":"Dualcast","floor":10,"key":"SMITH"},{"floor":15,"key":"REST"},{"floor":23,"key":"RECALL"}],"circlet_count":0,"master_deck":["Strike_B+1","Strike_B","Strike_B","Strike_B","Defend_B","Defend_B","Defend_B","Defend_B","Zap+1","Dualcast+1","Gash","Sweeping Beam","Redo","Lockon","Redo","Loop","Self Repair","Loop","Electrodynamics","Leap","Beam Cell","Ball Lightning","Lockon","Tempest+1"],"relics":["Cracked Core","NeowsBlessing","Bottled Lightning","Blue Candle","Mummified Hand","Tiny House","Symbiotic Virus","Art of War"],"acts_visited":["Exordium","TheCity"],"potions_floor_usage":[12,24,24,24],"damage_taken":[{"damage":0,"enemies":"Cultist","floor":1,"turns":1},{"damage":0,"enemies":"Small Slimes","floor":5,"turns":1},{"damage":0,"enemies":"Jaw Worm","floor":7,"turns":1},{"damage":18,"enemies":"Lots of Slimes","floor":8,"turns":3},{"damage":2,"enemies":"Looter","floor":11,"turns":3},{"damage":26,"enemies":"Lagavulin","floor":12,"turns":4},{"damage":1,"enemies":"2 Fungi Beasts","floor":13,"turns":3},{"damage":40,"enemies":"Hexaghost","floor":16,"turns":8},{"damage":12,"enemies":"Chosen","floor":18,"turns":4},{"damage":38,"enemies":"Shell Parasite","floor":20,"turns":4},{"damage":32,"enemies":"3 Cultists","floor":22,"turns":5},{"damage":21,"enemies":"Gremlin Leader","floor":24,"turns":7},{"damage":16,"enemies":"Snake Plant","floor":25,"turns":2}],"seed_played":"-525390380149692625","potions_obtained":[{"floor":5,"key":"EssenceOfSteel"},{"floor":11,"key":"DistilledChaos"},{"floor":12,"key":"LiquidMemories"},{"floor":17,"key":"EntropicBrew"},{"floor":22,"key":"Dexterity Potion"}],"is_trial":false,"path_per_floor":["M","?","?","?","M","R","M","M","T","R","M","E","M","$","R","B",null,"M","$","M","?","M","R","E","M"],"character_chosen":"DEFECT","items_purchased":["Mummified Hand","Loop","Symbiotic Virus"],"campfire_rested":1,"item_purchase_floors":[14,14,19],"current_hp_per_floor":[75,75,80,80,80,80,80,62,62,62,60,34,33,33,57,24,85,80,80,49,49,24,24,10,0,0],"gold":96,"neow_bonus":"THREE_ENEMY_KILL","is_daily":false,"chose_seed":false,"campfire_upgraded":2,"win_rate":0.0,"timestamp":1608185672,"path_taken":["M","?","?","?","?","R","M","M","T","R","M","E","M","$","R","BOSS","M","$","?","?","M","R","E","M"],"items_purchased_type":["Relic","Card","Relic"],"build_version":"2020-12-13","purchased_purges":1,"victory":false,"max_hp_per_floor":[75,75,80,80,80,80,80,80,80,80,80,80,80,80,80,80,85,85,85,85,85,85,85,85,85,85],"card_choices":[{"not_picked":["Streamline","Rebound"],"picked":"Gash","floor":1},{"not_picked":["Heatsinks","Turbo"],"picked":"Sweeping Beam","floor":5},{"not_picked":["Scrape","Compile Driver"],"picked":"Redo","floor":7},{"not_picked":["Cold Snap","Conserve Battery"],"picked":"Lockon","floor":8},{"not_picked":["Chill","Barrage"],"picked":"Redo","floor":11},{"not_picked":["Storm","Hyperbeam"],"picked":"Loop","floor":12},{"not_picked":["Streamline","Lockon"],"picked":"Self Repair","floor":13},{"not_picked":["Core Surge","Biased Cognition"],"picked":"Electrodynamics","floor":16},{"not_picked":["Streamline","Reprogram"],"picked":"Leap","floor":17},{"not_picked":["Rebound","Recycle+1"],"picked":"Beam Cell","floor":18},{"not_picked":["Fusion","Recycle+1"],"picked":"Ball Lightning","floor":20},{"not_picked":["Gash+1","Stack"],"picked":"Lockon","floor":22},{"not_picked":["Compile Driver","Scrape"],"picked":"Tempest+1","floor":24}],"player_experience":616353,"relics_obtained":[{"floor":9,"key":"Bottled Lightning"},{"floor":12,"key":"Blue Candle"},{"floor":24,"key":"Art of War"}],"event_choices":[{"damage_healed":0,"gold_gain":175,"player_choice":"AGREE","damage_taken":0,"max_hp_gain":0,"max_hp_loss":0,"event_name":"Liars Game","floor":2,"gold_loss":0,"cards_obtained":["Doubt"]},{"damage_healed":0,"gold_gain":0,"player_choice":"Donut","damage_taken":0,"max_hp_gain":5,"max_hp_loss":0,"event_name":"Big Fish","floor":3,"gold_loss":0},{"damage_healed":0,"gold_gain":100,"player_choice":"Pray","damage_taken":0,"max_hp_gain":0,"max_hp_loss":0,"event_name":"Golden Shrine","floor":4,"gold_loss":0},{"damage_healed":0,"gold_gain":0,"player_choice":"Ignored","damage_taken":0,"max_hp_gain":0,"max_hp_loss":0,"event_name":"Vampires","floor":21,"gold_loss":0}],"is_beta":false,"boss_relics":[{"not_picked":["Pandora\u0027s Box","Snecko Eye"],"picked":"Tiny House"}],"items_purged_floors":[14],"is_endless":false,"potions_floor_spawned":[5,11,12,22],"killed_by":"Snake Plant","ascension_level":2}}