{"host":"6qohxdms6n72zb21","time":1608194893,"event":{"mods":["2.2 Compatiblity","Act Like it!","Ascension Reborn","BaseMod","Better Synergies","Downfall","Energized Spire","Hubris","Minty Spire (QoL Compilation)","Quick Restart","Replay The Spire","Spicy Shops","StSLib"],"gold_per_floor":[118,118,200,217,217,250,250,25,70,70,84,130,141,155,155,255,255,270,345,361,361,375,375,249,249,249,249,282,302,302,302,302],"floor_reached":31,"playtime":1166,"items_purged":[],"score":278,"play_id":"5247ecea-45d7-4d8e-9a0a-7ed1d58a4e64","local_time":"20201217034813","is_ascension_mode":true,"campfire_choices":[{"data":"Noxious Fumes","floor":7,"key":"SMITH"},{"floor":15,"key":"REST"},{"floor":23,"key":"REST"},{"floor":25,"key":"REST"}],"circlet_count":0,"master_deck":["Strike_G","Strike_G","Strike_G","Strike_G","Strike_G","Defend_G","Defend_G","Defend_G","Defend_G","Survivor","Neutralize","Outmaneuver","Corpse Explosion+1","Draining Mist","Noxious Fumes+1","Sucker Punch","PiercingWail","Deadly Poison","Leg Sweep","Cloak And Dagger","A Thousand Cuts","PiercingWail+1","Terror","Noxious Fumes+1","Pride","Necronomicurse","Footwork","Die Die Die","Decay"],"relics":["Ring of the Snake","NeowsBlessing","Regal Pillow","Letter Opener","Nunchaku","Membership Card","Bag of Marbles","hubris:EvacipatedBox","hubris:FruitBowl","Blood Vial","Vajra","Calling Bell","Replay:Wax Seal","ReplayTheSpireMod:Ninjato","WingedGreaves","TwistedFunnel","hubris:DisguiseKit","Ginger","Necronomicon","Juzu Bracelet"],"acts_visited":["Exordium","TheCity"],"potions_floor_usage":[18,22],"damage_taken":[{"damage":0,"enemies":"Small Slimes","floor":1,"turns":1},{"damage":0,"enemies":"2 Louse","floor":4,"turns":1},{"damage":0,"enemies":"3 Sentries","floor":6,"turns":1},{"damage":10,"enemies":"Jaw Worm","floor":11,"turns":4},{"damage":0,"enemies":"Gremlin Gang","floor":13,"turns":1},{"damage":4,"enemies":"Looter","floor":14,"turns":5},{"damage":24,"enemies":"Slime Boss","floor":16,"turns":8},{"damage":18,"enemies":"Spheric Guardian","floor":18,"turns":5},{"damage":18,"enemies":"Shell Parasite","floor":20,"turns":7},{"damage":19,"enemies":"Cultist and Chosen","floor":22,"turns":5},{"damage":51,"enemies":"Gremlin Leader","floor":28,"turns":7},{"damage":4,"enemies":"Snake Plant","floor":29,"turns":5},{"damage":1,"enemies":"Masked Bandits","floor":31,"turns":2}],"seed_played":"-3366339638992672715","potions_obtained":[{"floor":16,"key":"Energy Potion"},{"floor":20,"key":"Weak Potion"}],"is_trial":false,"path_per_floor":["M","?","?","M","?","E","R","$","T","$","M","T","M","M","R","B",null,"M","?","M","?","M","R","$","R","T","?","E","M","?","?"],"character_chosen":"THE_SILENT","items_purchased":["Nunchaku","Membership Card","hubris:EvacipatedBox","hubris:FruitBowl","Blood Vial","TwistedFunnel","hubris:DisguiseKit"],"campfire_rested":3,"item_purchase_floors":[8,8,10,10,10,24,24],"current_hp_per_floor":[70,70,70,70,70,70,70,70,70,22,14,14,16,14,50,28,70,52,45,29,34,17,53,53,70,70,54,5,3,3,4,4],"gold":302,"neow_bonus":"THREE_ENEMY_KILL","is_daily":false,"chose_seed":false,"campfire_upgraded":1,"win_rate":0.0,"timestamp":1608194893,"path_taken":["M","?","?","M","?","E","R","$","T","?","M","?","?","M","R","BOSS","M","?","?","?","?","R","$","R","T","?","E","M","?","?"],"items_purchased_type":["Relic","Relic","Relic","Relic","Relic","Relic","Relic"],"build_version":"2020-12-13","purchased_purges":0,"victory":false,"max_hp_per_floor":[70,70,70,70,70,70,70,70,70,70,70,70,70,70,70,70,70,70,70,70,70,70,70,70,70,70,70,70,70,70,70,70],"card_choices":[{"not_picked":["Bane","ReplayTheSpireMod:The Works"],"picked":"Outmaneuver","floor":1},{"not_picked":["Hidden Blade","hubris:SlightOfHand"],"picked":"Draining Mist","floor":3},{"not_picked":["ReplayTheSpireMod:Exploit Weakness","Escape Plan"],"picked":"Noxious Fumes","floor":3},{"not_picked":["Prepared","Underhanded Strike"],"picked":"Sucker Punch","floor":4},{"not_picked":["Quick Slash","Blur"],"picked":"PiercingWail","floor":6},{"not_picked":["Replay:Poison Smokescreen","Accuracy"],"picked":"Deadly Poison","floor":11},{"not_picked":["Dagger Throw","Acrobatics"],"picked":"Leg Sweep","floor":13},{"not_picked":["Choke","Dodge and Roll"],"picked":"Cloak And Dagger","floor":14},{"not_picked":["Unload","ReplayTheSpireMod:Necrosis"],"picked":"A Thousand Cuts","floor":16},{"not_picked":["Deadly Poison","Draining Mist"],"picked":"PiercingWail+1","floor":18},{"not_picked":["Cloak And Dagger","Riddle With Holes"],"picked":"Terror","floor":20},{"not_picked":["Bane","Poisoned Stab"],"picked":"Noxious Fumes+1","floor":22},{"not_picked":["Heel Hook","Dodge and Roll+1","champ:GladiatorStyle"],"picked":"Footwork","floor":28},{"not_picked":["Dash","Flechettes+1","champ:PerfectedStrike"],"picked":"Die Die Die","floor":29}],"player_experience":170118,"relics_obtained":[{"floor":3,"key":"Regal Pillow"},{"floor":6,"key":"Letter Opener"},{"floor":9,"key":"Bag of Marbles"},{"floor":12,"key":"Vajra"},{"floor":17,"key":"Replay:Wax Seal"},{"floor":17,"key":"ReplayTheSpireMod:Ninjato"},{"floor":17,"key":"WingedGreaves"},{"floor":26,"key":"Ginger"},{"floor":27,"key":"Necronomicon"},{"floor":28,"key":"Juzu Bracelet"}],"event_choices":[{"damage_healed":0,"gold_gain":0,"player_choice":"Leave","damage_taken":0,"max_hp_gain":0,"max_hp_loss":0,"event_name":"The Cleric","floor":5,"gold_loss":0},{"damage_healed":0,"gold_gain":75,"player_choice":"Touch","damage_taken":7,"max_hp_gain":0,"max_hp_loss":0,"event_name":"FaceTrader","floor":19,"gold_loss":0},{"cards_removed":["CurseOfTheBell"],"damage_healed":5,"gold_gain":0,"player_choice":"Offered Special","damage_taken":0,"max_hp_gain":0,"max_hp_loss":0,"event_name":"Bonfire Elementals","floor":21,"gold_loss":0},{"damage_healed":0,"gold_gain":0,"player_choice":"Obtained Book","damage_taken":16,"max_hp_gain":0,"max_hp_loss":0,"event_name":"Cursed Tome","floor":27,"gold_loss":0},{"damage_healed":0,"gold_gain":0,"player_choice":"Smashed Altar","damage_taken":0,"max_hp_gain":0,"max_hp_loss":0,"event_name":"Forgotten Altar","floor":30,"gold_loss":0,"cards_obtained":["Decay"]},{"damage_healed":0,"gold_gain":0,"player_choice":"Fought Bandits","damage_taken":0,"max_hp_gain":0,"max_hp_loss":0,"event_name":"Masked Bandits","floor":31,"gold_loss":0}],"is_beta":false,"boss_relics":[{"not_picked":["energizedSpire:MagnifyingGlass","Empty Cage","Philosopher\u0027s Stone"],"picked":"Calling Bell"}],"items_purged_floors":[],"is_endless":false,"potions_floor_spawned":[16,20],"killed_by":"Masked Bandits","ascension_level":0}}