{"host":"grli52lbdph2722t","time":1608181260,"event":{"mods":["AchievementEnabler","BaseMod","Downfall","Minty Spire (QoL Compilation)","Quick Restart","StSLib"],"gold_per_floor":[99,112,122,138,138,172,253,253,278,278,292,151,169,169,186,186,186],"floor_reached":16,"playtime":730,"items_purged":["champ:Strike"],"score":140,"play_id":"c5ce82f1-f908-4f44-bb55-8d960aa554f7","local_time":"20201217060100","is_ascension_mode":true,"campfire_choices":[{"data":"champ:Taunt","floor":1,"key":"SMITH"},{"data":"champ:StanceDance","floor":5,"key":"SMITH"},{"data":"champ:HeavySlash","floor":8,"key":"SMITH"},{"data":"champ:Haymaker","floor":10,"key":"SMITH"}],"circlet_count":0,"master_deck":["champ:Strike","champ:Strike","champ:Strike","champ:Defend","champ:Defend","champ:Defend","champ:Defend","champ:Execute","champ:Taunt+1","CurseOfTheBell","champ:Haymaker+1","champ:SwordSigil","champ:StanceDance+1","champ:HeavySlash+1","champ:FanOfKnives","champ:EnchantShield","champ:FlashCut","champ:Duel"],"relics":["Calling Bell","MealTicket","HornCleat","TungstenRod","Art of War","Blue Candle","Gremlin Horn","downfall:ShatteredFragment"],"acts_visited":["Exordium"],"potions_floor_usage":[6,16],"damage_taken":[{"damage":3,"enemies":"2 Louse","floor":2,"turns":4},{"damage":5,"enemies":"Cultist","floor":3,"turns":4},{"damage":0,"enemies":"Small Slimes","floor":4,"turns":5},{"damage":20,"enemies":"Gremlin Nob","floor":6,"turns":5},{"damage":34,"enemies":"3 Sentries","floor":9,"turns":7},{"damage":4,"enemies":"2 Fungi Beasts","floor":11,"turns":5},{"damage":2,"enemies":"downfall:FleeingMerchant","floor":12,"turns":4},{"damage":16,"enemies":"Exordium Thugs","floor":13,"turns":6},{"damage":13,"enemies":"Gremlin Gang","floor":15,"turns":3},{"damage":13,"enemies":"downfall:Silent","floor":16,"turns":4}],"seed_played":"6000734524038559742","potions_obtained":[{"floor":4,"key":"BlessingOfTheForge"},{"floor":6,"key":"SteroidPotion"},{"floor":13,"key":"Weak Potion"}],"is_trial":false,"path_per_floor":["R","M","M","M","R","E","T","R","E","R","M","$","M","?","M","B"],"character_chosen":"THE_CHAMP","items_purchased":["champ:FlashCut"],"campfire_rested":0,"item_purchase_floors":[12],"current_hp_per_floor":[90,87,87,87,87,67,67,67,43,43,39,55,47,21,13,0,0],"gold":186,"neow_bonus":"BOSS_RELIC","is_daily":false,"chose_seed":false,"campfire_upgraded":4,"win_rate":0.0,"timestamp":1608181260,"path_taken":["R","M","M","M","R","E","T","R","E","R","M","$","M","?","M","BOSS"],"items_purchased_type":["Card"],"build_version":"2020-12-13","purchased_purges":1,"victory":false,"max_hp_per_floor":[90,90,90,90,90,90,90,90,90,90,90,90,90,90,90,90,90],"card_choices":[{"not_picked":["champ:StanceDance","champ:CrookedStrike"],"picked":"champ:Haymaker","floor":2},{"not_picked":["champ:EnGarde","champ:AdrenalArmor"],"picked":"champ:SwordSigil","floor":3},{"not_picked":["champ:AdrenalArmor","champ:DefensiveShout"],"picked":"champ:StanceDance","floor":4},{"not_picked":["champ:SkillfulDodge","champ:Encircle"],"picked":"champ:HeavySlash","floor":6},{"not_picked":["champ:Encircle","champ:GutPunch","champ:RisingSlash"],"picked":"SKIP","floor":9},{"not_picked":["champ:RageSigil","champ:IronFortress"],"picked":"champ:FanOfKnives","floor":11},{"not_picked":["champ:AdrenalArmor","champ:SwordSigil"],"picked":"champ:EnchantShield","floor":12},{"not_picked":["champ:CrookedStrike","champ:Encircle","champ:RageSigil"],"picked":"SKIP","floor":13},{"not_picked":["champ:HeartStrike","champ:ViciousMockery"],"picked":"champ:Duel","floor":15}],"player_experience":4815446,"relics_obtained":[{"floor":0,"key":"MealTicket"},{"floor":0,"key":"HornCleat"},{"floor":0,"key":"TungstenRod"},{"floor":6,"key":"Art of War"},{"floor":7,"key":"Blue Candle"},{"floor":9,"key":"Gremlin Horn"}],"event_choices":[],"is_beta":false,"boss_relics":[],"items_purged_floors":[12],"is_endless":false,"potions_floor_spawned":[4,6,13],"killed_by":"downfall:Silent","ascension_level":5}}