{"host":"02w9hl92h62kgkzk","time":1608242185,"event":{"mods":["2.2 Compatiblity","AchievementEnabler","Act Like it!","AlwaysNeverKeys","Aspiration","Bard","BaseMod","Beaked The Cultist","Better Altar","Better Match","Better Note","Better Sensory Stone","Better Skull","Better Third Choice","Better Vampires","BetterRewards","Block Reminder","CCEM","ChefMod","Colored Map","Colored Powertips","Conspire","Dio Mod","Downfall","Ekko","Elementarium","Emptier Cage","Energized Spire","Fireblade Mod","Friendly Minions","FruityMod","Gensokyo","GifTheSpireLib","Halation","Hallownest","Hermit","Hubris","Jorbs\u0027s Wanderer Trilogy","Magitek Elite","Marisa????????","Marked Mod","Minty Spire (QoL Compilation)","Permanent Neow","QueenMod","Quick Restart","Random Character Mod","Rare Cards Sparkle","Replay The Spire","Retaliation","Reworked Bosses","Robot Space Explorer","SIMod","Shade Mod","Shop Mod","Somnambulant","Spicy Shops","Spikes Relics","StSLib","Stuff the Spire","Synergy Search","The Administrix","The Alterego","The Animator","The Blackbeard","The Blue Laboratory","The Bug Knight","The Construct","The Cursed","The Death Knight","The Disciple","The Factory","The Fake Hero","The Forsaken","The Gatherer","The Hayseed","The Hierophant","The Judge","The Jungle","The Runesmith","The Valiant","The Vixen","The Wild Card","TheHero","TheVacant","Trackpad","Transform Curses","Unceasing Turn Reminder","Wandering Minibosses","thorton","vexMod"],"gold_per_floor":[113,213,230,155,167,167,38,49,49,74,86,86,86,98,98,202,202,213,224,224,299,36,65,65,83,110,110,143,159,68,97,97,198,198,213,213,223,269,286,315,315,315,339,372,372,472,25,44,44,44,44,44,17,42,42,42],"floor_reached":55,"playtime":3167,"items_purged":["DeathKnight:BladedArmor","DeathKnight:Hemostasis","DeathKnight:HartStrike","DeathKnight:HowlingBlast"],"score":808,"play_id":"bca73649-a246-4b4b-a30f-606832d74bc4","local_time":"20201217155625","daily_mods":["Draft"],"is_ascension_mode":false,"campfire_choices":[{"data":"DeathKnight:DeathStrike","floor":6,"key":"SMITH"},{"data":"DeathKnight:DancingRuneblade","floor":15,"key":"SMITH"},{"data":"DeathKnight:BludPresence","floor":24,"key":"SMITH"},{"data":"DeathKnight:BludPresence","floor":27,"key":"SMITH"},{"data":"DeathKnight:BludPresence","floor":32,"key":"SMITH"},{"floor":41,"key":"RECALL"},{"data":"Limit Break","floor":45,"key":"SMITH"},{"data":"DeathKnight:DeathStrike","floor":49,"key":"SMITH"},{"data":"DeathKnight:DancingRuneblade","floor":52,"key":"SMITH"}],"circlet_count":0,"master_deck":["DeathKnight:Lichborne","DeathKnight:BludPresence+1","DeathKnight:BloodStrike","DeathKnight:UnholyAssault","DeathKnight:BloodStrike","DeathKnight:BloodTap","DeathKnight:BloodStrike","DeathKnight:DeathStrike+1","DeathKnight:DeathStrike+1","DeathKnight:BludPresence+1","DeathKnight:DancingRuneblade+1","DeathKnight:Frostscythe","DeathKnight:BloodEchoes+1","DeathKnight:BludPresence+1","Limit Break+1","DeathKnight:DancingRuneblade+1","DeathKnight:BoneSpear+1","DeathKnight:DarkSuccor+1"],"relics":["DeathKnight:BrokenRuneblade","Ring of Chaos","MerchantsRug","StuffTheSpire:CocoNut","Replay:Rubber Ducky","Gensokyo:Justice","theForsaken:PaleLantern","CCEMRelics:FryingPan","Lantern","Akabeko","Coffee Dripper","ReplayTheSpireMod:CursedCoin","ReplayTheSpireMod:Lightbulb","hubris:CrystalStatue","CCEMRelics:BiPhaseBiplane","HollowMod:JonisBlessing","Replay:Bottled Snecko","DeathKnight:TomeOfBloodSpecialization"],"acts_visited":["Gensokyo:Gensokyo","TheCity","TheBeyond","TheEnding"],"potions_floor_usage":[],"damage_taken":[{"damage":7,"enemies":"Gensokyo:Gryphon","floor":1,"turns":2},{"damage":2,"enemies":"Gensokyo:Python","floor":3,"turns":3},{"damage":0,"enemies":"Gensokyo:2_Kodama","floor":5,"turns":2},{"damage":10,"enemies":"Gensokyo:VengefulSpirit","floor":8,"turns":3},{"damage":11,"enemies":"Gensokyo:Cirno","floor":10,"turns":5},{"damage":22,"enemies":"Gensokyo:3_Kodama","floor":11,"turns":3},{"damage":0,"enemies":"Gensokyo:LivingMonolith","floor":14,"turns":2},{"damage":18,"enemies":"Gensokyo:Yukari","floor":16,"turns":7},{"damage":30,"enemies":"Shell Parasite","floor":18,"turns":5},{"damage":7,"enemies":"Chosen","floor":19,"turns":3},{"damage":11,"enemies":"Gremlin Leader","floor":23,"turns":5},{"damage":5,"enemies":"Snecko","floor":25,"turns":3},{"damage":26,"enemies":"Book of Stabbing","floor":28,"turns":3},{"damage":17,"enemies":"Snake Plant","floor":29,"turns":3},{"damage":25,"enemies":"conspire:SneckoGhost","floor":31,"turns":6},{"damage":31,"enemies":"Automaton","floor":33,"turns":6},{"damage":2,"enemies":"Orb Walker","floor":35,"turns":1},{"damage":24,"enemies":"3 Shapes","floor":37,"turns":3},{"damage":58,"enemies":"Writhing Mass","floor":39,"turns":4},{"damage":15,"enemies":"Giant Head","floor":40,"turns":5},{"damage":7,"enemies":"HollowMod:StalkingDevout","floor":44,"turns":4},{"damage":0,"enemies":"3 Darklings","floor":48,"turns":3},{"damage":0,"enemies":"bossMod:newShapes","floor":50,"turns":5},{"damage":40,"enemies":"Shield and Spear","floor":54,"turns":4},{"damage":50,"enemies":"The Heart","floor":55,"turns":3}],"seed_played":"3572579649280874378","potions_obtained":[{"floor":1,"key":"SteroidPotion"},{"floor":10,"key":"Regen Potion"},{"floor":16,"key":"BlessingOfTheForge"},{"floor":18,"key":"Elixir"},{"floor":28,"key":"DistilledChaos"},{"floor":35,"key":"blueLaboratory:BottledHope"},{"floor":44,"key":"sneckomod:MuddlingPotion"}],"is_trial":true,"path_per_floor":["M","?","M","?","M","R","$","M","T","E","M","?","T","M","R","B",null,"M","M","?","?","$","E","R","M","T","R","E","M","$","E","R","B",null,"M","?","M","$","M","E","R","?","T","E","R","?","$","M","R","B",null,"R","$","E","B"],"character_chosen":"DEATH_KNIGHT","items_purchased":["MerchantsRug","Matryoshka","aspiration:Nostalgia","ReplayTheSpireMod:CursedCoin","ReplayTheSpireMod:Lightbulb","CCEMRelics:BiPhaseBiplane","HollowMod:JonisBlessing","Replay:Bottled Snecko"],"campfire_rested":0,"item_purchase_floors":[7,22,30,38,38,47,47,47],"current_hp_per_floor":[68,68,73,73,73,73,73,75,82,82,60,60,60,72,72,62,82,52,57,16,21,36,50,50,62,74,74,61,62,72,65,65,47,89,89,89,85,89,44,55,55,55,60,79,79,84,89,89,89,89,89,89,89,49,0,0],"gold":42,"neow_bonus":"","is_daily":false,"chose_seed":false,"campfire_upgraded":8,"win_rate":0.0,"timestamp":1608242185,"path_taken":["M","?","M","?","M","R","$","M","T","E","M","?","?","M","R","BOSS","M","M","?","?","$","E","R","M","T","R","E","M","$","E","R","BOSS","M","?","?","$","M","E","R","?","T","E","R","?","$","?","R","BOSS","R","$","E","BOSS"],"items_purchased_type":["Relic","Relic","Relic","Relic","Relic","Relic","Relic","Relic"],"build_version":"2020-12-13","purchased_purges":4,"victory":false,"max_hp_per_floor":[75,75,75,75,75,75,75,75,82,82,82,82,82,82,82,82,82,82,82,82,82,82,82,82,82,89,89,89,89,89,89,89,89,89,89,89,89,89,89,89,89,89,89,89,89,89,89,89,89,89,89,89,89,89,89,89],"card_choices":[{"not_picked":["DeathKnight:PathOfFrost","DeathKnight:Pestilence"],"picked":"DeathKnight:Lichborne","floor":0},{"not_picked":["DeathKnight:MutagenicPlague","DeathKnight:DeathAndDecay"],"picked":"DeathKnight:HartStrike","floor":0},{"not_picked":["DeathKnight:ScourgeStrike","DeathKnight:FrosPresence"],"picked":"DeathKnight:BludPresence","floor":0},{"not_picked":["DeathKnight:Hysteria","DeathKnight:FrostStrike"],"picked":"DeathKnight:BloodStrike","floor":0},{"not_picked":["DeathKnight:HornOfWinter","DeathKnight:MutagenicPlague"],"picked":"DeathKnight:UnholyAssault","floor":0},{"not_picked":["DeathKnight:AntiMagicShell","DeathKnight:Culling"],"picked":"DeathKnight:BloodStrike","floor":0},{"not_picked":["DeathKnight:DreadStrike","DeathKnight:DeathGrip"],"picked":"DeathKnight:Hemostasis","floor":0},{"not_picked":["DeathKnight:BladedArmor","DeathKnight:IcyTouch"],"picked":"DeathKnight:HowlingBlast","floor":0},{"not_picked":["DeathKnight:Obliterate","DeathKnight:AntiMagicShell"],"picked":"DeathKnight:BloodTap","floor":0},{"not_picked":["DeathKnight:BloodTap","DeathKnight:UnholyFrenzy"],"picked":"DeathKnight:BloodStrike","floor":0},{"not_picked":["DeathKnight:WraithWalk","DeathKnight:UnholyPresence"],"picked":"DeathKnight:BladedArmor","floor":0},{"not_picked":["DeathKnight:MindFreeze","DeathKnight:DreadStrike"],"picked":"DeathKnight:DeathStrike","floor":0},{"not_picked":["DeathKnight:DeathsAdvance","DeathKnight:WraithWalk"],"picked":"DeathKnight:DeathRune","floor":0},{"not_picked":["DeathKnight:BloodEchoes","DeathKnight:UnholyAssault"],"picked":"DeathKnight:DeathStrike","floor":0},{"not_picked":["DeathKnight:RuneShock","DeathKnight:BloodTap"],"picked":"DeathKnight:Runeguard","floor":0},{"not_picked":["DeathKnight:Pestilence","DeathKnight:FrosPresence","DeathKnight:Parry"],"picked":"SKIP","floor":1},{"not_picked":["DeathKnight:ScourgeStrike","DeathKnight:Ossuary","DeathKnight:IcyTouch"],"picked":"SKIP","floor":3},{"not_picked":["DeathKnight:PillarOfFrost","DeathKnight:Pestilence","DeathKnight:FrosPresence"],"picked":"SKIP","floor":5},{"not_picked":["DeathKnight:DeathAndDecay","DeathKnight:RunicCorruption","DeathKnight:UnholyPresence"],"picked":"SKIP","floor":8},{"not_picked":["DeathKnight:BloodTap","DeathKnight:Outbreak"],"picked":"DeathKnight:BludPresence","floor":10},{"not_picked":["DeathKnight:BloodStrike","DeathKnight:MindFreeze","DeathKnight:UnholyAssault"],"picked":"SKIP","floor":11},{"not_picked":["DeathKnight:IceboundArmor","DeathKnight:FrostStrike"],"picked":"DeathKnight:DancingRuneblade","floor":14},{"not_picked":["DeathKnight:SindragosasBreath","DeathKnight:Defile"],"picked":"DeathKnight:Frostscythe","floor":16},{"not_picked":["DeathKnight:BloodTap","DeathKnight:DreadStrike+1","DeathKnight:Ossuary+1"],"picked":"SKIP","floor":18},{"not_picked":["DeathKnight:MutagenicPlague","DeathKnight:DeathsAdvance","DeathKnight:BludPresence"],"picked":"SKIP","floor":19},{"not_picked":["DeathKnight:HornOfWinter","DeathKnight:IceboundArmor"],"picked":"DeathKnight:BloodEchoes+1","floor":23},{"not_picked":["DeathKnight:PathOfFrost","DeathKnight:Ossuary"],"picked":"DeathKnight:BludPresence","floor":25},{"not_picked":["DeathKnight:FrosPresence","DeathKnight:Parry","DeathKnight:Razorice"],"picked":"SKIP","floor":28},{"not_picked":["DeathKnight:HornOfWinter","DeathKnight:DeathAndDecay","DeathKnight:UnholyFrenzy"],"picked":"SKIP","floor":29},{"not_picked":["DeathKnight:PathOfFrost","DeathKnight:UnholyFrenzy","DeathKnight:HowlingBlast+1"],"picked":"SKIP","floor":31},{"not_picked":["DeathKnight:ArmyOfTheDead","DeathKnight:Razorice"],"picked":"Limit Break","floor":33},{"not_picked":["DeathKnight:PlagueStrike","DeathKnight:RuneShock","DeathKnight:Hysteria"],"picked":"SKIP","floor":35},{"not_picked":["DeathKnight:HornOfWinter","DeathKnight:HartStrike+1","DeathKnight:PillarOfFrost+1"],"picked":"SKIP","floor":37},{"not_picked":["DeathKnight:BloodStrike","DeathKnight:UnholyFrenzy+1"],"picked":"DeathKnight:DancingRuneblade","floor":39},{"not_picked":["DeathKnight:Pestilence+1","DeathKnight:ShatteringStrikes"],"picked":"DeathKnight:BoneSpear+1","floor":40},{"not_picked":["DeathKnight:FesteringStrike","DeathKnight:DreadStrike","DeathKnight:ShatteringStrikes+1"],"picked":"SKIP","floor":44},{"not_picked":["DeathKnight:RunicCorruption","DeathKnight:ArmyOfTheDead"],"picked":"DeathKnight:DarkSuccor+1","floor":48},{"not_picked":["DeathKnight:FrosPresence+1","DeathKnight:ShatteringStrikes","DeathKnight:DeathCoil"],"picked":"SKIP","floor":54}],"player_experience":1110532,"relics_obtained":[{"floor":9,"key":"StuffTheSpire:CocoNut"},{"floor":10,"key":"Replay:Rubber Ducky"},{"floor":23,"key":"CCEMRelics:FryingPan"},{"floor":26,"key":"Strawberry"},{"floor":26,"key":"Lantern"},{"floor":28,"key":"Akabeko"},{"floor":31,"key":"Thread and Needle"},{"floor":40,"key":"Chameleon Ring"},{"floor":43,"key":"trackpad:SappingStone"},{"floor":43,"key":"Boot"},{"floor":44,"key":"hubris:CrystalStatue"},{"floor":54,"key":"DeathKnight:TomeOfBloodSpecialization"}],"event_choices":[{"damage_healed":0,"gold_gain":0,"player_choice":"3","damage_taken":0,"max_hp_gain":0,"max_hp_loss":0,"event_name":"betterMatch:BetterMatch","floor":4,"gold_loss":0,"cards_obtained":[]},{"damage_healed":0,"gold_gain":0,"player_choice":" Idol ","damage_taken":41,"relics_obtained":["Bloody Idol"],"max_hp_gain":57,"max_hp_loss":16,"event_name":"betterAltar:BetterAltar","floor":20,"potions_obtained":[],"relics_lost":[],"gold_loss":0},{"cards_removed":["DeathKnight:Runeguard"],"damage_healed":0,"gold_gain":0,"player_choice":"Card Removal","damage_taken":0,"max_hp_gain":0,"max_hp_loss":0,"event_name":"Wheel of Change","floor":36,"gold_loss":0},{"damage_healed":0,"gold_gain":0,"player_choice":"Leave","damage_taken":0,"max_hp_gain":0,"max_hp_loss":0,"event_name":"conspire:Investor","floor":42,"gold_loss":0},{"damage_healed":0,"gold_gain":100,"player_choice":"Pray","damage_taken":0,"max_hp_gain":0,"max_hp_loss":0,"event_name":"Golden Shrine","floor":46,"gold_loss":0}],"is_beta":false,"boss_relics":[{"not_picked":["Replay:Bronze Core","halation:MonkeysPaw"],"picked":"theForsaken:PaleLantern"},{"not_picked":["Sandwich","hubris:BlackHole"],"picked":"Coffee Dripper"}],"items_purged_floors":[22,38,47,53],"is_endless":false,"potions_floor_spawned":[1,10,16,18,19,28,35,44],"killed_by":"The Heart","ascension_level":0}}