{"host":"5qewjvycy34u7aeo","time":1608223384,"event":{"mods":["Act Like it!","Aspiration","BaseMod","Conspire","Downfall","GifTheSpireLib","Hubris","Infinite Spire","Minty Spire (QoL Compilation)","Permanent Neow","Replay The Spire","Shop Mod","StSLib","Stuff the Spire"],"gold_per_floor":[99,126,126,126,126,126,126,126,146,146,146,162,162,179,199,199,199],"floor_reached":16,"playtime":687,"items_purged":["Slimebound:Strike_Slimebound","Slimebound:Strike_Slimebound"],"score":123,"play_id":"d234510a-a090-46b6-a30e-764e7c184a85","local_time":"20201217084304","is_ascension_mode":false,"campfire_choices":[{"data":"Slimebound:Split","floor":1,"key":"SMITH"},{"data":"Slimebound:ViciousTackle","floor":3,"key":"SMITH"},{"data":"Slimebound:FlameTackle","floor":8,"key":"SMITH"},{"data":"Slimebound:FlameTackle","floor":10,"key":"SMITH"}],"circlet_count":0,"master_deck":["Slimebound:Strike_Slimebound","Slimebound:Tackle","Slimebound:Defend_Slimebound","Slimebound:Defend_Slimebound","Slimebound:Defend_Slimebound","Slimebound:Defend_Slimebound+1","Slimebound:Split+1","Slimebound:CorrosiveSpit+1","Slimebound:ViciousTackle+1","Slimebound:FlameTackle+1","Slimebound:RollThrough","Slimebound:FlameTackle+1","infinitespire:FutureSight","Slimebound:LeechEnergy","Slimebound:LeechEnergy"],"relics":["Slimebound:AbsorbEndCombat","downfall:HeartsMalice","Replay:Towering Pillar of Hats","downfall:BrokenWingStatue","hubris:PeanutButter","The Courier","War Paint","hubris:KleinBottle"],"acts_visited":["Exordium"],"potions_floor_usage":[16],"damage_taken":[{"damage":0,"enemies":"Lagavulin","floor":2,"turns":1},{"damage":0,"enemies":"Small Slimes","floor":4,"turns":1},{"damage":0,"enemies":"Jaw Worm","floor":5,"turns":1},{"damage":5,"enemies":"conspire:RoseBush","floor":9,"turns":2},{"damage":19,"enemies":"Exordium Thugs","floor":12,"turns":4},{"damage":11,"enemies":"Lots of Slimes","floor":14,"turns":5},{"damage":11,"enemies":"Large Slime","floor":15,"turns":3},{"damage":53,"enemies":"downfall:Defect","floor":16,"turns":4}],"seed_played":"2367982910324671896","potions_obtained":[{"floor":2,"key":"GamblersBrew"},{"floor":9,"key":"Slimebound:SlimedPotion"},{"floor":12,"key":"SpeedPotion"},{"floor":15,"key":"PowerPotion"}],"is_trial":false,"path_per_floor":["R","E","R","M","M","?","T","R","M","R","T","M","$","M","M","B"],"character_chosen":"SLIMEBOUND","items_purchased":["War Paint","hubris:KleinBottle"],"campfire_rested":0,"item_purchase_floors":[13,13],"current_hp_per_floor":[60,60,60,60,60,60,60,60,59,59,59,53,12,25,34,0,0],"gold":199,"neow_bonus":"THREE_ENEMY_KILL","is_daily":false,"chose_seed":false,"campfire_upgraded":4,"win_rate":0.0,"timestamp":1608223384,"path_taken":["R","E","R","M","M","?","T","R","M","R","?","?","?","M","M","BOSS"],"items_purchased_type":["Relic","Relic"],"build_version":"2020-12-13","purchased_purges":2,"victory":false,"max_hp_per_floor":[60,60,60,60,60,60,60,60,60,60,60,60,60,60,60,60,60],"card_choices":[{"not_picked":["Slimebound:FormOfPuddle","Slimebound:FinishingTackle"],"picked":"Slimebound:ViciousTackle","floor":2},{"not_picked":["Slimebound:ComboTackle","Slimebound:Recollect"],"picked":"Slimebound:FlameTackle","floor":4},{"not_picked":["Slimebound:GoopSpray","Slimebound:ProtectTheBoss"],"picked":"Slimebound:RollThrough","floor":5},{"not_picked":["Slimebound:SplitLeeching","Slimebound:RollThrough"],"picked":"Slimebound:FlameTackle","floor":9},{"not_picked":["Slimebound:ItLooksTasty","Slimebound:SplitMire","Slimebound:OozeBath"],"picked":"SKIP","floor":12},{"not_picked":["infinitespire:Oblivion","infinitespire:FinalStrike"],"picked":"infinitespire:FutureSight","floor":13},{"not_picked":["Slimebound:ItLooksTasty","Slimebound:SplitMire"],"picked":"Slimebound:LeechEnergy","floor":14},{"not_picked":["Slimebound:Prepare","Slimebound:SplitAcid"],"picked":"Slimebound:LeechEnergy","floor":15}],"player_experience":349255,"relics_obtained":[{"floor":2,"key":"Replay:Towering Pillar of Hats"},{"floor":7,"key":"hubris:PeanutButter"},{"floor":11,"key":"The Courier"}],"event_choices":[],"is_beta":false,"boss_relics":[],"items_purged_floors":[13,13],"is_endless":false,"potions_floor_spawned":[2,9,12,15],"killed_by":"downfall:Defect","ascension_level":0}}