{"host":"urcd10ipogtopotm","time":1608215115,"event":{"mods":["2.2 Compatiblity","AchievementEnabler","Act Like it!","Bard","BaseMod","Beaked The Cultist","Better Third Choice","Block Reminder","Colored Map","Colored Powertips","Downfall","Hallownest","Hermit","Highlight Path","Infinite Spire","Minty Spire (QoL Compilation)","Permanent Neow","Quick Restart","Random Character Button","Relic Stats","Replay The Spire","Shade Mod","Shop Mod","StSLib","The Blackbeard","The Bug Knight","The Construct","The Cursed","The Disciple","The Forsaken","The Hierophant","The Necromancer","The Runesmith","The Senshi","The Servant 0.9.4"],"gold_per_floor":[109,109,130,130,143,176,199,199,223,238,271,196,96,121,121,246,246,271,271,146,159,184,222,222,222,246,246,266,274,274],"floor_reached":29,"playtime":2436,"items_purged":["construct:Strike_Gold","construct:Strike_Gold","construct:Defend_Gold"],"score":255,"play_id":"faa1e244-38c4-4e0b-9fcc-f149623cfb0b","local_time":"20201217092515","is_ascension_mode":false,"campfire_choices":[{"floor":8.0,"key":"REST"},{"data":"construct:Chainstrike","floor":15.0,"key":"SMITH"},{"data":"construct:GuardCore","floor":24.0,"key":"SMITH"},{"data":"infinitespire:NeuralNetwork","floor":27.0,"key":"SMITH"}],"circlet_count":0,"master_deck":["construct:Strike_Gold","construct:Strike_Gold","construct:Strike_Gold","construct:Defend_Gold","construct:Defend_Gold+1","construct:Defend_Gold","construct:Defend_Gold","construct:AttackMode+1","construct:DefenseMode","construct:UnbalancingBlast","construct:Chainstrike+1","construct:Disrupt","construct:SpinDrive","construct:Enhance","construct:Autoturret+1","construct:GuardCore+1","infinitespire:NeuralNetwork+1","construct:CripplingShot"],"relics":["construct:Cogwheel","Golden Idol","Bronze Scales","Pet Ghost","Toy Ornithopter","Philosopher\u0027s Stone","infinitespire:Midas Blood"],"acts_visited":["Exordium","TheCity"],"potions_floor_usage":[29,29],"damage_taken":[{"damage":0.0,"enemies":"Small Slimes","floor":1.0,"turns":3.0},{"damage":1.0,"enemies":"Jaw Worm","floor":3.0,"turns":3.0},{"damage":0.0,"enemies":"Cultist","floor":5.0,"turns":3.0},{"damage":44.0,"enemies":"Gremlin Nob","floor":6.0,"turns":5.0},{"damage":4.0,"enemies":"Lots of Slimes","floor":7.0,"turns":4.0},{"damage":4.0,"enemies":"Looter","floor":10.0,"turns":3.0},{"damage":10.0,"enemies":"3 Sentries","floor":11.0,"turns":8.0},{"damage":3.0,"enemies":"Red Slaver","floor":14.0,"turns":4.0},{"damage":25.0,"enemies":"Slime Boss","floor":16.0,"turns":8.0},{"damage":1.0,"enemies":"Spheric Guardian","floor":18.0,"turns":3.0},{"damage":24.0,"enemies":"Cultist and Chosen","floor":21.0,"turns":5.0},{"damage":13.0,"enemies":"Centurion and Healer","floor":22.0,"turns":4.0},{"damage":20.0,"enemies":"Replay:Snechameleon","floor":23.0,"turns":5.0},{"damage":13,"enemies":"Snake Plant","floor":28,"turns":4},{"damage":25,"enemies":"3 Cultists","floor":29,"turns":3}],"seed_played":"2676518793349802132","potions_obtained":[{"floor":1.0,"key":"sneckomod:MuddlingPotion"},{"floor":6.0,"key":"Elixir"},{"floor":7.0,"key":"DuplicationPotion"},{"floor":11.0,"key":"ColorlessPotion"},{"floor":16.0,"key":"Milkshake"},{"floor":19.0,"key":"DuplicationPotion"},{"floor":19.0,"key":"Reflective Coating"}],"is_trial":false,"path_per_floor":["M","?","M","?","M","E","M","R","T","M","E","$","$","M","R","B",null,"M","?","$","M","M","E","R","AVR","T","R","M","M"],"character_chosen":"THE_CONSTRUCT_MOD","items_purchased":[],"campfire_rested":1,"item_purchase_floors":[],"current_hp_per_floor":[85,64,63,63,63,19,15,40,40,36,26,26,26,33,33,13,85,84,84,84,60,47,27,27,27,27,27,14,0,0],"gold":274,"neow_bonus":"UPGRADE_CARD","is_daily":false,"chose_seed":false,"campfire_upgraded":3,"win_rate":0.0,"timestamp":1608215115,"path_taken":["M","?","M","?","M","E","M","R","T","?","E","?","$","M","R","BOSS","M","?","$","?","M","E","R","AVR","T","R","M","?"],"items_purchased_type":[],"build_version":"2020-12-13","purchased_purges":3,"victory":false,"max_hp_per_floor":[85,85,85,85,85,85,85,85,85,85,85,85,85,85,85,85,85,85,85,85,85,85,85,85,85,85,85,85,85,85],"relic_stats":{"counters":[15,65],"Golden Idol":83,"Bronze Scales":[126],"obtain_stats":[{"Golden Idol":2,"construct:Cogwheel":0,"Bronze Scales":6,"Philosopher\u0027s Stone":17,"Pet Ghost":9,"Toy Ornithopter":11,"infinitespire:Midas Blood":23},{"Golden Idol":1,"construct:Cogwheel":0,"Bronze Scales":4,"Philosopher\u0027s Stone":9,"Pet Ghost":5,"Toy Ornithopter":7,"infinitespire:Midas Blood":13},{"Golden Idol":3,"construct:Cogwheel":0,"Bronze Scales":14,"Philosopher\u0027s Stone":41,"Pet Ghost":18,"Toy Ornithopter":29,"infinitespire:Midas Blood":58}],"Toy Ornithopter":25},"card_choices":[{"not_picked":["construct:FocusedBeam","construct:ShiftGuard"],"picked":"construct:UnbalancingBlast","floor":1.0},{"not_picked":["construct:ScopeCore","construct:ReactiveShield","construct:Autoturret"],"picked":"SKIP","floor":3.0},{"not_picked":["construct:Forcefield","construct:SuppressiveFire"],"picked":"construct:Chainstrike","floor":5.0},{"not_picked":["construct:UnbalancingBlast","construct:ShiftStrike"],"picked":"construct:Disrupt","floor":6.0},{"not_picked":["construct:Impenetrable","construct:ReactiveShield","construct:ClockworkEgg"],"picked":"SKIP","floor":7.0},{"not_picked":["construct:PointDefense","construct:Anticipate","construct:ModeShift"],"picked":"SKIP","floor":10.0},{"not_picked":["construct:Overcharge","construct:GuardCore","construct:Impenetrable"],"picked":"SKIP","floor":11.0},{"not_picked":["construct:HardReboot","construct:FocusedBeam","construct:SyphonStrike"],"picked":"SKIP","floor":14.0},{"not_picked":["construct:MassProduction","construct:GatlingGun"],"picked":"construct:SpinDrive","floor":16.0},{"not_picked":["construct:Zapper","construct:FocusedBeam"],"picked":"construct:Enhance","floor":18.0},{"not_picked":["construct:Forcefield","construct:Backup"],"picked":"construct:Autoturret+1","floor":21.0},{"not_picked":["construct:Failsafe","construct:FocusedBeam"],"picked":"construct:GuardCore","floor":22.0},{"not_picked":["construct:FierceBash","construct:Versatility","construct:ShiftStrike"],"picked":"SKIP","floor":23.0},{"not_picked":["construct:VentSteam","construct:Autoturret"],"picked":"construct:CripplingShot","floor":28}],"player_experience":65408,"relics_obtained":[{"floor":6.0,"key":"Bronze Scales"},{"floor":9.0,"key":"Pet Ghost"},{"floor":11.0,"key":"Toy Ornithopter"},{"floor":23.0,"key":"infinitespire:Midas Blood"}],"event_choices":[{"damage_healed":0.0,"max_hp_gain":0.0,"max_hp_loss":0.0,"gold_gain":0.0,"event_name":"Golden Idol","player_choice":"Take Damage","floor":2.0,"gold_loss":0.0,"damage_taken":21.0,"relics_obtained":["Golden Idol"]},{"damage_healed":0.0,"max_hp_gain":0.0,"max_hp_loss":0.0,"gold_gain":0.0,"event_name":"Lab","player_choice":"Got Potions","floor":19.0,"gold_loss":0.0,"damage_taken":0.0}],"is_beta":false,"boss_relics":[{"not_picked":["construct:ClawGrip","Sozu"],"picked":"Philosopher\u0027s Stone"}],"items_purged_floors":[12,13,20],"is_endless":false,"potions_floor_spawned":[1,6,7,11,16,21,23],"killed_by":"3 Cultists","ascension_level":0}}