{"host":"u0f5uy314yz7olfc","time":1608222014,"event":{"mods":["AchievementEnabler","Aspiration","BaseMod","Better Altar","Better Match","Better Note","Better Sensory Stone","Better Skull","Better Third Choice","BetterRewards","Block Reminder","Colored Map","Colored Powertips","DeckTracker","Dota2Spire","Emptier Cage","Highlight Path","Hubris","Infinite Spire","Marked Mod","Mimic Mod","Minty Spire (QoL Compilation)","Permanent Neow","Quick Restart","Rare Cards Sparkle","Relic Sorter","Shop Mod","StSLib","The Bladedancer","The Blue Laboratory","Watcher Patcher"],"gold_per_floor":[110,122,134,134,134,134,152,33,82,357,377,397,413,433,433,538,538,548,565,180,192,192,192],"floor_reached":22,"playtime":1411,"items_purged":["Regret"],"score":182,"play_id":"32a12874-186f-461b-a341-392ef88d3ffd","local_time":"20201217232014","is_ascension_mode":false,"campfire_choices":[{"floor":6,"key":"REST"},{"floor":15,"key":"REST"}],"circlet_count":0,"master_deck":["Strike_P","Strike_P","Strike_P","Strike_P","Defend_P","Defend_P","Defend_P","Defend_P","Eruption","Vigilance","LikeWater","DeusExMachina","Finesse","Dramatic Entrance","MarkedMod:GentlePulse","MarkedMod:PinPointDefense","Thinking Ahead","Stack","CutThroughFate","PathToVictory","MarkedMod:FirstStrike","PathToVictory","Heatsinks","MarkedMod:Acupuncture","MarkedMod:FirstStrike","Fusion","ReachHeaven","Tools of the Trade","FlurryOfBlows","Hello World","Secret Technique","MentalFortress","ReachHeaven","WindmillStrike"],"relics":["PureWater","MerchantsRug","Smiling Mask","infinitespire:Beetle Shell"],"acts_visited":["Exordium","TheCity"],"potions_floor_usage":[16,16,16,19,22,22],"damage_taken":[{"damage":0,"enemies":"Cultist","floor":1,"turns":4},{"damage":1,"enemies":"2 Louse","floor":2,"turns":3},{"damage":0,"enemies":"Jaw Worm","floor":3,"turns":2},{"damage":23,"enemies":"Large Slime","floor":7,"turns":6},{"damage":3,"enemies":"Lots of Slimes","floor":11,"turns":2},{"damage":6,"enemies":"2 Fungi Beasts","floor":12,"turns":3},{"damage":0,"enemies":"Exordium Wildlife","floor":13,"turns":2},{"damage":18,"enemies":"Large Slime","floor":14,"turns":2},{"damage":17,"enemies":"The Guardian","floor":16,"turns":8},{"damage":6,"enemies":"Spheric Guardian","floor":18,"turns":5},{"damage":14,"enemies":"3 Byrds","floor":19,"turns":3},{"damage":19,"enemies":"Centurion and Healer","floor":21,"turns":6},{"damage":44,"enemies":"3 Cultists","floor":22,"turns":4}],"seed_played":"290287023824791131","potions_obtained":[{"floor":2,"key":"blueLaboratory:PyrophylliteBrew"},{"floor":7,"key":"EssenceOfSteel"},{"floor":12,"key":"DistilledChaos"},{"floor":13,"key":"blueLaboratory:FrostheartPotion"},{"floor":16,"key":"Dexterity Potion"},{"floor":18,"key":"LiquidBronze"},{"floor":19,"key":"SpeedPotion"},{"floor":21,"key":"Energy Potion"}],"is_trial":false,"path_per_floor":["M","M","M","?","T","R","M","$","T","?","M","M","M","M","R","B",null,"M","M","$","M","M"],"character_chosen":"WATCHER","items_purchased":["LikeWater","MerchantsRug","DeusExMachina","Finesse","Dramatic Entrance","MarkedMod:GentlePulse","MarkedMod:PinPointDefense","PathToVictory","Heatsinks","LiquidMemories","infinitespire:Beetle Shell","Secret Technique","MentalFortress","ReachHeaven"],"campfire_rested":2,"item_purchase_floors":[0,0,0,0,0,0,0,8,8,8,20,20,20,20],"current_hp_per_floor":[40,39,39,39,39,60,37,37,37,37,34,28,28,10,31,14,72,66,52,52,33,0,0],"gold":192,"neow_bonus":"","is_daily":false,"chose_seed":false,"campfire_upgraded":0,"win_rate":0.0,"timestamp":1608222014,"path_taken":["M","?","M","?","?","R","M","$","T","?","M","M","M","M","R","BOSS","M","?","$","M","M"],"items_purchased_type":["Card","Relic","Card","Card","Card","Card","Card","Card","Card","Potion","Relic","Card","Card","Card"],"build_version":"2020-12-13","purchased_purges":1,"victory":false,"max_hp_per_floor":[72,72,72,72,72,72,72,72,72,72,72,72,72,72,72,72,72,72,72,72,72,72,72],"card_choices":[{"not_picked":["Underhanded Strike","Outmaneuver"],"picked":"Stack","floor":1},{"not_picked":["Sentinel","Underhanded Strike"],"picked":"CutThroughFate","floor":2},{"not_picked":["WreathOfFlame","Fusion"],"picked":"PathToVictory","floor":3},{"not_picked":["Outmaneuver","MarkedMod:GentlePulse"],"picked":"MarkedMod:FirstStrike","floor":7},{"not_picked":["Riddle With Holes","Transmutation"],"picked":"MarkedMod:Acupuncture","floor":11},{"not_picked":["Searing Blow","EmptyBody"],"picked":"MarkedMod:FirstStrike","floor":12},{"not_picked":["SashWhip","Outmaneuver"],"picked":"Fusion","floor":13},{"not_picked":["EmptyBody","Halt"],"picked":"ReachHeaven","floor":14},{"not_picked":["Brilliance","Berserk"],"picked":"Tools of the Trade","floor":16},{"not_picked":["Outmaneuver","ClearTheMind"],"picked":"FlurryOfBlows","floor":18},{"not_picked":["Warcry","EmptyFist"],"picked":"Hello World","floor":19},{"not_picked":["FlyingSleeves+1","EmptyFist+1"],"picked":"WindmillStrike","floor":21}],"player_experience":304208,"relics_obtained":[{"floor":9,"key":"Smiling Mask"}],"event_choices":[{"damage_healed":0,"gold_gain":0,"player_choice":"Ignored","damage_taken":0,"max_hp_gain":0,"max_hp_loss":0,"event_name":"Golden Wing","floor":4,"gold_loss":0},{"damage_healed":0,"gold_gain":275,"player_choice":"Desecrate","damage_taken":0,"max_hp_gain":0,"max_hp_loss":0,"event_name":"Golden Shrine","floor":10,"gold_loss":0,"cards_obtained":["Regret"]}],"is_beta":false,"boss_relics":[{"not_picked":["Fusion Hammer","infinitespire:Cupcake"],"picked":"Runic Dome"}],"items_purged_floors":[20],"is_endless":false,"potions_floor_spawned":[2,7,12,13,16,18,19,21],"killed_by":"3 Cultists","ascension_level":0}}