{"host":"d8hh7rr4yzitjeuj","time":1608212857,"event":{"mods":["2.2 Compatiblity","AchievementEnabler","BaseMod","CapriCore","Colored Map","Colored Powertips","Highlight Path","Keyboard Shortcuts","Minty Spire (QoL Compilation)","Permanent Neow","Quick Restart","StSLib","SuperFastMode"],"gold_per_floor":[113,127,137,150,115,150,167,236,236,236,236,0,0,29,29,106,106,120,120,120,120],"floor_reached":20,"playtime":592,"items_purged":[],"score":364,"play_id":"10cd04b9-99a1-40db-a391-e64ecb20d3d4","local_time":"20201217224737","is_ascension_mode":true,"campfire_choices":[{"data":"Streamline","floor":10,"key":"SMITH"},{"floor":13,"key":"REST"},{"floor":15,"key":"REST"}],"circlet_count":0,"master_deck":["AscendersBane","Zap","Dualcast","CurseOfTheBell","Cold Snap","FTL","Conserve Battery","Leap","Multi-Cast","Streamline+1","Self Repair","Sweeping Beam","Go for the Eyes","Hyperbeam","Rebound","Meteor Strike","Chill","Lockon","Buffer","Thunder Strike","Multi-Cast","Creative AI","Fusion"],"relics":["Calling Bell","PreservedInsect","The Courier","Turnip","Pantograph","InkBottle","Blood Vial","Bag of Preparation","Pocketwatch","Pandora\u0027s Box","Nilry\u0027s Codex"],"acts_visited":["Exordium","TheCity"],"potions_floor_usage":[6,6],"damage_taken":[{"damage":2,"enemies":"Cultist","floor":1,"turns":4},{"damage":8,"enemies":"Small Slimes","floor":2,"turns":5},{"damage":12,"enemies":"Jaw Worm","floor":3,"turns":5},{"damage":5,"enemies":"Looter","floor":4,"turns":4},{"damage":17,"enemies":"Lagavulin","floor":6,"turns":8},{"damage":3,"enemies":"Red Slaver","floor":7,"turns":6},{"damage":23,"enemies":"Gremlin Nob","floor":14,"turns":4},{"damage":19,"enemies":"The Guardian","floor":16,"turns":15},{"damage":45,"enemies":"Chosen","floor":18,"turns":6},{"damage":11,"enemies":"Spheric Guardian","floor":20,"turns":3}],"seed_played":"1529588386256147119","potions_obtained":[{"floor":1,"key":"DistilledChaos"},{"floor":2,"key":"LiquidMemories"},{"floor":7,"key":"PotionOfCapacity"}],"is_trial":false,"path_per_floor":["M","M","M","M","?","E","M","?","T","R","?","$","R","E","R","B",null,"M","?","M"],"character_chosen":"DEFECT","items_purchased":["Self Repair","Bag of Preparation","Sweeping Beam"],"campfire_rested":2,"item_purchase_floors":[12,12,12],"current_hp_per_floor":[62,54,42,37,54,37,34,34,34,34,8,8,29,15,36,51,66,30,9,0,0],"gold":120,"neow_bonus":"BOSS_RELIC","is_daily":false,"chose_seed":false,"campfire_upgraded":1,"win_rate":0.0,"timestamp":1608212857,"path_taken":["M","?","M","M","?","E","M","?","T","R","?","?","R","E","R","BOSS","M","?","M"],"items_purchased_type":["Card","Relic","Card"],"build_version":"2020-12-13","purchased_purges":0,"victory":false,"max_hp_per_floor":[71,71,71,71,71,71,71,71,71,71,71,71,71,71,71,71,71,71,71,71,71],"card_choices":[{"not_picked":["Reinforced Body","Steam"],"picked":"Cold Snap","floor":1},{"not_picked":["Hologram","Leap"],"picked":"FTL","floor":2},{"not_picked":["Skim","Fusion"],"picked":"Conserve Battery","floor":3},{"not_picked":["Stack","Double Energy"],"picked":"Leap","floor":4},{"not_picked":["Scrape","Redo"],"picked":"Multi-Cast","floor":6},{"not_picked":["Coolheaded","Barrage"],"picked":"Streamline","floor":7},{"not_picked":["Streamline","Steam"],"picked":"Go for the Eyes","floor":14},{"not_picked":["Amplify","Thunder Strike"],"picked":"Hyperbeam","floor":16},{"not_picked":["Darkness","Consume"],"picked":"Fusion","floor":18}],"player_experience":1354002,"relics_obtained":[{"floor":0,"key":"PreservedInsect"},{"floor":0,"key":"The Courier"},{"floor":0,"key":"Turnip"},{"floor":6,"key":"Pantograph"},{"floor":9,"key":"InkBottle"},{"floor":14,"key":"Pocketwatch"},{"floor":19,"key":"Nilry\u0027s Codex"}],"event_choices":[{"damage_healed":17,"gold_gain":0,"player_choice":"Healed","damage_taken":0,"max_hp_gain":0,"max_hp_loss":0,"event_name":"The Cleric","floor":5,"gold_loss":35},{"damage_healed":0,"gold_gain":69,"player_choice":"Gained Gold","damage_taken":0,"max_hp_gain":0,"max_hp_loss":0,"event_name":"Golden Wing","floor":8,"gold_loss":0},{"damage_healed":0,"gold_gain":0,"player_choice":"Success","damage_taken":26,"relics_obtained":["Blood Vial"],"max_hp_gain":0,"max_hp_loss":0,"event_name":"Scrap Ooze","floor":11,"gold_loss":0},{"damage_healed":0,"gold_gain":0,"player_choice":"Obtained Book","damage_taken":21,"max_hp_gain":0,"max_hp_loss":0,"event_name":"Cursed Tome","floor":19,"gold_loss":0}],"is_beta":false,"boss_relics":[{"not_picked":["Philosopher\u0027s Stone","Inserter"],"picked":"Pandora\u0027s Box"}],"items_purged_floors":[],"is_endless":false,"potions_floor_spawned":[1,2,4,7],"killed_by":"Spheric Guardian","ascension_level":20}}