{"host":"e73i1h3j8sub0lkx","time":1608239779,"event":{"mods":["BaseMod","Downfall","Minty Spire (QoL Compilation)","Quick Restart","Small Relic Pack","StSLib","Trackpad"],"gold_per_floor":[99,129,54,83,83,97,145,145,175,100,119,119,135,135,149,247,247,247,262,124,143,48,66,66,51,66,92,104,124,124,139,157,254,254,179,205,359,359,68,82,82,82,115,115,134,150,161,175,195,195,195,195,195],"floor_reached":52,"playtime":3387,"items_purged":["champ:Strike","champ:Defend"],"score":881,"play_id":"3174661e-c086-4fc6-be03-0bd0f5754580","local_time":"20201217161619","is_ascension_mode":false,"campfire_choices":[{"floor":1,"key":"RECALL"},{"data":"champ:GutPunch","floor":3,"key":"SMITH"},{"data":"champ:AdrenalArmor","floor":8,"key":"SMITH"},{"data":"champ:StanceDance","floor":10,"key":"SMITH"},{"data":"champ:StrikeOfGenius","floor":18,"key":"SMITH"},{"data":"champ:CrookedStrike","floor":35,"key":"SMITH"},{"data":"expansioncontent:TimeRipple","floor":38,"key":"SMITH"},{"data":"champ:VampiricStrike","floor":44,"key":"SMITH"}],"circlet_count":0,"master_deck":["champ:Strike","champ:Strike","champ:Defend","champ:Defend","champ:Defend","champ:Execute","champ:Taunt","champ:GutPunch+1","champ:Shatter","champ:BringItOn","champ:AdrenalArmor+1","champ:StanceDance+1","champ:RapidStrikes","champ:Encircle","champ:BerserkerStyle","champ:StrikeOfGenius+1","champ:BladeFlurry","champ:TornadoPunch","champ:BladeFlurry","champ:BladeFlurry","champ:Circumvent","champ:EndlessRage","champ:AdrenalArmor+1","champ:ShieldSlam","champ:GladiatorStyle+1","champ:Improvising","champ:FanOfKnives+1","champ:HeartStrike+1","champ:CrookedStrike+1","champ:VampiricStrike+1","expansioncontent:TimeRipple+1","expansioncontent:PolyBeam","champ:PreciseThrust+1"],"relics":["champ:ChampionCrown","downfall:HeartsMalice","Calipers","downfall:HeartBlessingRed","Shuriken","trackpad:PetRock","Matryoshka","downfall:HeartBlessingGreen","Coffee Dripper","relicPack:DarknessArmor","trackpad:SneckoScepter","Busted Crown","downfall:HeartBlessingBlue","Ancient Tea Set","Thread and Needle","Anchor","trackpad:IceCube","StoneCalendar"],"acts_visited":["Exordium","TheCity","TheBeyond","TheEnding"],"potions_floor_usage":[16,23,29,33,37,37,45,52],"damage_taken":[{"damage":0,"enemies":"3 Sentries","floor":2,"turns":1},{"damage":0,"enemies":"Lagavulin","floor":4,"turns":1},{"damage":0,"enemies":"Cultist","floor":5,"turns":1},{"damage":5,"enemies":"2 Louse","floor":6,"turns":3},{"damage":25,"enemies":"Gremlin Nob","floor":9,"turns":4},{"damage":10,"enemies":"Jaw Worm","floor":11,"turns":3},{"damage":21,"enemies":"Large Slime","floor":13,"turns":3},{"damage":5,"enemies":"2 Fungi Beasts","floor":15,"turns":1},{"damage":50,"enemies":"downfall:Silent","floor":16,"turns":7},{"damage":25,"enemies":"3 Byrds","floor":19,"turns":5},{"damage":15,"enemies":"downfall:FleeingMerchant","floor":20,"turns":4},{"damage":41,"enemies":"Snake Plant","floor":21,"turns":4},{"damage":23,"enemies":"downfall:FleeingMerchant","floor":22,"turns":4},{"damage":51,"enemies":"Centurion and Healer","floor":23,"turns":7},{"damage":35,"enemies":"downfall:FleeingMerchant","floor":25,"turns":4},{"damage":21,"enemies":"Cultist and Chosen","floor":26,"turns":5},{"damage":78,"enemies":"Slavers","floor":27,"turns":7},{"damage":2,"enemies":"3 Cultists","floor":28,"turns":3},{"damage":37,"enemies":"Snake Plant","floor":29,"turns":3},{"damage":23,"enemies":"Snecko","floor":31,"turns":4},{"damage":20,"enemies":"3 Cultists","floor":32,"turns":4},{"damage":24,"enemies":"downfall:Defect","floor":33,"turns":6},{"damage":36,"enemies":"Reptomancer","floor":36,"turns":5},{"damage":7,"enemies":"downfall:FleeingMerchant","floor":37,"turns":4},{"damage":12,"enemies":"3 Shapes","floor":40,"turns":2},{"damage":21,"enemies":"Giant Head","floor":43,"turns":5},{"damage":0,"enemies":"Orb Walker","floor":45,"turns":2},{"damage":49,"enemies":"Maw","floor":46,"turns":5},{"damage":46,"enemies":"Transient","floor":47,"turns":5},{"damage":10,"enemies":"3 Darklings","floor":48,"turns":2},{"damage":26,"enemies":"Writhing Mass","floor":49,"turns":4},{"damage":34,"enemies":"downfall:Watcher","floor":50,"turns":5},{"damage":189,"enemies":"downfall:CharBossMerchant","floor":52,"turns":8}],"seed_played":"-616658162062791242","potions_obtained":[{"floor":4,"key":"SkillPotion"},{"floor":9,"key":"LiquidMemories"},{"floor":13,"key":"ColorlessPotion"},{"floor":21,"key":"Regen Potion"},{"floor":23,"key":"Strength Potion"},{"floor":29,"key":"FearPotion"},{"floor":33,"key":"AttackPotion"},{"floor":43,"key":"GamblersBrew"},{"floor":45,"key":"Fruit Juice"},{"floor":47,"key":"Weak Potion"},{"floor":49,"key":"CultistPotion"}],"is_trial":false,"path_per_floor":["R","E","R","E","M","M","T","R","E","R","M","?","M","?","M","B",null,"R","M","$","M","$","M","T","$","M","E","M","M","?","M","M","B",null,"R","E","$","R","$","M","T","?","E","R","M","M","M","M","M","B",null,"E"],"character_chosen":"THE_CHAMP","items_purchased":["champ:BladeFlurry","champ:Circumvent","champ:EndlessRage","expansioncontent:TimeRipple","Thread and Needle"],"campfire_rested":0,"item_purchase_floors":[20,22,22,37,39],"current_hp_per_floor":[90,90,90,90,90,90,90,90,73,73,73,73,63,63,63,52,90,90,86,86,73,70,84,84,90,87,73,73,79,79,77,87,82,95,105,97,105,105,105,96,96,96,105,105,110,110,110,110,110,110,110,0,0],"gold":195,"neow_bonus":"THREE_ENEMY_KILL","is_daily":false,"chose_seed":false,"campfire_upgraded":7,"win_rate":0.0,"timestamp":1608239779,"path_taken":["R","E","R","E","M","M","T","R","E","R","M","?","M","?","M","BOSS","R","M","$","M","$","M","T","$","M","E","M","?","?","M","M","BOSS","R","E","$","R","?","M","T","?","E","R","M","M","M","M","M","BOSS","E"],"items_purchased_type":["Card","Card","Card","Card","Relic"],"build_version":"2020-12-13","purchased_purges":2,"victory":false,"max_hp_per_floor":[90,90,90,90,90,90,90,90,90,90,90,90,90,90,90,90,90,90,90,90,90,90,90,90,90,90,90,90,95,95,95,95,95,95,105,105,105,105,105,105,105,105,105,105,110,110,110,110,110,110,110,110,110],"card_choices":[{"not_picked":["champ:BladeFlurry","champ:GladiatorStyle"],"picked":"champ:GutPunch","floor":2},{"not_picked":["champ:FanOfKnives","champ:ShieldWall"],"picked":"champ:Shatter","floor":4},{"not_picked":["champ:EnGarde","champ:TornadoPunch"],"picked":"champ:BringItOn","floor":5},{"not_picked":["champ:RecklessLeap","champ:BerserkersShout"],"picked":"champ:AdrenalArmor","floor":6},{"not_picked":["champ:ShieldSlam","champ:ShieldWall"],"picked":"champ:StanceDance","floor":9},{"not_picked":["champ:BerserkersShout","champ:DefensiveShout"],"picked":"champ:RapidStrikes","floor":11},{"not_picked":["champ:BringItOn","champ:Duel"],"picked":"champ:Encircle","floor":13},{"not_picked":["champ:GladiatorsShout","champ:FocusedDefense"],"picked":"champ:BerserkerStyle","floor":15},{"not_picked":["champ:SwordThrow","champ:LastStand"],"picked":"champ:StrikeOfGenius","floor":16},{"not_picked":["champ:GladiatorsShout","champ:PerfectedStrike"],"picked":"champ:BladeFlurry","floor":19},{"not_picked":["champ:StanceDance+1","champ:CrownThrow"],"picked":"champ:TornadoPunch","floor":20},{"not_picked":["champ:GladiatorsShout","champ:BringItOn"],"picked":"champ:FightOn","floor":21},{"not_picked":["champ:StanceDance","champ:HeartStrike"],"picked":"champ:BladeFlurry","floor":22},{"not_picked":["champ:Shatter+1","champ:DeathBlow"],"picked":"champ:AdrenalArmor+1","floor":23},{"not_picked":["champ:FocusedBerserking","champ:Shatter"],"picked":"champ:ShieldSlam","floor":25},{"not_picked":["champ:BringItOn","champ:AdrenalArmor+1"],"picked":"champ:GladiatorStyle+1","floor":26},{"not_picked":["champ:GladiatorStyle+1","champ:Haymaker"],"picked":"champ:Improvising","floor":27},{"not_picked":["champ:FlashCut","champ:Encircle"],"picked":"champ:FanOfKnives+1","floor":28},{"not_picked":["champ:StanceDance","champ:Circumvent","champ:BerserkerStyle"],"picked":"SKIP","floor":29},{"not_picked":["champ:Duel","champ:FlashCut"],"picked":"champ:HeartStrike+1","floor":31},{"not_picked":["champ:FocusedBerserking","champ:Encircle"],"picked":"champ:CrookedStrike","floor":32},{"not_picked":["champ:SteelEdge","champ:Improvising"],"picked":"champ:VampiricStrike","floor":33},{"not_picked":["champ:BerserkersShout"],"picked":"SKIP","floor":36},{"not_picked":["champ:CrookedStrike+1"],"picked":"SKIP","floor":37},{"not_picked":["champ:FanOfKnives+1"],"picked":"SKIP","floor":40},{"not_picked":[],"picked":"expansioncontent:PolyBeam","floor":42},{"not_picked":["champ:Backstep"],"picked":"SKIP","floor":43},{"not_picked":["champ:BerserkersShout+1"],"picked":"SKIP","floor":45},{"not_picked":["champ:Duel+1"],"picked":"SKIP","floor":46},{"not_picked":["champ:FlashCut+1"],"picked":"SKIP","floor":47},{"not_picked":["champ:PreciseThrust"],"picked":"SKIP","floor":48},{"not_picked":[],"picked":"champ:PreciseThrust+1","floor":49}],"player_experience":487213,"relics_obtained":[{"floor":2,"key":"Calipers"},{"floor":4,"key":"Shuriken"},{"floor":7,"key":"trackpad:PetRock"},{"floor":9,"key":"Matryoshka"},{"floor":24,"key":"relicPack:DarknessArmor"},{"floor":27,"key":"trackpad:SneckoScepter"},{"floor":36,"key":"Ancient Tea Set"},{"floor":41,"key":"Anchor"},{"floor":41,"key":"trackpad:IceCube"},{"floor":43,"key":"StoneCalendar"}],"event_choices":[{"damage_healed":0,"gold_gain":0,"player_choice":"Ignored","damage_taken":0,"max_hp_gain":0,"max_hp_loss":0,"event_name":"NoteForYourself","floor":30,"gold_loss":0}],"is_beta":false,"boss_relics":[{"not_picked":["Black Star","Calling Bell"],"picked":"Coffee Dripper"},{"not_picked":["Fusion Hammer","Velvet Choker"],"picked":"Busted Crown"}],"items_purged_floors":[20,37],"is_endless":false,"potions_floor_spawned":[4,9,13,15,21,23,29,31,33,43,45,47,48,49],"killed_by":"downfall:CharBossMerchant","ascension_level":0}}