{"host":"zekcc3vicrep0och","time":1608232314,"event":{"mods":["AchievementEnabler","BaseMod","Colored Map","Colored Powertips","Displayed Cursed Tome","Minty Spire (QoL Compilation)","Relic Stats","StSLib"],"gold_per_floor":[113,113,113,137,157,157,191,212,238,252,252,291,291,291,291],"floor_reached":14,"playtime":457,"items_purged":[],"score":180,"play_id":"dea7ce3e-0cae-470a-af18-178915fc1e8f","local_time":"20201217221154","is_ascension_mode":true,"campfire_choices":[{"data":"Eruption","floor":6.0,"key":"SMITH"},{"floor":11.0,"key":"REST"}],"circlet_count":0,"master_deck":["AscendersBane","Strike_P","Strike_P","Strike_P","Strike_P","Defend_P","Defend_P","Defend_P","Defend_P","Eruption+1","Vigilance","FearNoEvil","Injury","Swivel","CarveReality","Indignation","ThirdEye","SashWhip+1"],"relics":["PureWater","NeowsBlessing","Golden Idol","Damaru","Orichalcum","MealTicket"],"acts_visited":["Exordium"],"potions_floor_usage":[],"damage_taken":[{"damage":0.0,"enemies":"Jaw Worm","floor":1.0,"turns":1.0},{"damage":0.0,"enemies":"2 Louse","floor":4.0,"turns":1.0},{"damage":0.0,"enemies":"Cultist","floor":5.0,"turns":1.0},{"damage":58.0,"enemies":"Lagavulin","floor":7.0,"turns":9.0},{"damage":3.0,"enemies":"2 Fungi Beasts","floor":8.0,"turns":3.0},{"damage":0.0,"enemies":"Large Slime","floor":10.0,"turns":4.0},{"damage":11.0,"enemies":"3 Sentries","floor":12.0,"turns":10.0},{"damage":10,"enemies":"Lagavulin","floor":14,"turns":5}],"seed_played":"-5486811241468893066","potions_obtained":[{"floor":1.0,"key":"SpeedPotion"},{"floor":5.0,"key":"Swift Potion"},{"floor":8.0,"key":"BottledMiracle"}],"is_trial":false,"path_per_floor":["M","?","?","M","M","R","E","M","T","M","R","E","?","E"],"character_chosen":"WATCHER","items_purchased":[],"campfire_rested":1,"item_purchase_floors":[],"current_hp_per_floor":[61,61,66,66,66,66,8,5,5,5,26,15,15,5,5],"gold":291,"neow_bonus":"THREE_ENEMY_KILL","is_daily":false,"chose_seed":false,"campfire_upgraded":1,"win_rate":0.0,"timestamp":1608232314,"path_taken":["M","?","?","M","?","R","E","M","T","M","R","E","?","E"],"items_purchased_type":[],"build_version":"2020-12-13","purchased_purges":0,"victory":false,"max_hp_per_floor":[68,68,73,73,73,73,73,73,73,73,73,73,73,73,73],"relic_stats":{"counters":[8,34],"Golden Idol":31,"MealTicket":0,"Orichalcum":[30],"obtain_stats":[{"NeowsBlessing":0,"Golden Idol":2,"Damaru":7,"MealTicket":12,"PureWater":0,"Orichalcum":9},{"NeowsBlessing":0,"Golden Idol":1,"Damaru":4,"MealTicket":7,"PureWater":0,"Orichalcum":5},{"NeowsBlessing":0,"Golden Idol":1,"Damaru":12,"MealTicket":29,"PureWater":0,"Orichalcum":15}]},"card_choices":[{"not_picked":["SignatureMove","WindmillStrike"],"picked":"FearNoEvil","floor":1.0},{"not_picked":["Halt","FollowUp"],"picked":"Swivel","floor":4.0},{"not_picked":["BowlingBash","Pray"],"picked":"CarveReality","floor":5.0},{"not_picked":["EmptyMind","Vengeance","SignatureMove"],"picked":"SKIP","floor":7.0},{"not_picked":["CutThroughFate","CrushJoints"],"picked":"Indignation","floor":8.0},{"not_picked":["Pray","EmptyFist"],"picked":"ThirdEye","floor":10.0},{"not_picked":["JustLucky","FlyingSleeves"],"picked":"SashWhip","floor":12.0}],"player_experience":434771,"relics_obtained":[{"floor":7.0,"key":"Damaru"},{"floor":9.0,"key":"Orichalcum"},{"floor":12.0,"key":"MealTicket"}],"event_choices":[{"damage_healed":0.0,"max_hp_gain":0.0,"max_hp_loss":0.0,"gold_gain":0.0,"event_name":"Golden Idol","player_choice":"Take Wound","floor":2.0,"gold_loss":0.0,"damage_taken":0.0,"relics_obtained":["Golden Idol"],"cards_obtained":["Injury"]},{"damage_healed":0.0,"max_hp_gain":5.0,"max_hp_loss":0.0,"gold_gain":0.0,"event_name":"Big Fish","player_choice":"Donut","floor":3.0,"gold_loss":0.0,"damage_taken":0.0},{"damage_healed":0.0,"max_hp_gain":0.0,"max_hp_loss":0.0,"gold_gain":0.0,"event_name":"Accursed Blacksmith","player_choice":"Forge","floor":13.0,"gold_loss":0.0,"damage_taken":0.0,"cards_upgraded":["SashWhip"]}],"is_beta":false,"boss_relics":[],"items_purged_floors":[],"is_endless":false,"potions_floor_spawned":[1,5,8],"killed_by":"Lagavulin","ascension_level":16}}