{"host":"c2vrdknshfutmcsq","time":1608228727,"event":{"mods":["BaseMod","Minty Spire (QoL Compilation)"],"gold_per_floor":[109,109,128,146,0,28,107,107,107,138,138,156,175,196,196,268,268,282,296,221,221,232,232,563,591,614,629,660,680,692,727,727,801,801,815,1037,1047,1094,1110,1142,1142,1173,1173,1202,1202,1202,1213,718,718,718],"floor_reached":51,"playtime":4972,"items_purged":["Strike_B","Amplify"],"score":1403,"play_id":"715622ce-b952-442f-aba7-d94303dd78b4","local_time":"20201217191207","is_ascension_mode":true,"campfire_choices":[{"floor":8.0,"key":"REST"},{"floor":15.0,"key":"REST"},{"data":"Zap","floor":23.0,"key":"SMITH"},{"data":"Sunder","floor":32.0,"key":"SMITH"},{"data":"Strike_B","floor":41.0,"key":"PURGE"},{"floor":45.0,"key":"REST"},{"floor":49.0,"key":"REST"}],"circlet_count":0,"master_deck":["AscendersBane","Defend_B","Defend_B","Defend_B","Defend_B","Zap+1","Dualcast+1","Stack","Hello World","Ball Lightning","Sunder+1","Defragment","Biased Cognition","Genetic Algorithm","Conserve Battery","Barrage","Electrodynamics","CurseOfTheBell","Melter","Genetic Algorithm","Ball Lightning","Gash","Glacier","Self Repair","Conserve Battery","Aggregate","Leap","Compile Driver+1","All For One","Chaos","Consume","Biased Cognition","FTL","Go for the Eyes+1","Genetic Algorithm","Lockon","Leap","Meteor Strike"],"relics":["Cracked Core","Oddly Smooth Stone","Symbiotic Virus","Gambling Chip","Strawberry","Odd Mushroom","Calling Bell","Art of War","InkBottle","Pocketwatch","Du-Vu Doll","Old Coin","Red Mask","Smiling Mask","Bag of Preparation","Peace Pipe","Inserter","TungstenRod","Nunchaku","Pear","Kunai","Mummified Hand","DollysMirror"],"acts_visited":["Exordium","TheCity","TheBeyond"],"potions_floor_usage":[50,50],"damage_taken":[{"damage":7.0,"enemies":"Jaw Worm","floor":1.0,"turns":3.0},{"damage":7.0,"enemies":"Small Slimes","floor":3.0,"turns":3.0},{"damage":9.0,"enemies":"2 Louse","floor":4.0,"turns":2.0},{"damage":25.0,"enemies":"Gremlin Nob","floor":6.0,"turns":4.0},{"damage":29.0,"enemies":"3 Sentries","floor":10.0,"turns":7.0},{"damage":0.0,"enemies":"Looter","floor":12.0,"turns":3.0},{"damage":0.0,"enemies":"3 Louse","floor":13.0,"turns":2.0},{"damage":3.0,"enemies":"The Mushroom Lair","floor":14.0,"turns":3.0},{"damage":15.0,"enemies":"Slime Boss","floor":16.0,"turns":5.0},{"damage":3.0,"enemies":"2 Thieves","floor":18.0,"turns":4.0},{"damage":0.0,"enemies":"Spheric Guardian","floor":19.0,"turns":1.0},{"damage":12.0,"enemies":"Shelled Parasite and Fungi","floor":22.0,"turns":5.0},{"damage":25.0,"enemies":"Slavers","floor":24.0,"turns":4.0},{"damage":0.0,"enemies":"Masked Bandits","floor":25.0,"turns":3.0},{"damage":0.0,"enemies":"Snecko","floor":27.0,"turns":3.0},{"damage":0.0,"enemies":"Gremlin Leader","floor":28.0,"turns":4.0},{"damage":0.0,"enemies":"Sentry and Sphere","floor":29.0,"turns":2.0},{"damage":2.0,"enemies":"Chosen and Byrds","floor":30.0,"turns":4.0},{"damage":0.0,"enemies":"Slavers","floor":31.0,"turns":4.0},{"damage":40.0,"enemies":"Automaton","floor":33.0,"turns":9.0},{"damage":8.0,"enemies":"3 Darklings","floor":35.0,"turns":3.0},{"damage":0.0,"enemies":"3 Shapes","floor":37.0,"turns":4.0},{"damage":0.0,"enemies":"2 Orb Walkers","floor":38.0,"turns":5.0},{"damage":0.0,"enemies":"Jaw Worm Horde","floor":39.0,"turns":3.0},{"damage":17.0,"enemies":"Giant Head","floor":40.0,"turns":7.0},{"damage":31.0,"enemies":"Nemesis","floor":42.0,"turns":7.0},{"damage":12.0,"enemies":"Giant Head","floor":44.0,"turns":9.0},{"damage":3.0,"enemies":"Spire Growth","floor":47.0,"turns":4.0},{"damage":35,"enemies":"Time Eater","floor":50,"turns":9}],"seed_played":"-5142345455678001981","potions_obtained":[{"floor":4.0,"key":"Swift Potion"},{"floor":12.0,"key":"Block Potion"},{"floor":14.0,"key":"Weak Potion"},{"floor":16.0,"key":"Dexterity Potion"},{"floor":18.0,"key":"Swift Potion"},{"floor":24.0,"key":"EntropicBrew"},{"floor":27.0,"key":"DistilledChaos"},{"floor":35.0,"key":"BlessingOfTheForge"},{"floor":37.0,"key":"Block Potion"},{"floor":46.0,"key":"CultistPotion"},{"floor":46.0,"key":"DistilledChaos"}],"is_trial":false,"path_per_floor":["M","?","M","M","$","E","T","R","T","E","?","M","M","?","R","B",null,"M","M","?","?","M","R","E","?","T","M","E","M","M","E","R","B",null,"M","?","M","?","M","E","R","E","T","E","R","?","M","$","R","B",null],"character_chosen":"DEFECT","items_purchased":["Sunder","DollysMirror","Lockon","Leap","FocusPotion","Meteor Strike"],"campfire_rested":4,"item_purchase_floors":[5,48,48,48,48,48],"current_hp_per_floor":[61,61,54,45,45,20,20,42,42,20,13,13,13,10,34,19,66,63,63,63,63,51,51,26,26,26,26,33,40,45,52,52,19,66,58,58,58,58,58,48,48,34,34,29,56,56,60,60,87,52],"gold":718,"neow_bonus":"ONE_RANDOM_RARE_CARD","is_daily":false,"chose_seed":false,"campfire_upgraded":2,"win_rate":0.0,"timestamp":1608228727,"path_taken":["M","?","M","M","$","E","?","R","T","E","?","M","M","?","R","BOSS","M","M","?","?","M","R","E","?","T","M","E","M","M","E","R","BOSS","M","?","M","?","M","E","R","E","T","E","R","?","M","$","R","BOSS"],"items_purchased_type":["Card","Relic","Card","Card","Potion","Card"],"build_version":"2020-12-13","purchased_purges":2,"victory":true,"max_hp_per_floor":[75,75,75,75,75,75,75,75,75,82,82,82,82,82,82,82,82,82,82,82,82,82,82,82,82,82,82,82,82,82,82,82,82,82,82,82,82,82,82,82,82,92,92,92,92,92,92,92,92,92],"card_choices":[{"not_picked":["Barrage","Loop"],"picked":"Stack","floor":1.0},{"not_picked":["Force Field","Gash"],"picked":"Hello World","floor":3.0},{"not_picked":["Compile Driver","Beam Cell"],"picked":"Ball Lightning","floor":4.0},{"not_picked":["Stack","Steam"],"picked":"Defragment","floor":6.0},{"not_picked":["Go for the Eyes","Leap"],"picked":"Biased Cognition","floor":10.0},{"not_picked":["Self Repair","Scrape"],"picked":"Genetic Algorithm","floor":12.0},{"not_picked":["Turbo","Cold Snap"],"picked":"Conserve Battery","floor":13.0},{"not_picked":["Rebound","Redo"],"picked":"Barrage","floor":14.0},{"not_picked":["Core Surge","Meteor Strike"],"picked":"Electrodynamics","floor":16.0},{"not_picked":["Leap","Ball Lightning"],"picked":"Melter","floor":18.0},{"not_picked":["Scrape","Reinforced Body"],"picked":"Genetic Algorithm","floor":19.0},{"not_picked":["Cold Snap","Sweeping Beam"],"picked":"Ball Lightning","floor":22.0},{"not_picked":["Cold Snap","Meteor Strike"],"picked":"Gash","floor":24.0},{"not_picked":["Barrage","Ball Lightning"],"picked":"Glacier","floor":25.0},{"not_picked":["Beam Cell","Cold Snap"],"picked":"Self Repair","floor":27.0},{"not_picked":["Electrodynamics","Loop"],"picked":"Conserve Battery","floor":28.0},{"not_picked":["Capacitor","Go for the Eyes"],"picked":"Aggregate","floor":29.0},{"not_picked":["Self Repair","Darkness"],"picked":"Leap","floor":30.0},{"not_picked":["Cold Snap","Redo"],"picked":"Compile Driver+1","floor":31.0},{"not_picked":["Machine Learning","Thunder Strike"],"picked":"All For One","floor":33.0},{"not_picked":["Cold Snap","White Noise","Redo"],"picked":"SKIP","floor":35.0},{"not_picked":["Conserve Battery+1","Self Repair"],"picked":"Chaos","floor":37.0},{"not_picked":["Darkness","Compile Driver","Rebound"],"picked":"SKIP","floor":39.0},{"not_picked":["Amplify","Streamline"],"picked":"Consume","floor":40.0},{"not_picked":["Cold Snap","White Noise"],"picked":"Biased Cognition","floor":42.0},{"not_picked":["Conserve Battery","Rebound"],"picked":"FTL","floor":44.0},{"not_picked":["Capacitor","Hologram"],"picked":"Go for the Eyes+1","floor":47.0}],"player_experience":1151035,"relics_obtained":[{"floor":6.0,"key":"Oddly Smooth Stone"},{"floor":7.0,"key":"Symbiotic Virus"},{"floor":9.0,"key":"Gambling Chip"},{"floor":10.0,"key":"Strawberry"},{"floor":14.0,"key":"Odd Mushroom"},{"floor":17.0,"key":"Art of War"},{"floor":17.0,"key":"InkBottle"},{"floor":17.0,"key":"Pocketwatch"},{"floor":24.0,"key":"Old Coin"},{"floor":25.0,"key":"Red Mask"},{"floor":26.0,"key":"Smiling Mask"},{"floor":28.0,"key":"Bag of Preparation"},{"floor":31.0,"key":"Peace Pipe"},{"floor":38.0,"key":"TungstenRod"},{"floor":40.0,"key":"Nunchaku"},{"floor":42.0,"key":"Pear"},{"floor":43.0,"key":"Kunai"},{"floor":44.0,"key":"Mummified Hand"}],"event_choices":[{"damage_healed":0.0,"max_hp_gain":0.0,"max_hp_loss":0.0,"gold_gain":0.0,"event_name":"Living Wall","player_choice":"Grow","floor":2.0,"gold_loss":0.0,"damage_taken":0.0,"cards_upgraded":["Dualcast"]},{"cards_removed":["Strike_B"],"damage_healed":0.0,"max_hp_gain":0.0,"max_hp_loss":0.0,"gold_gain":0.0,"event_name":"Golden Wing","player_choice":"Card Removal","floor":11.0,"gold_loss":0.0,"damage_taken":7.0},{"damage_healed":0.0,"max_hp_gain":0.0,"max_hp_loss":0.0,"gold_gain":0.0,"event_name":"Mushrooms","player_choice":"Fought Mushrooms","floor":14.0,"gold_loss":0.0,"damage_taken":0.0},{"cards_removed":["Strike_B"],"damage_healed":0.0,"max_hp_gain":0.0,"max_hp_loss":0.0,"gold_gain":0.0,"event_name":"Beggar","player_choice":"Gave Gold","floor":20.0,"gold_loss":75.0,"damage_taken":0.0},{"damage_healed":0.0,"max_hp_gain":0.0,"max_hp_loss":0.0,"gold_gain":0.0,"event_name":"The Mausoleum","player_choice":"Opened","floor":21.0,"gold_loss":0.0,"damage_taken":0.0,"relics_obtained":["Du-Vu Doll"]},{"damage_healed":0.0,"max_hp_gain":0.0,"max_hp_loss":0.0,"gold_gain":0.0,"event_name":"Masked Bandits","player_choice":"Fought Bandits","floor":25.0,"gold_loss":0.0,"damage_taken":0.0},{"damage_healed":0.0,"max_hp_gain":0.0,"max_hp_loss":0.0,"gold_gain":222.0,"event_name":"Tomb of Lord Red Mask","player_choice":"Wore Mask","floor":36.0,"gold_loss":0.0,"damage_taken":0.0},{"damage_healed":0.0,"max_hp_gain":0.0,"max_hp_loss":0.0,"gold_gain":0.0,"event_name":"Mysterious Sphere","player_choice":"Fight","floor":38.0,"gold_loss":0.0,"damage_taken":0.0},{"damage_healed":0.0,"max_hp_gain":0.0,"max_hp_loss":0.0,"gold_gain":0.0,"event_name":"Lab","player_choice":"Got Potions","floor":46.0,"gold_loss":0.0,"damage_taken":0.0}],"is_beta":false,"boss_relics":[{"not_picked":["Astrolabe","Runic Pyramid"],"picked":"Calling Bell"},{"not_picked":["Busted Crown","FrozenCore"],"picked":"Inserter"}],"items_purged_floors":[5,48],"is_endless":false,"potions_floor_spawned":[4,12,14,16,18,24,27,30,35,37],"ascension_level":13}}