{"host":"yecadp3kwkksam5a","time":1608226001,"event":{"mods":["BaseMod","Minty Spire (QoL Compilation)","StSLib","The Gatherer"],"gold_per_floor":[114,189,204,223,241,269,269,302,302,302,318,350,55,69,69,167,167,177,276,123,142,154,154,167,195,221,248,248,261,279,309,309,411,411,427,427,439,456,473,473,500,500,500,500,513,55,55,83,83,83,83,83,33,65,65],"floor_reached":56,"playtime":2281,"items_purged":["Strike_R","Strike_R","Defend_R","Thunderclap+1"],"score":2194,"play_id":"924d16ee-9f8a-4fca-b876-62a82acb2199","local_time":"20201218022641","is_ascension_mode":true,"campfire_choices":[{"data":"Bash","floor":7.0,"key":"SMITH"},{"data":"Seeing Red","floor":10.0,"key":"SMITH"},{"data":"Double Tap","floor":15.0,"key":"SMITH"},{"data":"Deep Breath","floor":23,"key":"SMITH"},{"floor":32,"key":"RECALL"},{"data":"Offering","floor":40,"key":"SMITH"},{"data":"Shockwave","floor":42,"key":"SMITH"},{"floor":47,"key":"REST"},{"floor":49,"key":"REST"},{"floor":52,"key":"REST"}],"circlet_count":0,"master_deck":["Bash+1","Rage+1","Dropkick+1","Headbutt+1","Seeing Red+1","Dropkick+1","Dropkick+1","Double Tap+1","Dropkick+1","Warcry+1","Deep Breath+1","Dropkick+1","Offering+1","Shockwave+1","Warcry+1"],"relics":["Astrolabe","PreservedInsect","Lantern","The Courier","Molten Egg 2","DollysMirror","Runic Pyramid","Sundial","Regal Pillow","White Beast Statue","Empty Cage","Whetstone","Pantograph","Vajra","Art of War","Akabeko","Smiling Mask","Pocketwatch"],"acts_visited":["Exordium","TheCity","TheBeyond","TheEnding"],"potions_floor_usage":[29],"damage_taken":[{"damage":3.0,"enemies":"2 Louse","floor":1.0,"turns":3.0},{"damage":0.0,"enemies":"Small Slimes","floor":3.0,"turns":4.0},{"damage":0.0,"enemies":"Cultist","floor":4.0,"turns":2.0},{"damage":0.0,"enemies":"2 Fungi Beasts","floor":5.0,"turns":3.0},{"damage":0.0,"enemies":"Lagavulin","floor":6.0,"turns":7.0},{"damage":20.0,"enemies":"3 Sentries","floor":8.0,"turns":11.0},{"damage":0.0,"enemies":"Gremlin Gang","floor":11.0,"turns":6.0},{"damage":0.0,"enemies":"Gremlin Nob","floor":12.0,"turns":3.0},{"damage":8.0,"enemies":"Blue Slaver","floor":14.0,"turns":2.0},{"damage":8.0,"enemies":"Hexaghost","floor":16.0,"turns":5.0},{"damage":19,"enemies":"2 Thieves","floor":18,"turns":4},{"damage":1,"enemies":"Spheric Guardian","floor":21,"turns":3},{"damage":3,"enemies":"Snecko","floor":22,"turns":4},{"damage":0,"enemies":"Snake Plant","floor":24,"turns":2},{"damage":0,"enemies":"Gremlin Leader","floor":25,"turns":3},{"damage":0,"enemies":"Book of Stabbing","floor":27,"turns":3},{"damage":0,"enemies":"Centurion and Healer","floor":29,"turns":3},{"damage":2,"enemies":"Cultist and Chosen","floor":30,"turns":2},{"damage":0,"enemies":"Gremlin Leader","floor":31,"turns":2},{"damage":0,"enemies":"Automaton","floor":33,"turns":3},{"damage":6,"enemies":"Orb Walker","floor":35,"turns":1},{"damage":6,"enemies":"3 Shapes","floor":37,"turns":1},{"damage":9,"enemies":"Transient","floor":38,"turns":5},{"damage":6,"enemies":"3 Darklings","floor":39,"turns":1},{"damage":0,"enemies":"Reptomancer","floor":41,"turns":2},{"damage":0,"enemies":"Spire Growth","floor":45,"turns":2},{"damage":0,"enemies":"Giant Head","floor":48,"turns":1},{"damage":6,"enemies":"Donu and Deca","floor":50,"turns":1},{"damage":6,"enemies":"Shield and Spear","floor":54,"turns":1},{"damage":16,"enemies":"The Heart","floor":55,"turns":3}],"seed_played":"-8709676971158541365","potions_obtained":[{"floor":3.0,"key":"Strength Potion"},{"floor":5.0,"key":"BloodPotion"},{"floor":8.0,"key":"DistilledChaos"},{"floor":29,"key":"Explosive Potion"}],"is_trial":false,"path_per_floor":["M","?","M","M","M","E","R","E","T","R","M","E","$","M","R","B",null,"M","?","$","M","M","R","M","E","T","E","?","M","M","E","R","B",null,"M","?","M","M","M","R","E","R","T","?","M","$","R","E","R","B",null,"R","$","E","B",null],"character_chosen":"IRONCLAD","items_purchased":["DollysMirror","Double Tap","Deep Breath","Vajra","Art of War","Akabeko"],"campfire_rested":3,"item_purchase_floors":[13,13,20,46,46,46],"current_hp_per_floor":[69,58,58,58,58,58,58,38,38,38,38,38,38,30,30,22,66,47,47,47,46,43,43,43,43,43,43,43,43,41,41,41,41,70,64,64,58,49,43,43,43,43,43,43,43,43,80,80,80,74,79,80,80,74,64],"gold":65,"neow_bonus":"BOSS_RELIC","is_daily":false,"chose_seed":true,"campfire_upgraded":6,"win_rate":0.0,"timestamp":1608226001,"path_taken":["M","?","M","M","M","E","R","E","T","R","M","E","$","M","R","BOSS","M","?","$","M","M","R","M","E","T","E","?","?","M","E","R","BOSS","M","?","M","?","M","R","E","R","T","?","M","$","R","E","R","BOSS","R","$","E","BOSS"],"items_purchased_type":["Relic","Card","Card","Relic","Relic","Relic"],"build_version":"2020-12-13","purchased_purges":4,"victory":true,"max_hp_per_floor":[80,80,80,80,80,80,80,80,80,80,80,80,80,80,80,80,80,80,80,80,80,80,80,80,80,80,80,80,80,80,80,80,80,80,80,80,80,80,80,80,80,80,80,80,80,80,80,80,80,80,80,80,80,80,80],"card_choices":[{"not_picked":["Wild Strike","Clothesline"],"picked":"Seeing Red","floor":1.0},{"not_picked":["Burning Pact","Fire Breathing","Shrug It Off"],"picked":"SKIP","floor":3.0},{"not_picked":["Warcry","Searing Blow","Heavy Blade"],"picked":"SKIP","floor":4.0},{"not_picked":["Twin Strike","Clothesline","Body Slam"],"picked":"SKIP","floor":5.0},{"not_picked":["Dual Wield","Sentinel","Intimidate"],"picked":"SKIP","floor":6.0},{"not_picked":["Reaper","Pommel Strike","Sword Boomerang"],"picked":"SKIP","floor":8.0},{"not_picked":["Sever Soul","Reckless Charge"],"picked":"Dropkick","floor":11.0},{"not_picked":["Blood for Blood+1","Sentinel"],"picked":"Thunderclap+1","floor":12.0},{"not_picked":["Thunderclap+1","Flex"],"picked":"Dropkick+1","floor":14.0},{"not_picked":["Armaments+1","Iron Wave+1"],"picked":"Warcry+1","floor":18},{"not_picked":["Armaments","Infernal Blade","Power Through+1"],"picked":"SKIP","floor":21},{"not_picked":["Perfected Strike+1","Heavy Blade+1","Disarm"],"picked":"SKIP","floor":22},{"not_picked":["Reckless Charge+1","Cleave+1","Perfected Strike+1"],"picked":"SKIP","floor":24},{"not_picked":["Immolate+1","Anger+1","Whirlwind+1"],"picked":"SKIP","floor":25},{"not_picked":["Pommel Strike+1","Thunderclap+1","Infernal Blade+1"],"picked":"SKIP","floor":27},{"not_picked":["Whirlwind+1","Pummel+1","Twin Strike+1"],"picked":"SKIP","floor":29},{"not_picked":["Shrug It Off","Headbutt+1","Thunderclap+1"],"picked":"SKIP","floor":30},{"not_picked":["Fiend Fire+1","Clash+1","Rage"],"picked":"SKIP","floor":31},{"not_picked":["Double Tap","Fiend Fire+1"],"picked":"Offering","floor":33},{"not_picked":["Shrug It Off+1","Sentinel","Body Slam+1"],"picked":"SKIP","floor":35},{"not_picked":["Dark Embrace+1","Reckless Charge+1"],"picked":"Warcry+1","floor":37},{"not_picked":["Pommel Strike+1","Intimidate+1","Shockwave+1"],"picked":"SKIP","floor":38},{"not_picked":["Havoc+1","Clash+1","Blood for Blood+1"],"picked":"SKIP","floor":39},{"not_picked":["Immolate+1","Second Wind","Twin Strike+1"],"picked":"SKIP","floor":41},{"not_picked":["Rupture+1","Shrug It Off","True Grit+1"],"picked":"SKIP","floor":45},{"not_picked":["Clothesline+1","Cleave+1","Perfected Strike+1"],"picked":"SKIP","floor":48},{"not_picked":["Battle Trance+1","Entrench","Heavy Blade+1"],"picked":"SKIP","floor":54}],"player_experience":232924,"relics_obtained":[{"floor":6.0,"key":"PreservedInsect"},{"floor":8.0,"key":"Lantern"},{"floor":9.0,"key":"The Courier"},{"floor":12.0,"key":"Molten Egg 2"},{"floor":25,"key":"Sundial"},{"floor":27,"key":"Regal Pillow"},{"floor":31,"key":"White Beast Statue"},{"floor":41,"key":"Whetstone"},{"floor":43,"key":"Pantograph"},{"floor":48,"key":"Smiling Mask"},{"floor":54,"key":"Pocketwatch"}],"event_choices":[{"damage_healed":0.0,"max_hp_gain":0.0,"max_hp_loss":0.0,"gold_gain":75.0,"event_name":"World of Goop","player_choice":"Gather Gold","floor":2.0,"gold_loss":0.0,"damage_taken":11.0},{"damage_healed":0,"gold_gain":99,"player_choice":"Stole From Cult","damage_taken":0,"max_hp_gain":0,"max_hp_loss":0,"event_name":"Nest","floor":19,"gold_loss":0},{"damage_healed":0,"gold_gain":0,"player_choice":"Copied","damage_taken":0,"max_hp_gain":0,"max_hp_loss":0,"event_name":"Duplicator","floor":28,"gold_loss":0,"cards_obtained":["Dropkick"]},{"damage_healed":0,"gold_gain":0,"cards_transformed":["Defend_R"],"player_choice":"Transformed","damage_taken":0,"max_hp_gain":0,"max_hp_loss":0,"event_name":"Transmorgrifier","floor":36,"gold_loss":0,"cards_obtained":["Shockwave"]},{"damage_healed":0,"gold_gain":0,"player_choice":"Ignored","damage_taken":0,"max_hp_gain":0,"max_hp_loss":0,"event_name":"Tomb of Lord Red Mask","floor":44,"gold_loss":0}],"is_beta":false,"boss_relics":[{"not_picked":["Pandora\u0027s Box","Black Star"],"picked":"Runic Pyramid"},{"not_picked":["SacredBark","Runic Cube"],"picked":"Empty Cage"}],"items_purged_floors":[13,20,46,53],"is_endless":false,"potions_floor_spawned":[3,5,8,12,21,22,29,33,35,37,38,39,41,45,48,54],"ascension_level":9}}