{"host":"vtakxgab1vu2j1nx","time":1608215388,"event":{"mods":["AchievementEnabler","BaseMod","Colored Map","Minty Spire (QoL Compilation)","Quick Restart","SuperFastMode"],"gold_per_floor":[111,122,135,135,147,147,158,191,191,211,211,246,211,226,226,226,226],"floor_reached":16,"playtime":366,"items_purged":[],"score":207,"play_id":"c76e0e46-92b6-4fd3-ad70-dd84d9b78a37","local_time":"20201217092948","is_ascension_mode":true,"campfire_choices":[{"data":"Feed","floor":6.0,"key":"SMITH"},{"floor":11.0,"key":"REST"},{"data":"Corruption","floor":15.0,"key":"SMITH"}],"circlet_count":0,"master_deck":["AscendersBane","Strike_R","Strike_R","Strike_R","Strike_R","Strike_R","Defend_R","Defend_R","Defend_R","Defend_R","Bash","Feed+1","Wild Strike","Perfected Strike+1","Shrug It Off","Spot Weakness","Corruption+1","Cleave","Flex"],"relics":["Burning Blood","Ancient Tea Set","Magic Flower"],"acts_visited":["Exordium"],"potions_floor_usage":[],"damage_taken":[{"damage":14.0,"enemies":"2 Louse","floor":1.0,"turns":4.0},{"damage":6.0,"enemies":"Cultist","floor":2.0,"turns":4.0},{"damage":13.0,"enemies":"Jaw Worm","floor":3.0,"turns":4.0},{"damage":14.0,"enemies":"Blue Slaver","floor":5.0,"turns":5.0},{"damage":10.0,"enemies":"Exordium Wildlife","floor":7.0,"turns":4.0},{"damage":18.0,"enemies":"Gremlin Nob","floor":8.0,"turns":3.0},{"damage":6.0,"enemies":"Looter","floor":10.0,"turns":3.0},{"damage":35.0,"enemies":"Lagavulin","floor":12.0,"turns":5.0},{"damage":17.0,"enemies":"3 Louse","floor":14.0,"turns":4.0},{"damage":85,"enemies":"Hexaghost","floor":16,"turns":10}],"seed_played":"4449682173765991184","potions_obtained":[{"floor":2.0,"key":"SkillPotion"},{"floor":5.0,"key":"EssenceOfSteel"}],"is_trial":false,"path_per_floor":["M","M","M","?","M","R","M","E","T","M","R","E","?","M","R","B"],"character_chosen":"IRONCLAD","items_purchased":[],"campfire_rested":1,"item_purchase_floors":[],"current_hp_per_floor":[67,70,66,66,61,61,61,49,49,53,83,58,84,82,82,0,0],"gold":226,"neow_bonus":"ONE_RANDOM_RARE_CARD","is_daily":false,"chose_seed":false,"campfire_upgraded":2,"win_rate":0.0,"timestamp":1608215388,"path_taken":["M","M","M","?","M","R","?","E","T","M","R","E","?","M","R","BOSS"],"items_purchased_type":[],"build_version":"2020-12-13","purchased_purges":0,"victory":false,"max_hp_per_floor":[83,86,89,89,92,92,96,96,96,100,100,104,104,108,108,108,108],"card_choices":[{"not_picked":["Clash","Heavy Blade"],"picked":"Wild Strike","floor":1.0},{"not_picked":["Body Slam","Carnage","Havoc"],"picked":"SKIP","floor":2.0},{"not_picked":["Headbutt","Cleave"],"picked":"Perfected Strike","floor":3.0},{"not_picked":["Heavy Blade","Whirlwind"],"picked":"Shrug It Off","floor":5.0},{"not_picked":["Warcry","Havoc","Evolve"],"picked":"SKIP","floor":7.0},{"not_picked":["Rupture","Sword Boomerang"],"picked":"Spot Weakness","floor":8.0},{"not_picked":["Thunderclap","Uppercut"],"picked":"Corruption","floor":10.0},{"not_picked":["Headbutt","Dark Embrace"],"picked":"Cleave","floor":12.0},{"not_picked":["Iron Wave","Sentinel"],"picked":"Flex","floor":14.0}],"player_experience":182535,"relics_obtained":[{"floor":8.0,"key":"Ancient Tea Set"},{"floor":12.0,"key":"Magic Flower"}],"event_choices":[{"damage_healed":0.0,"max_hp_gain":0.0,"max_hp_loss":0.0,"gold_gain":0.0,"event_name":"Upgrade Shrine","player_choice":"Upgraded","floor":4.0,"gold_loss":0.0,"damage_taken":0.0,"cards_upgraded":["Perfected Strike"]},{"damage_healed":26.0,"max_hp_gain":0.0,"max_hp_loss":0.0,"gold_gain":0.0,"event_name":"The Cleric","player_choice":"Healed","floor":13.0,"gold_loss":35.0,"damage_taken":0.0}],"is_beta":false,"boss_relics":[],"items_purged_floors":[],"is_endless":false,"potions_floor_spawned":[2,5,7],"killed_by":"Hexaghost","ascension_level":12}}