{"host":"63rwe7p34ct1i0qu","time":1608208569,"event":{"mods":["BaseMod","DeckTracker","Minty Spire (QoL Compilation)","Permanent Neow","Quick Restart","StSLib"],"gold_per_floor":[109,109,129,55,66,99,99,174,174,188,207,207,35,46,46,151,151,91,190,190,190],"floor_reached":20,"playtime":639,"items_purged":[],"score":241,"play_id":"97c00c67-c4b7-4a81-9c38-88b6e13250dd","local_time":"20201217213609","is_ascension_mode":true,"campfire_choices":[{"data":"White Noise","floor":7.0,"key":"SMITH"},{"floor":15.0,"key":"REST"}],"circlet_count":0,"master_deck":["Strike_B","Strike_B","Strike_B","Strike_B","Defend_B","Defend_B","Defend_B","Defend_B","Zap+1","Dualcast+1","White Noise+1","Hologram","Self Repair","Hologram","Storm","Leap","Apotheosis","Amplify","Creative AI","Fusion"],"relics":["Cracked Core","InkBottle","White Beast Statue","Darkstone Periapt","Snecko Eye"],"acts_visited":["Exordium","TheCity"],"potions_floor_usage":[20],"damage_taken":[{"damage":0.0,"enemies":"2 Louse","floor":1.0,"turns":3.0},{"damage":4.0,"enemies":"Jaw Worm","floor":3.0,"turns":4.0},{"damage":5.0,"enemies":"Small Slimes","floor":5.0,"turns":2.0},{"damage":39.0,"enemies":"3 Sentries","floor":6.0,"turns":8.0},{"damage":11.0,"enemies":"3 Louse","floor":10.0,"turns":3.0},{"damage":3.0,"enemies":"Blue Slaver","floor":11.0,"turns":4.0},{"damage":8.0,"enemies":"Gremlin Gang","floor":14.0,"turns":2.0},{"damage":26.0,"enemies":"Slime Boss","floor":16.0,"turns":6.0},{"damage":22,"enemies":"2 Thieves","floor":18,"turns":4},{"damage":59,"enemies":"3 Byrds","floor":20,"turns":5}],"seed_played":"4593236976506854517","potions_obtained":[{"floor":1.0,"key":"AttackPotion"},{"floor":3.0,"key":"FearPotion"},{"floor":6.0,"key":"Swift Potion"},{"floor":10.0,"key":"Fire Potion"},{"floor":11.0,"key":"Explosive Potion"},{"floor":14.0,"key":"SteroidPotion"},{"floor":16.0,"key":"Dexterity Potion"},{"floor":18,"key":"Block Potion"}],"is_trial":false,"path_per_floor":["M","?","M","$","M","E","R","?","T","M","M","?","$","M","R","B",null,"M","?","M"],"character_chosen":"DEFECT","items_purchased":["Self Repair","Apotheosis"],"campfire_rested":1,"item_purchase_floors":[4,13],"current_hp_per_floor":[68,68,64,64,66,34,34,23,23,19,23,16,16,15,37,18,61,59,59,0,0],"gold":190,"neow_bonus":"UPGRADE_CARD","is_daily":false,"chose_seed":false,"campfire_upgraded":1,"win_rate":0.0,"timestamp":1608208569,"path_taken":["M","?","M","$","M","E","R","?","T","M","M","?","$","M","R","BOSS","M","?","M"],"items_purchased_type":["Card","Card"],"build_version":"2020-12-13","purchased_purges":0,"victory":false,"max_hp_per_floor":[75,75,75,75,75,75,75,75,75,75,75,75,75,75,75,75,75,75,75,75,75],"card_choices":[{"not_picked":["Double Energy","Rebound"],"picked":"White Noise","floor":1.0},{"not_picked":["Beam Cell","Barrage"],"picked":"Hologram","floor":3.0},{"not_picked":["Steam","Ball Lightning"],"picked":"Hologram","floor":5.0},{"not_picked":["Turbo","Beam Cell"],"picked":"Storm","floor":6.0},{"not_picked":["Loop","Steam"],"picked":"Leap","floor":10.0},{"not_picked":["Conserve Battery","Leap","Stack"],"picked":"SKIP","floor":11.0},{"not_picked":["Hologram","Sweeping Beam"],"picked":"Amplify","floor":14.0},{"not_picked":["Seek","Core Surge"],"picked":"Creative AI","floor":16.0},{"not_picked":["Hologram","Steam"],"picked":"Fusion","floor":18}],"player_experience":784034,"relics_obtained":[{"floor":6.0,"key":"InkBottle"},{"floor":9.0,"key":"White Beast Statue"}],"event_choices":[{"damage_healed":0.0,"max_hp_gain":0.0,"max_hp_loss":0.0,"gold_gain":0.0,"event_name":"Living Wall","player_choice":"Grow","floor":2.0,"gold_loss":0.0,"damage_taken":0.0,"cards_upgraded":["Dualcast"]},{"damage_healed":0.0,"max_hp_gain":0.0,"max_hp_loss":0.0,"gold_gain":75.0,"event_name":"World of Goop","player_choice":"Gather Gold","floor":8.0,"gold_loss":0.0,"damage_taken":11.0},{"damage_healed":0.0,"max_hp_gain":0.0,"max_hp_loss":0.0,"gold_gain":0.0,"event_name":"Scrap Ooze","player_choice":"Success","floor":12.0,"gold_loss":0.0,"damage_taken":7.0,"relics_obtained":["Darkstone Periapt"]},{"damage_healed":0,"gold_gain":99,"player_choice":"Stole From Cult","damage_taken":0,"max_hp_gain":0,"max_hp_loss":0,"event_name":"Nest","floor":19,"gold_loss":0}],"is_beta":false,"boss_relics":[{"not_picked":["Tiny House","Pandora\u0027s Box"],"picked":"Snecko Eye"}],"items_purged_floors":[],"is_endless":false,"potions_floor_spawned":[1,3,6,10,11,14,16,18],"killed_by":"3 Byrds","ascension_level":8}}