{"host":"3t6uby4o5waaq95r","time":1608181099,"event":{"mods":["AchievementEnabler","BaseMod","Bestiary","Colored Map","Highlight Path","Minty Spire (QoL Compilation)","Permanent Neow","Quick Restart","Random Character Button","SuperFastMode"],"gold_per_floor":[119,119,146,158,158,158,158,171,171,191,35,53,53,73,73,172,172,183,183,240,260,163,163,174,187,187,187,187,33,33,33,33,128,128,142,142,142,162,162,162,162,180,180,180,194,40,40,66,66,66],"floor_reached":51,"playtime":1416,"items_purged":["Strike_P"],"score":660,"play_id":"5b527044-1185-490b-b43d-457c067f5107","local_time":"20201216225819","is_ascension_mode":false,"campfire_choices":[{"data":"ForeignInfluence","floor":6,"key":"SMITH"},{"data":"Eruption","floor":13,"key":"SMITH"},{"floor":15,"key":"REST"},{"floor":23,"key":"REST"},{"floor":27,"key":"REST"},{"data":"Blasphemy","floor":30,"key":"SMITH"},{"data":"Ragnarok","floor":32,"key":"SMITH"},{"floor":40,"key":"REST"},{"floor":44,"key":"REST"},{"data":"1","floor":49,"key":"LIFT"}],"circlet_count":0,"master_deck":["Defend_P+1","Defend_P","Eruption+1","Vigilance","Finesse+1","WreathOfFlame","ForeignInfluence+1","Conclude","EmptyBody","Ragnarok+1","Blasphemy+1","EmptyBody+1","Conclude+1","FlurryOfBlows","CarveReality+1","LessonLearned","DeusExMachina","CurseOfTheBell","Crescendo+1","Trip+1","Secret Technique+1","Madness+1","ClearTheMind+1","Madness+1","Madness+1","Indignation+1","FollowUp+1","Doubt"],"relics":["PureWater","Oddly Smooth Stone","Matryoshka","Blood Vial","Empty Cage","Pen Nib","Question Card","Lantern","Calling Bell","Orichalcum","Toxic Egg 2","Girya","Art of War","Bottled Lightning","Bag of Preparation","Akabeko"],"acts_visited":["Exordium","TheCity","TheBeyond"],"potions_floor_usage":[16,21,33,50,50],"damage_taken":[{"damage":1,"enemies":"Jaw Worm","floor":1,"turns":3},{"damage":9,"enemies":"Cultist","floor":4,"turns":3},{"damage":0,"enemies":"Small Slimes","floor":8,"turns":1},{"damage":0,"enemies":"3 Louse","floor":10,"turns":1},{"damage":8,"enemies":"Lots of Slimes","floor":12,"turns":2},{"damage":13,"enemies":"Exordium Thugs","floor":14,"turns":2},{"damage":39,"enemies":"Hexaghost","floor":16,"turns":7},{"damage":3,"enemies":"Shell Parasite","floor":18,"turns":2},{"damage":11,"enemies":"2 Thieves","floor":20,"turns":3},{"damage":31,"enemies":"Chosen and Byrds","floor":21,"turns":6},{"damage":3,"enemies":"Snecko","floor":24,"turns":5},{"damage":21,"enemies":"Snake Plant","floor":25,"turns":3},{"damage":25,"enemies":"Automaton","floor":33,"turns":4},{"damage":19,"enemies":"3 Darklings","floor":35,"turns":5},{"damage":0,"enemies":"Orb Walker","floor":38,"turns":1},{"damage":26,"enemies":"Maw","floor":42,"turns":6},{"damage":34,"enemies":"4 Shapes","floor":45,"turns":3},{"damage":71,"enemies":"Donu and Deca","floor":50,"turns":8}],"seed_played":"-3008544310554283047","potions_obtained":[{"floor":1,"key":"BottledMiracle"},{"floor":4,"key":"Block Potion"},{"floor":16,"key":"SteroidPotion"},{"floor":20,"key":"SkillPotion"},{"floor":21,"key":"LiquidMemories"}],"is_trial":false,"path_per_floor":["M","?","T","M","?","R","?","M","T","M","$","M","R","M","R","B",null,"M","?","M","M","$","R","M","M","T","R","?","$","R","$","R","B",null,"M","?","?","M","?","R","?","M","T","R","M","$","?","T","R","B",null],"character_chosen":"WATCHER","items_purchased":["Blood Vial","FlurryOfBlows","Lantern","Bag of Preparation"],"campfire_rested":5,"item_purchase_floors":[11,22,29,46],"current_hp_per_floor":[71,71,71,62,48,48,48,48,48,48,48,42,42,31,52,15,72,69,69,60,31,31,52,51,32,32,53,72,72,72,72,72,47,72,53,43,43,45,36,57,57,33,33,54,22,22,72,72,72,1],"gold":66,"neow_bonus":"RANDOM_COLORLESS","is_daily":false,"chose_seed":false,"campfire_upgraded":4,"win_rate":0.0,"timestamp":1608181099,"path_taken":["M","?","?","?","?","R","?","M","T","M","$","M","R","?","R","BOSS","M","?","?","M","$","R","M","M","T","R","?","?","R","$","R","BOSS","M","?","?","?","?","R","?","M","T","R","M","$","?","?","R","BOSS"],"items_purchased_type":["Relic","Card","Relic","Relic"],"build_version":"2020-12-13","purchased_purges":1,"victory":true,"max_hp_per_floor":[72,72,72,72,72,72,72,72,72,72,72,72,72,72,72,72,72,72,72,72,72,72,72,72,72,72,72,72,72,72,72,72,72,72,72,72,72,72,72,72,72,72,72,72,72,72,72,72,72,72],"card_choices":[{"not_picked":["Dramatic Entrance","Bandage Up"],"picked":"Finesse","floor":0},{"not_picked":["Halt","Crescendo"],"picked":"WreathOfFlame","floor":1},{"not_picked":["Worship","SashWhip"],"picked":"ForeignInfluence","floor":4},{"not_picked":["Indignation","Wireheading"],"picked":"Conclude","floor":8},{"not_picked":["Worship","LikeWater","ClearTheMind"],"picked":"SKIP","floor":10},{"not_picked":["Protect","SashWhip"],"picked":"EmptyBody","floor":12},{"not_picked":["EmptyBody","Consecrate"],"picked":"Ragnarok","floor":14},{"not_picked":["ConjureBlade","Devotion"],"picked":"Blasphemy","floor":16},{"not_picked":["Protect+1","WaveOfTheHand+1"],"picked":"EmptyBody+1","floor":18},{"not_picked":["SashWhip","Halt"],"picked":"ReachHeaven","floor":20},{"not_picked":["CutThroughFate","BowlingBash"],"picked":"Conclude+1","floor":21},{"not_picked":["FlurryOfBlows","ClearTheMind"],"picked":"CarveReality+1","floor":24},{"not_picked":["Collect+1","Study"],"picked":"LessonLearned","floor":25},{"not_picked":["Blasphemy","Alpha","DevaForm"],"picked":"DeusExMachina","floor":33},{"not_picked":["FlyingSleeves","ClearTheMind+1","WaveOfTheHand+1"],"picked":"Crescendo+1","floor":35},{"not_picked":["HandOfGreed","PanicButton+1","Purity+1"],"picked":"Trip+1","floor":36},{"not_picked":["Blind+1","Impatience+1","Good Instincts+1"],"picked":"Secret Technique+1","floor":36},{"not_picked":["Thinking Ahead+1","Finesse+1","Forethought+1"],"picked":"Madness+1","floor":36},{"not_picked":["EmptyMind+1","CutThroughFate+1","EmptyFist"],"picked":"ClearTheMind+1","floor":38},{"not_picked":["Pray+1","PathToVictory+1","ThirdEye+1"],"picked":"Indignation+1","floor":42},{"not_picked":["EmptyMind+1","SashWhip","PathToVictory+1"],"picked":"FollowUp+1","floor":45}],"player_experience":768899,"relics_obtained":[{"floor":3,"key":"Oddly Smooth Stone"},{"floor":9,"key":"Matryoshka"},{"floor":26,"key":"Pen Nib"},{"floor":26,"key":"Question Card"},{"floor":34,"key":"Orichalcum"},{"floor":34,"key":"Toxic Egg 2"},{"floor":34,"key":"Girya"},{"floor":43,"key":"Art of War"},{"floor":43,"key":"Bottled Lightning"},{"floor":48,"key":"Akabeko"}],"event_choices":[{"cards_removed":["Defend_P"],"damage_healed":0,"gold_gain":0,"player_choice":"Forget","damage_taken":0,"max_hp_gain":0,"max_hp_loss":0,"event_name":"Living Wall","floor":2,"gold_loss":0},{"damage_healed":0,"gold_gain":0,"player_choice":"Entered Light","damage_taken":14,"max_hp_gain":0,"max_hp_loss":0,"event_name":"Shining Light","floor":5,"gold_loss":0,"cards_upgraded":["Finesse","Defend_P"]},{"damage_healed":0,"gold_gain":0,"player_choice":"Bought 0 Potions","damage_taken":0,"max_hp_gain":0,"max_hp_loss":0,"event_name":"The Woman in Blue","floor":7,"gold_loss":0},{"cards_removed":["Strike_P"],"damage_healed":0,"gold_gain":0,"player_choice":"Offered Basic","damage_taken":0,"max_hp_gain":0,"max_hp_loss":0,"event_name":"Bonfire Elementals","floor":19,"gold_loss":0},{"damage_healed":24,"gold_gain":0,"player_choice":"Heal","damage_taken":0,"max_hp_gain":0,"max_hp_loss":0,"event_name":"The Library","floor":28,"gold_loss":0},{"damage_healed":0,"gold_gain":0,"player_choice":"Memory 3","damage_taken":10,"max_hp_gain":0,"max_hp_loss":0,"event_name":"SensoryStone","floor":36,"gold_loss":0},{"cards_removed":["Strike_P"],"damage_healed":0,"gold_gain":0,"player_choice":"Purged","damage_taken":0,"max_hp_gain":0,"max_hp_loss":0,"event_name":"Purifier","floor":37,"gold_loss":0},{"damage_healed":0,"gold_gain":0,"player_choice":"Embrace Madness","damage_taken":9,"max_hp_gain":0,"max_hp_loss":0,"event_name":"Winding Halls","floor":39,"gold_loss":0,"cards_obtained":["Madness","Madness"]},{"cards_removed":["ReachHeaven"],"damage_healed":0,"gold_gain":0,"player_choice":"Removed Attack","damage_taken":0,"max_hp_gain":0,"max_hp_loss":0,"event_name":"Falling","floor":41,"gold_loss":0},{"damage_healed":50,"gold_gain":0,"player_choice":"Heal","damage_taken":0,"max_hp_gain":0,"max_hp_loss":0,"event_name":"MindBloom","floor":47,"gold_loss":0,"cards_obtained":["Doubt"]}],"is_beta":false,"boss_relics":[{"not_picked":["Fusion Hammer","Black Star"],"picked":"Empty Cage"},{"not_picked":["Coffee Dripper","VioletLotus"],"picked":"Calling Bell"}],"items_purged_floors":[22],"is_endless":false,"potions_floor_spawned":[1,4,16,20,21,25],"ascension_level":0}}