{"host":"zekcc3vicrep0och","time":1608231742,"event":{"mods":["AchievementEnabler","BaseMod","Colored Map","Colored Powertips","Displayed Cursed Tome","Minty Spire (QoL Compilation)","Relic Stats","StSLib"],"gold_per_floor":[10,24,35,48,48,75,94,94,94],"floor_reached":8,"playtime":364,"items_purged":[],"score":108,"play_id":"3f859c88-386a-4315-a360-67a3d5fce498","local_time":"20201217220222","is_ascension_mode":true,"campfire_choices":[],"circlet_count":0,"master_deck":["AscendersBane","Strike_P","Strike_P","Strike_P","Strike_P","Defend_P","Defend_P","Defend_P","Defend_P","Eruption","Vigilance","Judgement","ClearTheMind","Prostrate","DeceiveReality","CutThroughFate","EmptyBody","Crescendo"],"relics":["PureWater","MealTicket"],"acts_visited":["Exordium"],"potions_floor_usage":[6],"damage_taken":[{"damage":0,"enemies":"Jaw Worm","floor":1,"turns":1},{"damage":3,"enemies":"2 Louse","floor":2,"turns":2},{"damage":3,"enemies":"Small Slimes","floor":3,"turns":3},{"damage":8,"enemies":"Red Slaver","floor":4,"turns":4},{"damage":5,"enemies":"3 Sentries","floor":6,"turns":6},{"damage":3,"enemies":"Large Slime","floor":7,"turns":5},{"damage":11,"enemies":"Gremlin Nob","floor":8,"turns":4}],"seed_played":"-490917106413857973","potions_obtained":[{"floor":4,"key":"Fire Potion"},{"floor":6,"key":"Dexterity Potion"}],"is_trial":false,"path_per_floor":["M","M","M","M","?","E","M","E"],"character_chosen":"WATCHER","items_purchased":[],"campfire_rested":0,"item_purchase_floors":[],"current_hp_per_floor":[61,58,55,47,52,47,44,33,33],"gold":94,"neow_bonus":"THREE_RARE_CARDS","is_daily":false,"chose_seed":false,"campfire_upgraded":0,"win_rate":0.0,"timestamp":1608231742,"path_taken":["M","M","M","M","?","E","M","E"],"items_purchased_type":[],"build_version":"2020-12-13","purchased_purges":0,"victory":false,"max_hp_per_floor":[68,68,68,68,73,73,73,73,73],"relic_stats":{"counters":[7,25],"MealTicket":0,"obtain_stats":[{"MealTicket":6,"PureWater":0},{"MealTicket":5,"PureWater":0},{"MealTicket":16,"PureWater":0}]},"card_choices":[{"not_picked":["DevaForm","Scrawl"],"picked":"Judgement","floor":0.0},{"not_picked":["Consecrate","Wireheading"],"picked":"ClearTheMind","floor":1},{"not_picked":["Sanctity","PathToVictory"],"picked":"Prostrate","floor":2},{"not_picked":["Fasting2","FollowUp"],"picked":"DeceiveReality","floor":3},{"not_picked":["Halt","Study"],"picked":"CutThroughFate","floor":4},{"not_picked":["FlyingSleeves","Study"],"picked":"EmptyBody","floor":6},{"not_picked":["Judgement","Wireheading"],"picked":"Crescendo","floor":7}],"player_experience":434407,"relics_obtained":[{"floor":6,"key":"MealTicket"}],"event_choices":[{"damage_healed":0,"gold_gain":0,"player_choice":"Donut","damage_taken":0,"max_hp_gain":5,"max_hp_loss":0,"event_name":"Big Fish","floor":5,"gold_loss":0}],"is_beta":false,"boss_relics":[],"items_purged_floors":[],"is_endless":false,"potions_floor_spawned":[4,6],"killed_by":"Gremlin Nob","ascension_level":16}}