{"host":"p9t7qd83igtcp2bh","time":1608227814,"event":{"mods":["2.2 Compatiblity","AchievementEnabler","BaseMod","Colored Map","Colored Powertips","Custom Start","DeckTracker","Keyboard Shortcuts","Minty Spire (QoL Compilation)","Permanent Neow","StSLib","SuperFastMode","everything is the same but u backflip on backflip"],"gold_per_floor":[359,378,390,390,390,390,409,409,409,409,423,423,55,82,82,187,187,205,215,215,215],"floor_reached":20,"playtime":626,"items_purged":["Strike_P"],"score":266,"play_id":"172e15ed-cf80-4ffe-8d55-ecc4b6416013","local_time":"20201218025654","is_ascension_mode":true,"campfire_choices":[{"data":"Eruption","floor":6.0,"key":"SMITH"},{"data":"CutThroughFate","floor":8.0,"key":"SMITH"},{"floor":10.0,"key":"REST"},{"data":"Adaptation","floor":15.0,"key":"SMITH"}],"circlet_count":0,"master_deck":["AscendersBane","Strike_P","Defend_P","Defend_P","Defend_P","Eruption+1","Vigilance","Consecrate","EmptyMind","Adaptation+1","CutThroughFate+1","FlyingSleeves"],"relics":["PureWater","Peace Pipe","Ginger","Odd Mushroom","Empty Cage"],"acts_visited":["Exordium","TheCity"],"potions_floor_usage":[],"damage_taken":[{"damage":19.0,"enemies":"Jaw Worm","floor":1.0,"turns":7.0},{"damage":0.0,"enemies":"Small Slimes","floor":2.0,"turns":2.0},{"damage":4.0,"enemies":"Cultist","floor":3.0,"turns":5.0},{"damage":1.0,"enemies":"Looter","floor":7.0,"turns":4.0},{"damage":8.0,"enemies":"2 Fungi Beasts","floor":11.0,"turns":3.0},{"damage":0.0,"enemies":"Exordium Wildlife","floor":12.0,"turns":2.0},{"damage":0.0,"enemies":"The Mushroom Lair","floor":14.0,"turns":2.0},{"damage":25.0,"enemies":"The Guardian","floor":16.0,"turns":14.0},{"damage":13.0,"enemies":"Spheric Guardian","floor":18.0,"turns":4.0},{"damage":17.0,"enemies":"Shell Parasite","floor":19.0,"turns":5.0},{"damage":22,"enemies":"3 Cultists","floor":20,"turns":4}],"seed_played":"-130480493455587635","potions_obtained":[{"floor":3.0,"key":"Swift Potion"},{"floor":11.0,"key":"SmokeBomb"},{"floor":14.0,"key":"SteroidPotion"}],"is_trial":false,"path_per_floor":["M","M","M","?","?","R","M","R","T","R","M","M","$","?","R","B",null,"M","M","M"],"character_chosen":"WATCHER","items_purchased":["Ginger"],"campfire_rested":1,"item_purchase_floors":[13],"current_hp_per_floor":[28,28,24,24,24,24,23,23,23,44,36,36,36,36,36,11,57,44,27,5,5],"gold":215,"neow_bonus":"TWO_FIFTY_GOLD","is_daily":false,"chose_seed":false,"campfire_upgraded":3,"win_rate":0.0,"timestamp":1608227814,"path_taken":["M","M","M","?","?","R","M","R","T","R","?","M","$","?","R","BOSS","M","M","M"],"items_purchased_type":["Relic"],"build_version":"2020-12-13","purchased_purges":1,"victory":false,"max_hp_per_floor":[72,72,72,72,72,72,72,72,72,72,72,72,72,72,72,72,72,72,72,72,72],"card_choices":[{"not_picked":["JustLucky","TalkToTheHand"],"picked":"Consecrate","floor":1.0},{"not_picked":["ThirdEye","Nirvana"],"picked":"EmptyMind","floor":2.0},{"not_picked":["Pray","Protect"],"picked":"Adaptation","floor":3.0},{"not_picked":["Weave","DeusExMachina"],"picked":"CutThroughFate","floor":7.0},{"not_picked":["EmptyFist","WreathOfFlame","Pray"],"picked":"SKIP","floor":11.0},{"not_picked":["EmptyFist","WreathOfFlame","Pray"],"picked":"SKIP","floor":11.0},{"not_picked":["Crescendo","Halt"],"picked":"FlyingSleeves","floor":14.0},{"not_picked":["FlyingSleeves","Pray+1","ThirdEye"],"picked":"SKIP","floor":18.0},{"not_picked":["Prostrate","Conclude","Crescendo"],"picked":"SKIP","floor":19.0}],"player_experience":560366,"relics_obtained":[{"floor":9.0,"key":"Peace Pipe"},{"floor":14.0,"key":"Odd Mushroom"}],"event_choices":[{"damage_healed":0.0,"max_hp_gain":0.0,"max_hp_loss":0.0,"gold_gain":0.0,"event_name":"Liars Game","player_choice":"Ignored","floor":4.0,"gold_loss":0.0,"damage_taken":0.0},{"cards_removed":["Strike_P"],"damage_healed":0.0,"max_hp_gain":0.0,"max_hp_loss":0.0,"gold_gain":0.0,"event_name":"Purifier","player_choice":"Purged","floor":5.0,"gold_loss":0.0,"damage_taken":0.0},{"damage_healed":0.0,"max_hp_gain":0.0,"max_hp_loss":0.0,"gold_gain":0.0,"event_name":"Mushrooms","player_choice":"Fought Mushrooms","floor":14.0,"gold_loss":0.0,"damage_taken":0.0}],"is_beta":false,"boss_relics":[{"not_picked":["Ectoplasm","Cursed Key"],"picked":"Empty Cage"}],"items_purged_floors":[13],"is_endless":false,"potions_floor_spawned":[3,11,14],"killed_by":"3 Cultists","ascension_level":12}}