{"host":"kdxx03a4p3nl7qnm","time":1608187360,"event":{"mods":["AchievementEnabler","Act Like it!","BaseMod","Better Altar","Better Third Choice","Better Vampires","Conspire","Defuse TimeMaze Blight","Downfall","Elementarium","Hallownest","Infinite Spire","Luminous","Mimic Mod","Minty Spire (QoL Compilation)","Quick Restart","StSLib","The Alterego","The Jungle","The Kombatant","TheBandit","TheSwordswoman","TheVacant","Waifu the Spire"],"gold_per_floor":[111,121,87,103,28,63,63,77,102,117,144,144,159,179,179,282,282,297,297,297,297,145,145,158,158,193,219,231,249,249,249],"floor_reached":30,"playtime":1401,"items_purged":["conspire:Blindness"],"score":302,"play_id":"2db9a4d3-ac81-4174-aa4c-dda2ec1504f9","local_time":"20201217004240","is_ascension_mode":false,"campfire_choices":[{"floor":12,"key":"REST"},{"data":"Feed","floor":15,"key":"SMITH"},{"data":"Armaments","floor":23,"key":"SMITH"}],"circlet_count":0,"master_deck":["Strike_R","Strike_R","Strike_R+1","Strike_R+1","Strike_R","Defend_R","Defend_R+1","Defend_R","Defend_R","Bash","Rampage","infinitespire:FutureSight+1","Armaments+1","Feed+1","Inflame+1","Heavy Blade","Double Tap"],"relics":["Burning Blood","betterThird:SlimedRelic","Regal Pillow","Omamori","Whetstone","conspire:SpecialSausage","alterego_mod:SomeoneToFightFor","Vajra","HandDrill","War Paint"],"acts_visited":["Exordium","TheCity"],"potions_floor_usage":[16,27,27,27],"damage_taken":[{"damage":2,"enemies":"Small Slimes","floor":1,"turns":4},{"damage":7,"enemies":"2 Louse","floor":2,"turns":3},{"damage":10,"enemies":"Jaw Worm","floor":4,"turns":4},{"damage":25,"enemies":"3 Sentries","floor":6,"turns":11},{"damage":5,"enemies":"Exordium Wildlife","floor":8,"turns":5},{"damage":2,"enemies":"Blue Slaver","floor":10,"turns":3},{"damage":0,"enemies":"Looter","floor":13,"turns":3},{"damage":6,"enemies":"Exordium Wildlife","floor":14,"turns":4},{"damage":34,"enemies":"Slime Boss","floor":16,"turns":14},{"damage":4,"enemies":"3 Byrds","floor":18,"turns":8},{"damage":33,"enemies":"Spheric Guardian","floor":24,"turns":6},{"damage":9,"enemies":"Cultist and Chosen","floor":26,"turns":4},{"damage":64,"enemies":"conspire:SneckoGhost","floor":27,"turns":10},{"damage":31,"enemies":"Cultist and Chosen","floor":28,"turns":6},{"damage":8,"enemies":"Centurion and Healer","floor":29,"turns":7},{"damage":26,"enemies":"Shelled Parasite and Fungi","floor":30,"turns":3}],"seed_played":"-8859016232279563390","potions_obtained":[{"floor":1,"key":"Weak Potion"},{"floor":2,"key":"SkillPotion"},{"floor":13,"key":"Ancient Potion"},{"floor":14,"key":"ColorlessPotion"},{"floor":18,"key":"hexamod:EctoCoolerPotion"},{"floor":27,"key":"sneckomod:MuddlingPotion"},{"floor":28,"key":"PowerPotion"},{"floor":29,"key":"LiquidMemories"}],"is_trial":false,"path_per_floor":["M","M","?","M","$","E","?","M","T","M","T","R","M","M","R","B",null,"M","?","?","?","$","R","M","$","MIM","E","M","M","M"],"character_chosen":"IRONCLAD","items_purchased":["HandDrill"],"campfire_rested":1,"item_purchase_floors":[22],"current_hp_per_floor":[96,95,84,80,80,61,38,39,39,43,43,86,92,96,96,72,104,108,108,108,108,108,108,85,85,86,39,18,20,0,0],"gold":249,"neow_bonus":"TWENTY_PERCENT_HP_BONUS","is_daily":false,"chose_seed":false,"campfire_upgraded":2,"win_rate":0.0,"timestamp":1608187360,"path_taken":["M","M","?","M","$","E","?","M","T","M","?","R","?","M","R","BOSS","M","?","?","?","?","R","M","$","MIM","E","?","M","M"],"items_purchased_type":["Relic"],"build_version":"2020-12-13","purchased_purges":1,"victory":false,"max_hp_per_floor":[96,96,96,96,96,96,96,96,96,96,96,96,96,100,100,104,104,108,108,108,108,108,108,112,112,116,120,124,128,128,128],"card_choices":[{"not_picked":["Sword Boomerang","True Grit","Havoc"],"picked":"SKIP","floor":1},{"not_picked":["Headbutt","Flame Barrier"],"picked":"Rampage","floor":2},{"not_picked":["Shockwave","Havoc","Rampage"],"picked":"SKIP","floor":4},{"not_picked":["Infernal Blade","Dropkick","Ghostly Armor"],"picked":"SKIP","floor":6},{"not_picked":["infinitespire:FinalStrike","infinitespire:Fortify"],"picked":"infinitespire:FutureSight","floor":7},{"not_picked":["Blood for Blood","Cleave"],"picked":"Armaments","floor":8},{"not_picked":["conspire:ExplosiveBarrier","Perfected Strike","Clash"],"picked":"SKIP","floor":10},{"not_picked":["True Grit","Clash"],"picked":"Feed","floor":13},{"not_picked":["Fire Breathing","Iron Wave","Headbutt"],"picked":"SKIP","floor":14},{"not_picked":["Havoc+1","Sever Soul"],"picked":"Inflame+1","floor":18},{"not_picked":["True Grit","Dropkick"],"picked":"Heavy Blade","floor":24},{"not_picked":["Feel No Pain+1","Battle Trance+1"],"picked":"Double Tap","floor":27},{"not_picked":["Shockwave+1","Rupture","Twin Strike+1"],"picked":"SKIP","floor":28},{"not_picked":["Flame Barrier","Shrug It Off","Reckless Charge"],"picked":"SKIP","floor":29}],"player_experience":76310,"relics_obtained":[{"floor":6,"key":"Regal Pillow"},{"floor":9,"key":"Omamori"},{"floor":11,"key":"Whetstone"},{"floor":27,"key":"War Paint"}],"event_choices":[{"damage_healed":0,"gold_gain":0,"player_choice":"Slimed","damage_taken":11,"max_hp_gain":0,"max_hp_loss":0,"event_name":"betterThird:BetterGoop","floor":3,"gold_loss":34},{"damage_healed":0,"gold_gain":0,"player_choice":"Choice 2","damage_taken":0,"relics_obtained":["alterego_mod:SomeoneToFightFor"],"max_hp_gain":0,"max_hp_loss":0,"event_name":"Secret Garden","floor":20,"gold_loss":0},{"damage_healed":0,"gold_gain":0,"player_choice":"Opened","damage_taken":0,"relics_obtained":["Vajra"],"max_hp_gain":0,"max_hp_loss":0,"event_name":"The Mausoleum","floor":21,"gold_loss":0}],"is_beta":false,"boss_relics":[{"not_picked":["Black Blood","conspire:SlowCooker"],"picked":"conspire:SpecialSausage"}],"items_purged_floors":[5],"is_endless":false,"potions_floor_spawned":[1,2,13,14,18,27,28,29],"killed_by":"Shelled Parasite and Fungi","ascension_level":0}}