{"host":"nez9oevwwftwepnc","time":1608188907,"event":{"mods":["AchievementEnabler","Astrologer","BaseMod","Beaked The Cultist","Better Third Choice","Colored Map","Colored Powertips","Conspire","Downfall","Energized Spire","Hermit","Infinite Spire","Mathematician","Minty Spire (QoL Compilation)","Permanent Neow","Quick Restart","Random Character Mod","Shop Mod","Spikes Relics","StSLib","The Bug Knight","The Hayseed","The Hierophant","The Mystic","The Necromancer","The Runesmith","The Senshi","The Wild Card","TheArtist","slay the spire mod where everything is the same but ironclad has a cowboy hat","thorton","vexMod"],"gold_per_floor":[110,123,123,142,153,153,171,199,199,215,249,25,25,43,43,148,148,197,197,50,75,1074,1120,1120,1159,1199,1199,1199],"floor_reached":27,"playtime":1170,"items_purged":["Defend_R","Pain","Pride"],"score":385,"play_id":"67901170-789b-476b-987d-b6a1d2520b2f","local_time":"20201217020827","is_ascension_mode":true,"campfire_choices":[{"data":"Carnage","floor":6,"key":"SMITH"},{"data":"Armaments","floor":13,"key":"SMITH"},{"data":"Combust","floor":15,"key":"SMITH"},{"data":"Feed","floor":24,"key":"SMITH"}],"circlet_count":0,"master_deck":["Strike_R","Strike_R","Strike_R","Strike_R","Strike_R","Defend_R","Defend_R","Bash","Headbutt","Pommel Strike","Carnage+1","Clash","Iron Wave","Twin Strike","Iron Wave","Armaments+1","conspire:Banana","Clash","Combust+1","Feed+1","Iron Wave","Twin Strike","Pride","Pride"],"relics":["Burning Blood","GiantMaggot","infinitespire:EmpoweringShard","infinitespire:Lychee Nut","HollowMod:QueensCombRelic","thethorton:GreedFountain","WarpedTongs","vexMod:RockOfEvil","HandDrill","Darkstone Periapt","Kunai","Orichalcum"],"acts_visited":["Exordium","TheCity"],"potions_floor_usage":[16,23,25],"damage_taken":[{"damage":10,"enemies":"Cultist","floor":1,"turns":4},{"damage":0,"enemies":"Small Slimes","floor":2,"turns":3},{"damage":2,"enemies":"Jaw Worm","floor":4,"turns":3},{"damage":9,"enemies":"2 Fungi Beasts","floor":5,"turns":3},{"damage":5,"enemies":"Large Slime","floor":7,"turns":3},{"damage":8,"enemies":"Gremlin Nob","floor":8,"turns":3},{"damage":19,"enemies":"Exordium Thugs","floor":10,"turns":4},{"damage":20,"enemies":"3 Sentries","floor":11,"turns":5},{"damage":4,"enemies":"3 Louse","floor":14,"turns":3},{"damage":3,"enemies":"Slime Boss","floor":16,"turns":6},{"damage":8,"enemies":"2 Thieves","floor":18,"turns":3},{"damage":11,"enemies":"Spheric Guardian","floor":21,"turns":3},{"damage":33,"enemies":"Slavers","floor":23,"turns":4},{"damage":27,"enemies":"Gremlin Leader","floor":25,"turns":5},{"damage":39,"enemies":"Book of Stabbing","floor":27,"turns":3}],"seed_played":"-1834228777745789001","potions_obtained":[{"floor":2,"key":"BlessingOfTheForge"},{"floor":10,"key":"PowerPotion"},{"floor":11,"key":"Swift Potion"},{"floor":16,"key":"Explosive Potion"}],"is_trial":false,"path_per_floor":["M","M","?","M","M","R","M","E","T","M","E","$","R","M","R","B",null,"M","?","$","M","AVR","E","R","E","T","E"],"character_chosen":"IRONCLAD","items_purchased":["conspire:Banana","Clash","Twin Strike"],"campfire_rested":0,"item_purchase_floors":[12,12,20],"current_hp_per_floor":[76,80,80,80,77,77,78,76,60,50,40,40,40,40,40,41,41,44,44,44,39,39,24,24,15,15,0,0],"gold":1199,"neow_bonus":"REMOVE_CARD","is_daily":false,"chose_seed":false,"campfire_upgraded":4,"win_rate":0.0,"timestamp":1608188907,"path_taken":["M","?","?","M","M","R","M","E","T","?","E","?","R","?","R","BOSS","M","?","$","?","AVR","E","R","E","T","E"],"items_purchased_type":["Card","Card","Card"],"build_version":"2020-12-13","purchased_purges":3,"victory":false,"max_hp_per_floor":[80,80,80,80,80,80,80,80,60,60,40,40,40,40,40,41,41,44,44,44,44,44,48,48,50,50,51,51],"card_choices":[{"not_picked":["Pommel Strike","Shrug It Off"],"picked":"Headbutt","floor":1},{"not_picked":["Anger","Dropkick"],"picked":"Pommel Strike","floor":2},{"not_picked":["Havoc","Body Slam"],"picked":"Carnage","floor":4},{"not_picked":["Perfected Strike","Disarm"],"picked":"Clash","floor":5},{"not_picked":["Shrug It Off","Rage"],"picked":"Iron Wave","floor":7},{"not_picked":["Havoc","Ghostly Armor"],"picked":"Twin Strike","floor":8},{"not_picked":["Feel No Pain","Thunderclap"],"picked":"Iron Wave","floor":10},{"not_picked":["Flex","Shrug It Off"],"picked":"Armaments","floor":11},{"not_picked":["Entrench","Anger"],"picked":"Combust","floor":14},{"not_picked":["Demon Form","Limit Break"],"picked":"Feed","floor":16},{"not_picked":["Pummel","Flex"],"picked":"Iron Wave","floor":18},{"not_picked":["Armaments","Combust+1","Thunderclap+1"],"picked":"SKIP","floor":21},{"not_picked":["Warcry","Headbutt+1","Armaments"],"picked":"SKIP","floor":23},{"not_picked":["Armaments+1","Body Slam+1","Flex"],"picked":"SKIP","floor":25}],"player_experience":505342,"relics_obtained":[{"floor":8,"key":"infinitespire:EmpoweringShard"},{"floor":9,"key":"infinitespire:Lychee Nut"},{"floor":11,"key":"HollowMod:QueensCombRelic"},{"floor":23,"key":"Darkstone Periapt"},{"floor":25,"key":"Kunai"},{"floor":26,"key":"Orichalcum"}],"event_choices":[{"damage_healed":0,"gold_gain":0,"player_choice":"Gave Potion","damage_taken":0,"relics_obtained":["GiantMaggot"],"max_hp_gain":0,"max_hp_loss":0,"event_name":"WeMeetAgain","floor":3,"gold_loss":0},{"damage_healed":0,"gold_gain":0,"player_choice":"Rummage","damage_taken":0,"relics_obtained":["WarpedTongs"],"max_hp_gain":0,"max_hp_loss":0,"event_name":"Accursed Blacksmith","floor":19,"gold_loss":0,"cards_obtained":["Pain"]}],"is_beta":false,"boss_relics":[{"not_picked":["SlaversCollar","vexMod:MysteryBossChallenge"],"picked":"thethorton:GreedFountain"}],"items_purged_floors":[12,20,22],"is_endless":false,"potions_floor_spawned":[2,10,11,16],"killed_by":"Book of Stabbing","ascension_level":3}}