{"host":"4vhnentjshwu7xz9","time":1608227869,"event":{"mods":["BaseMod","Minty Spire (QoL Compilation)","Permanent Neow","Relic Stats","StSLib","everything is the same but u backflip on backflip"],"gold_per_floor":[113,132,148,148,165,165,200,125,125,157,157,188,204,232,232,335,335,346,261,279,293,293,293],"floor_reached":22,"playtime":1566,"items_purged":["Strike_B"],"score":320,"play_id":"3cc0844a-d5b1-4f0d-981b-fba4064da51a","local_time":"20201217185749","is_ascension_mode":true,"campfire_choices":[{"data":"Buffer","floor":6,"key":"SMITH"},{"data":"Consume","floor":11,"key":"SMITH"},{"data":"Capacitor","floor":15,"key":"SMITH"}],"circlet_count":0,"master_deck":["Strike_B","Strike_B","Strike_B","Defend_B","Defend_B","Defend_B","Defend_B","Zap","Dualcast","Buffer+1","FTL","Go for the Eyes+1","Melter","Defragment","Consume+1","Defragment","Redo","Capacitor+1","Machine Learning","Lockon","Ball Lightning"],"relics":["Cracked Core","HornCleat","Ornamental Fan","White Beast Statue","InkBottle","The Courier","Black Star","Pen Nib"],"acts_visited":["Exordium","TheCity"],"potions_floor_usage":[10,16,20,22],"damage_taken":[{"damage":0,"enemies":"2 Louse","floor":1,"turns":2},{"damage":1,"enemies":"Cultist","floor":2,"turns":3},{"damage":6,"enemies":"Jaw Worm","floor":3,"turns":3},{"damage":0,"enemies":"Large Slime","floor":5,"turns":5},{"damage":0,"enemies":"Lagavulin","floor":7,"turns":6},{"damage":0,"enemies":"Gremlin Nob","floor":10,"turns":3},{"damage":5,"enemies":"Lagavulin","floor":12,"turns":7},{"damage":6,"enemies":"Looter","floor":13,"turns":3},{"damage":0,"enemies":"Gremlin Nob","floor":14,"turns":5},{"damage":35,"enemies":"The Guardian","floor":16,"turns":11},{"damage":0,"enemies":"Spheric Guardian","floor":18,"turns":2},{"damage":12,"enemies":"Chosen","floor":20,"turns":6},{"damage":31,"enemies":"Centurion and Healer","floor":21,"turns":8},{"damage":39,"enemies":"Cultist and Chosen","floor":22,"turns":6}],"seed_played":"4024354942165290664","potions_obtained":[{"floor":1,"key":"BlessingOfTheForge"},{"floor":7,"key":"Explosive Potion"},{"floor":12,"key":"Explosive Potion"},{"floor":13,"key":"Strength Potion"},{"floor":14,"key":"Block Potion"},{"floor":16,"key":"FocusPotion"},{"floor":18,"key":"SpeedPotion"},{"floor":20,"key":"Strength Potion"}],"is_trial":false,"path_per_floor":["M","M","M","?","M","R","E","$","T","E","R","E","M","E","R","B",null,"M","?","M","M","M"],"character_chosen":"DEFECT","items_purchased":[],"campfire_rested":0,"item_purchase_floors":[],"current_hp_per_floor":[68,67,61,61,61,61,61,61,61,61,61,56,50,50,50,15,68,68,68,56,25,0,0],"gold":293,"neow_bonus":"THREE_RARE_CARDS","is_daily":false,"chose_seed":false,"campfire_upgraded":3,"win_rate":0.0,"timestamp":1608227869,"path_taken":["M","M","M","?","M","R","E","?","T","E","R","E","M","E","R","BOSS","M","?","M","M","M"],"items_purchased_type":[],"build_version":"2020-12-13","purchased_purges":1,"victory":false,"max_hp_per_floor":[68,68,68,68,68,68,68,68,68,68,68,68,68,68,68,68,68,68,68,68,68,68,68],"relic_stats":{"counters":[14,70],"Ornamental Fan":[40],"Pen Nib":[2],"Black Star":0,"obtain_stats":[{"HornCleat":7,"Ornamental Fan":9,"The Courier":14,"Pen Nib":19,"Black Star":17,"Cracked Core":0,"White Beast Statue":10,"InkBottle":12},{"HornCleat":5,"Ornamental Fan":5,"The Courier":9,"Pen Nib":11,"Black Star":10,"Cracked Core":0,"White Beast Statue":6,"InkBottle":7},{"HornCleat":19,"Ornamental Fan":19,"The Courier":37,"Pen Nib":50,"Black Star":48,"Cracked Core":0,"White Beast Statue":22,"InkBottle":29}],"InkBottle":[10]},"card_choices":[{"not_picked":["Reboot","Fission"],"picked":"Buffer","floor":0},{"not_picked":["Rip and Tear","Stack"],"picked":"FTL","floor":1},{"not_picked":["Rip and Tear","Static Discharge"],"picked":"Go for the Eyes","floor":2},{"not_picked":["Aggregate","Redo"],"picked":"Melter","floor":3},{"not_picked":["Steam","Tempest"],"picked":"Defragment","floor":5},{"not_picked":["Multi-Cast","Go for the Eyes"],"picked":"Consume","floor":7},{"not_picked":["Turbo","Gash"],"picked":"Defragment","floor":10},{"not_picked":["Fusion","Biased Cognition","Storm"],"picked":"SKIP","floor":12},{"not_picked":["Sweeping Beam","Barrage"],"picked":"Redo","floor":13},{"not_picked":["Cold Snap","Barrage"],"picked":"Capacitor","floor":14},{"not_picked":["Thunder Strike","Fission"],"picked":"Machine Learning","floor":16},{"not_picked":["Streamline","Barrage"],"picked":"Lockon","floor":18},{"not_picked":["Consume+1","Redo"],"picked":"Ball Lightning","floor":20},{"not_picked":["Redo","Barrage","Gash+1"],"picked":"SKIP","floor":21}],"player_experience":135630,"relics_obtained":[{"floor":7,"key":"HornCleat"},{"floor":9,"key":"Ornamental Fan"},{"floor":10,"key":"White Beast Statue"},{"floor":12,"key":"InkBottle"},{"floor":14,"key":"The Courier"}],"event_choices":[{"damage_healed":0,"gold_gain":0,"player_choice":"Upgraded","damage_taken":0,"max_hp_gain":0,"max_hp_loss":0,"event_name":"Upgrade Shrine","floor":4,"gold_loss":0,"cards_upgraded":["Go for the Eyes"]},{"damage_healed":0,"gold_gain":0,"player_choice":"Obtained Relic","damage_taken":0,"relics_obtained":["Pen Nib"],"max_hp_gain":0,"max_hp_loss":0,"event_name":"Addict","floor":19,"gold_loss":85}],"is_beta":false,"boss_relics":[{"not_picked":["Tiny House","Snecko Eye"],"picked":"Black Star"}],"items_purged_floors":[8],"is_endless":false,"potions_floor_spawned":[1,7,12,13,14,16,18,20,21],"killed_by":"Cultist and Chosen","ascension_level":2}}