{"host":"wha9hktbkslqvblg","time":1608167683,"event":{"mods":["BaseMod","Colored Map","Minty Spire (QoL Compilation)","Relic Stats","SuperFastMode","everything is the same but u backflip on backflip"],"gold_per_floor":[115,115,115,40,50,84,84,98,98,112,139,139,158,168,168,247,247,258,308,308,223,148,148,162,162,185,204,214,244,144,144,144,223,223,235,254,31,31,31,63,63,81,81,96,41,70,90,122,122,122,122,122,122,24,55,55],"floor_reached":57,"playtime":1726,"items_purged":["Rampage","Hemokinesis+1"],"score":3500,"play_id":"a67b991c-4a89-4771-9db9-bc846ef6a993","local_time":"20201217101443","is_ascension_mode":true,"campfire_choices":[{"data":"Hemokinesis","floor":7,"key":"SMITH"},{"floor":12,"key":"REST"},{"data":"Shrug It Off","floor":15,"key":"SMITH"},{"data":"Immolate","floor":23,"key":"SMITH"},{"floor":25,"key":"RECALL"},{"data":"Pommel Strike","floor":32,"key":"SMITH"},{"data":"Second Wind","floor":41,"key":"SMITH"},{"floor":49,"key":"REST"},{"floor":53,"key":"REST"}],"circlet_count":0,"master_deck":["AscendersBane","Shrug It Off+1","Second Wind+1","Evolve+1","Pommel Strike+1"],"relics":["Burning Blood","NeowsBlessing","Sundial","Pocketwatch","Pandora\u0027s Box","Champion Belt","Pen Nib","Red Mask","Busted Crown","Membership Card","Regal Pillow","Red Skull","Dream Catcher","Eternal Feather","Oddly Smooth Stone"],"acts_visited":["Exordium","TheCity","TheBeyond","TheEnding"],"potions_floor_usage":[16,45,56,56],"damage_taken":[{"damage":0,"enemies":"Small Slimes","floor":1,"turns":1},{"damage":0,"enemies":"Jaw Worm","floor":5,"turns":1},{"damage":0,"enemies":"Gremlin Nob","floor":6,"turns":1},{"damage":2,"enemies":"2 Louse","floor":8,"turns":2},{"damage":32,"enemies":"Exordium Thugs","floor":10,"turns":5},{"damage":40,"enemies":"Lagavulin","floor":11,"turns":6},{"damage":4,"enemies":"2 Fungi Beasts","floor":13,"turns":3},{"damage":7,"enemies":"Blue Slaver","floor":14,"turns":2},{"damage":13,"enemies":"The Guardian","floor":16,"turns":5},{"damage":4,"enemies":"Chosen","floor":18,"turns":2},{"damage":10,"enemies":"3 Byrds","floor":24,"turns":2},{"damage":4,"enemies":"Cultist and Chosen","floor":27,"turns":3},{"damage":40,"enemies":"Shelled Parasite and Fungi","floor":28,"turns":4},{"damage":14,"enemies":"Masked Bandits","floor":29,"turns":3},{"damage":0,"enemies":"Collector","floor":33,"turns":1},{"damage":0,"enemies":"Orb Walker","floor":35,"turns":1},{"damage":0,"enemies":"3 Shapes","floor":36,"turns":1},{"damage":0,"enemies":"Giant Head","floor":40,"turns":1},{"damage":0,"enemies":"Maw","floor":42,"turns":2},{"damage":0,"enemies":"Spire Growth","floor":44,"turns":1},{"damage":0,"enemies":"Nemesis","floor":46,"turns":1},{"damage":0,"enemies":"4 Shapes","floor":47,"turns":1},{"damage":0,"enemies":"Giant Head","floor":48,"turns":1},{"damage":0,"enemies":"Awakened One","floor":50,"turns":2},{"damage":26,"enemies":"Time Eater","floor":51,"turns":11},{"damage":0,"enemies":"Shield and Spear","floor":55,"turns":1},{"damage":0,"enemies":"The Heart","floor":56,"turns":4}],"seed_played":"3039193928020676852","potions_obtained":[{"floor":8,"key":"Dexterity Potion"},{"floor":11,"key":"ColorlessPotion"},{"floor":16,"key":"GamblersBrew"},{"floor":29,"key":"FearPotion"},{"floor":35,"key":"DuplicationPotion"}],"is_trial":false,"path_per_floor":["M","?","?","?","M","E","R","M","T","M","E","R","M","M","R","B",null,"M","?","?","?","$","R","M","R","T","M","M","?","$","?","R","B",null,"M","M","$","?","$","E","R","M","T","M","$","E","M","E","R","B","B",null,"R","$","E","B",null],"character_chosen":"IRONCLAD","items_purchased":["Membership Card","CultistPotion","Fruit Juice","Ancient Potion","SteroidPotion","SteroidPotion"],"campfire_rested":3,"item_purchase_floors":[37,37,45,54,54,54],"current_hp_per_floor":[74,51,75,75,75,75,75,75,75,49,15,37,39,38,38,31,64,66,66,66,66,66,66,62,62,62,64,30,22,22,22,22,28,63,69,75,75,75,75,75,75,75,75,75,80,80,80,80,80,80,60,75,80,80,80,80],"gold":55,"neow_bonus":"THREE_ENEMY_KILL","is_daily":false,"chose_seed":false,"campfire_upgraded":5,"win_rate":0.0,"timestamp":1608167683,"path_taken":["M","?","?","?","M","E","R","M","T","M","E","R","M","M","R","BOSS","M","?","?","?","$","R","?","R","T","M","M","?","?","?","R","BOSS","M","M","$","?","?","E","R","M","T","M","$","E","M","E","R","BOSS","BOSS","R","$","E","BOSS"],"items_purchased_type":["Relic","Potion","Potion","Potion","Potion","Potion"],"build_version":"2020-12-13","purchased_purges":2,"victory":true,"max_hp_per_floor":[75,75,75,75,75,75,75,75,75,75,75,75,75,75,75,75,75,75,75,75,75,75,75,75,75,75,75,75,75,75,75,75,75,75,75,75,75,75,75,75,75,75,75,75,80,80,80,80,80,80,80,80,80,80,80,80],"relic_stats":{"Regal Pillow":0,"Dream Catcher":2,"Busted Crown":22,"counters":[27,68],"Sundial":[786],"Pandora\u0027s Box":["Pummel","Blood for Blood","Blood for Blood","Fire Breathing","Thunderclap","Carnage","Whirlwind","Sword Boomerang"],"Eternal Feather":3,"Pen Nib":[40],"Champion Belt":[0],"obtain_stats":[{"Regal Pillow":40,"NeowsBlessing":0,"Oddly Smooth Stone":55,"Eternal Feather":48,"Pen Nib":26,"Burning Blood":0,"Dream Catcher":46,"Busted Crown":34,"Sundial":6,"Pandora\u0027s Box":17,"Red Mask":29,"Champion Belt":21,"Membership Card":37,"Red Skull":43,"Pocketwatch":11},{"Regal Pillow":18,"NeowsBlessing":0,"Oddly Smooth Stone":26,"Eternal Feather":23,"Pen Nib":11,"Burning Blood":0,"Dream Catcher":21,"Busted Crown":15,"Sundial":3,"Pandora\u0027s Box":9,"Red Mask":14,"Champion Belt":10,"Membership Card":17,"Red Skull":19,"Pocketwatch":6},{"Regal Pillow":44,"NeowsBlessing":0,"Oddly Smooth Stone":64,"Eternal Feather":50,"Pen Nib":30,"Burning Blood":0,"Dream Catcher":48,"Busted Crown":41,"Sundial":3,"Pandora\u0027s Box":26,"Red Mask":40,"Champion Belt":28,"Membership Card":43,"Red Skull":46,"Pocketwatch":16}],"Burning Blood":92,"Pocketwatch":[24]},"card_choices":[{"not_picked":["Perfected Strike","Clash"],"picked":"Disarm","floor":1},{"not_picked":["Rampage","Searing Blow"],"picked":"Hemokinesis","floor":5},{"not_picked":["Sword Boomerang","Anger","True Grit"],"picked":"SKIP","floor":6},{"not_picked":["Inflame","Anger","Hemokinesis"],"picked":"SKIP","floor":8},{"not_picked":["Body Slam","Iron Wave","Heavy Blade"],"picked":"SKIP","floor":10},{"not_picked":["Clothesline","Wild Strike","Shockwave"],"picked":"SKIP","floor":11},{"not_picked":["Clothesline","Metallicize","Brutality"],"picked":"SKIP","floor":13},{"not_picked":["Metallicize","Perfected Strike"],"picked":"Shrug It Off","floor":14},{"not_picked":["Brutality","Double Tap"],"picked":"Immolate","floor":16},{"not_picked":["Flex","Body Slam","Wild Strike"],"picked":"SKIP","floor":18},{"not_picked":["Clash","True Grit"],"picked":"Evolve+1","floor":24},{"not_picked":["Clothesline","Body Slam","Headbutt"],"picked":"SKIP","floor":27},{"not_picked":["Rage","Thunderclap"],"picked":"Pommel Strike","floor":28},{"not_picked":["Cleave"],"picked":"SKIP","floor":35},{"not_picked":["Wild Strike"],"picked":"SKIP","floor":36},{"not_picked":["Havoc"],"picked":"SKIP","floor":40},{"not_picked":["Havoc"],"picked":"SKIP","floor":42},{"not_picked":["Headbutt"],"picked":"SKIP","floor":44},{"not_picked":["Thunderclap+1"],"picked":"SKIP","floor":46},{"not_picked":["Burning Pact"],"picked":"SKIP","floor":47},{"not_picked":["Headbutt"],"picked":"SKIP","floor":48},{"not_picked":["Fire Breathing+1"],"picked":"SKIP","floor":55}],"player_experience":860026,"relics_obtained":[{"floor":6,"key":"Sundial"},{"floor":11,"key":"Pocketwatch"},{"floor":26,"key":"Pen Nib"},{"floor":29,"key":"Red Mask"},{"floor":40,"key":"Regal Pillow"},{"floor":43,"key":"Red Skull"},{"floor":46,"key":"Dream Catcher"},{"floor":48,"key":"Eternal Feather"},{"floor":55,"key":"Oddly Smooth Stone"}],"event_choices":[{"damage_healed":0,"gold_gain":0,"player_choice":"Entered Light","damage_taken":23,"max_hp_gain":0,"max_hp_loss":0,"event_name":"Shining Light","floor":2,"gold_loss":0,"cards_upgraded":["Defend_R","Strike_R"]},{"damage_healed":25,"gold_gain":0,"player_choice":"Banana","damage_taken":0,"max_hp_gain":0,"max_hp_loss":0,"event_name":"Big Fish","floor":3,"gold_loss":0},{"cards_removed":["Strike_R"],"damage_healed":0,"gold_gain":0,"player_choice":"Card Removal","damage_taken":0,"max_hp_gain":0,"max_hp_loss":0,"event_name":"The Cleric","floor":4,"gold_loss":75},{"damage_healed":0,"gold_gain":50,"player_choice":"Stole From Cult","damage_taken":0,"max_hp_gain":0,"max_hp_loss":0,"event_name":"Nest","floor":19,"gold_loss":0},{"damage_healed":0,"gold_gain":0,"cards_transformed":["Disarm","Bash"],"player_choice":"Became Test Subject","damage_taken":0,"max_hp_gain":0,"max_hp_loss":0,"event_name":"Drug Dealer","floor":20,"gold_loss":0,"cards_obtained":["Rampage","Second Wind"]},{"damage_healed":0,"gold_gain":0,"player_choice":"Obtained Relic","damage_taken":0,"relics_obtained":["Champion Belt"],"max_hp_gain":0,"max_hp_loss":0,"event_name":"Addict","floor":21,"gold_loss":85},{"damage_healed":0,"gold_gain":0,"player_choice":"Fought Bandits","damage_taken":0,"max_hp_gain":0,"max_hp_loss":0,"event_name":"Masked Bandits","floor":29,"gold_loss":0},{"cards_removed":["Immolate"],"damage_healed":0,"gold_gain":0,"player_choice":"Elegance","damage_taken":0,"max_hp_gain":0,"max_hp_loss":0,"event_name":"Back to Basics","floor":31,"gold_loss":0},{"damage_healed":0,"gold_gain":0,"player_choice":"Ignored","damage_taken":0,"max_hp_gain":0,"max_hp_loss":0,"event_name":"Duplicator","floor":38,"gold_loss":0}],"is_beta":false,"boss_relics":[{"not_picked":["SacredBark","Mark of Pain"],"picked":"Pandora\u0027s Box"},{"not_picked":["Empty Cage","Black Blood"],"picked":"Busted Crown"}],"items_purged_floors":[22,30],"is_endless":false,"potions_floor_spawned":[8,11,13,14,16,28,29,35,42,44],"ascension_level":20}}