{"host":"njruw0b0uprlitpx","time":1608171816,"event":{"mods":["2.2 Compatiblity","BaseMod","Better Altar","Better Note","Better Sensory Stone","Better Skull","Better Third Choice","BetterRewards","Block Reminder","Colored Map","Colored Powertips","Gremlin Mod","Jedi Mod","Keyboard Shortcuts","Minty Spire (QoL Compilation)","Quick Restart","Relic Stats","Replay The Spire","SacredBarkPlus","Spicy Shops","StSLib","SuperFastMode","Wandering Minibosses"],"gold_per_floor":[112,71,71,36,56,86,86,117,117,117,117,127,127,127,140,60,60,163,163,181,181,181,181,200,235,253,253,328,341,341,367,367,420,420,557,557,655,739,739,739,739],"floor_reached":40,"playtime":2684,"items_purged":["Gremlin:Strike"],"score":756,"play_id":"56591589-58cb-43a3-9489-3a2be564f83d","local_time":"20201216202336","is_ascension_mode":true,"campfire_choices":[{"floor":14.0,"key":"REST"},{"floor":32,"key":"REST"}],"circlet_count":0,"master_deck":["Gremlin:Strike","Gremlin:Strike","Gremlin:Strike","Gremlin:Defend","Gremlin:Defend+1","Gremlin:Defend","Gremlin:TagTeam+1","Gremlin:GremlinDance","Gremlin:Irritability","Gremlin:Pinprick","Discovery","Gremlin:RageBreak+1","Gremlin:SharpenBlades+1","Gremlin:Flurry","Gremlin:GremlinMeal","Gremlin:Unforgiving","Gremlin:ProperTools","Gremlin:BubbleBarrier","Gremlin:Erupt","CurseOfTheBell","Gremlin:BulkUp","Gremlin:SharpenBlades+1","Gremlin:Raid","Gremlin:Stupend","Gremlin:Pickpocket","Gremlin:FollowThrough","Gremlin:Duplicate","Gremlin:ArmsTheft+1"],"relics":["Gremlin:GremlinKnob","TungstenRod","PreservedInsect","BargainBundle","Vajra","Replay:Wax Seal","Membership Card","Ginger","Ornamental Fan","Replay:Multitool","Centennial Puzzle","Calling Bell","Bag of Preparation","Frozen Egg 2","Unceasing Top","Replay:Mystery Machine","Happy Flower","Bottled Flame","Replay:Bandana","Runic Dome"],"acts_visited":["Exordium","TheCity","TheBeyond"],"potions_floor_usage":[31,31,35],"damage_taken":[{"damage":0.0,"enemies":"Small Slimes","floor":1.0,"turns":2.0},{"damage":0.0,"enemies":"2 Louse","floor":5.0,"turns":2.0},{"damage":5.0,"enemies":"Lagavulin","floor":6.0,"turns":6.0},{"damage":1.0,"enemies":"3 Sentries","floor":8.0,"turns":2.0},{"damage":6.0,"enemies":"Jaw Worm","floor":12.0,"turns":2.0},{"damage":2.0,"enemies":"Looter","floor":15.0,"turns":3.0},{"damage":13.0,"enemies":"Exordium Thugs","floor":16.0,"turns":9.0},{"damage":4.0,"enemies":"Hexaghost","floor":18.0,"turns":5.0},{"damage":12.0,"enemies":"Shell Parasite","floor":20.0,"turns":3.0},{"damage":2.0,"enemies":"2 Thieves","floor":24.0,"turns":4.0},{"damage":48.0,"enemies":"Book of Stabbing","floor":25.0,"turns":6.0},{"damage":4,"enemies":"Shelled Parasite and Fungi","floor":26,"turns":3},{"damage":0,"enemies":"Snecko","floor":29,"turns":2},{"damage":0,"enemies":"Slavers","floor":31,"turns":3},{"damage":12,"enemies":"Centurion and Healer","floor":33,"turns":4},{"damage":52,"enemies":"Automaton","floor":35,"turns":9},{"damage":4,"enemies":"3 Shapes","floor":37,"turns":4},{"damage":0,"enemies":"Orb Walker","floor":38,"turns":2},{"damage":0,"enemies":"3 Darklings","floor":40,"turns":1}],"seed_played":"6596431530170531848","potions_obtained":[{"floor":8.0,"key":"Energy Potion"},{"floor":15.0,"key":"Energy Potion"},{"floor":16.0,"key":"Explosive Potion"},{"floor":18.0,"key":"Elixir"},{"floor":24.0,"key":"Strength Potion"},{"floor":26,"key":"AttackPotion"},{"floor":29,"key":"Swift Potion"},{"floor":37,"key":"Regen Potion"},{"floor":38,"key":"SkillPotion"}],"is_trial":false,"path_per_floor":["M","$","?","?","M","E","?","E","PTL","PTL","T","M","?","R","M","M","R","B",null,"M","?","T","?","M","E","M","R","T","M","?","E","R","M","R","B",null,"M","M","?","M"],"character_chosen":"GREMLIN","items_purchased":["PreservedInsect","BargainBundle","Vajra","Gremlin:Irritability","Gremlin:Pinprick","jedi:StrikingPotion","DistilledChaos","jedi:holywater","Discovery","Replay:Wax Seal","Membership Card","Gremlin:SharpenBlades"],"campfire_rested":2,"item_purchase_floors":[0,0,0,0,0,0,0,0,0,2,2,2],"current_hp_per_floor":[20,20,17,20,20,20,21,21,21,21,21,14,14,20,18,8,14,17,21,9,9,9,9,19,9,21,20,20,20,20,5,11,8,14,20,20,16,16,16,16,16],"gold":739,"neow_bonus":"","is_daily":false,"chose_seed":false,"campfire_upgraded":0,"win_rate":0.0,"timestamp":1608171816,"path_taken":["M","$","?","?","M","E","?","E","PTL","PTL","T","?","?","R","M","M","R","BOSS","M","?","?","?","M","E","M","R","T","?","?","E","R","?","R","BOSS","M","M","?","M"],"items_purchased_type":["Relic","Relic","Relic","Card","Card","Potion","Potion","Potion","Card","Relic","Relic","Card"],"build_version":"2020-12-13","purchased_purges":1,"victory":false,"max_hp_per_floor":[20,20,20,20,20,20,21,21,21,21,21,21,21,21,21,21,21,21,21,21,21,21,21,21,21,21,20,20,20,20,20,20,20,20,20,20,20,20,20,20,20],"relic_stats":{"Centennial Puzzle":[30],"Happy Flower":[9],"counters":[100,405],"Ornamental Fan":[104],"PreservedInsect":140,"Bag of Preparation":[22],"Ginger":[0],"obtain_stats":[{"Ice Cream":9,"Gremlin:StolenMerchandise":20,"Vajra":9,"Ginger":6,"jedi:shrinkray":22,"Sozu":34,"Lizard Tail":5,"Centennial Puzzle":13,"DollysMirror":41,"Strawberry":19,"Philosopher\u0027s Stone":34,"Iron Hammer":12,"Kunai":9,"Toxic Egg 2":0,"Replay:Wax Seal":23,"Happy Flower":25,"ReplayTheSpireMod:CursedCoin":2,"Counterbalance":0,"HollowMod:JonisBlessing":22,"Velvet Choker":17,"Eternal Feather":9,"Pen Nib":43,"Runic Dome":36,"Bottled Flame":48,"ReplayTheSpireMod:Shallot":43,"Simple Rune":7,"Unceasing Top":19,"Lantern":27,"Angel_Ring":7,"Painkiller Herb":17,"Replay:Multitool":11,"Bag of Preparation":19,"Mythril_Glove":26,"Replay:Mystery Machine":22,"Ancient Tea Set":41,"Nunchaku":2,"Dream Catcher":14,"Replay:Bandana":31,"theSleuth:Tectrixcalibur":36,"energizedSpire:HugeHouse":17,"Red Mask":38,"InkBottle":9,"BargainBundle":0,"ReplayTheSpireMod:Ninjato":29,"NeowsBlessing":0,"Golden Idol":14,"Thread and Needle":28,"PreservedInsect":0,"Protect_Vest":43,"Frozen Egg 2":19,"Calling Bell":19,"Ornamental Fan":8,"Gremlin:GremlinKnob":0,"betterThird:SlimedRelic":7,"Orrery":0,"Gremlin:PricklyShields":10,"Gem_Box":34,"Membership Card":2,"ReplayTheSpireMod:Lightbulb":8,"jedi:arcanewood":23,"TungstenRod":6,"ReplayTheSpireMod:ShopPack":14},{"Ice Cream":3,"Gremlin:StolenMerchandise":9,"Vajra":25,"Ginger":84,"jedi:shrinkray":70,"Sozu":16,"Lizard Tail":25,"Centennial Puzzle":86,"DollysMirror":39,"Strawberry":69,"Philosopher\u0027s Stone":74,"Iron Hammer":26,"Kunai":57,"Toxic Egg 2":23,"Replay:Wax Seal":31,"Happy Flower":92,"ReplayTheSpireMod:CursedCoin":24,"Counterbalance":44,"HollowMod:JonisBlessing":30,"Velvet Choker":51,"Eternal Feather":63,"Pen Nib":19,"Runic Dome":97,"Bottled Flame":22,"ReplayTheSpireMod:Shallot":79,"Simple Rune":48,"Unceasing Top":89,"Lantern":32,"Angel_Ring":3,"Painkiller Herb":28,"Replay:Multitool":85,"Bag of Preparation":89,"Mythril_Glove":32,"Replay:Mystery Machine":90,"Ancient Tea Set":19,"Nunchaku":59,"Dream Catcher":67,"Replay:Bandana":95,"theSleuth:Tectrixcalibur":17,"energizedSpire:HugeHouse":7,"Red Mask":76,"InkBottle":48,"BargainBundle":81,"ReplayTheSpireMod:Ninjato":73,"NeowsBlessing":53,"Golden Idol":50,"Thread and Needle":13,"PreservedInsect":81,"Protect_Vest":39,"Frozen Egg 2":89,"Calling Bell":89,"Ornamental Fan":85,"Gremlin:GremlinKnob":0,"betterThird:SlimedRelic":25,"Orrery":23,"Gremlin:PricklyShields":48,"Gem_Box":36,"Membership Card":82,"ReplayTheSpireMod:Lightbulb":25,"jedi:arcanewood":71,"TungstenRod":62,"ReplayTheSpireMod:ShopPack":6},{"Ice Cream":8,"Gremlin:StolenMerchandise":33,"Vajra":100,"Ginger":343,"jedi:shrinkray":287,"Sozu":65,"Lizard Tail":100,"Centennial Puzzle":347,"DollysMirror":153,"Strawberry":284,"Philosopher\u0027s Stone":308,"Iron Hammer":102,"Kunai":229,"Toxic Egg 2":94,"Replay:Wax Seal":128,"Happy Flower":377,"ReplayTheSpireMod:CursedCoin":98,"Counterbalance":175,"HollowMod:JonisBlessing":123,"Velvet Choker":217,"Eternal Feather":251,"Pen Nib":77,"Runic Dome":398,"Bottled Flame":87,"ReplayTheSpireMod:Shallot":324,"Simple Rune":198,"Unceasing Top":364,"Lantern":132,"Angel_Ring":8,"Painkiller Herb":115,"Replay:Multitool":345,"Bag of Preparation":364,"Mythril_Glove":132,"Replay:Mystery Machine":367,"Ancient Tea Set":77,"Nunchaku":235,"Dream Catcher":271,"Replay:Bandana":385,"theSleuth:Tectrixcalibur":67,"energizedSpire:HugeHouse":26,"Red Mask":312,"InkBottle":198,"BargainBundle":333,"ReplayTheSpireMod:Ninjato":302,"NeowsBlessing":222,"Golden Idol":207,"Thread and Needle":50,"PreservedInsect":333,"Protect_Vest":153,"Frozen Egg 2":364,"Calling Bell":364,"Ornamental Fan":345,"Gremlin:GremlinKnob":0,"betterThird:SlimedRelic":100,"Orrery":94,"Gremlin:PricklyShields":198,"Gem_Box":147,"Membership Card":335,"ReplayTheSpireMod:Lightbulb":100,"jedi:arcanewood":291,"TungstenRod":248,"ReplayTheSpireMod:ShopPack":17}],"TungstenRod":46,"Unceasing Top":[1]},"card_choices":[{"not_picked":["Gremlin:ShankStone","Gremlin:BulkUp"],"picked":"Gremlin:RageBreak","floor":1.0},{"not_picked":["Gremlin:ToeStub","Gremlin:Dazzle"],"picked":"Gremlin:Flurry","floor":5.0},{"not_picked":["Gremlin:Encore","Gremlin:Tadah"],"picked":"Gremlin:GremlinMeal","floor":6.0},{"not_picked":["Gremlin:Glimmer","Gremlin:Flurry"],"picked":"Gremlin:Unforgiving","floor":8.0},{"not_picked":["Gremlin:Pretaliation","Gremlin:Changeo"],"picked":"Gremlin:ProperTools","floor":12.0},{"not_picked":["Gremlin:PartyStick","Gremlin:ToeStub"],"picked":"Gremlin:BubbleBarrier","floor":15.0},{"not_picked":["Gremlin:Changeo","Gremlin:PourSalt","Gremlin:ToeStub"],"picked":"SKIP","floor":16.0},{"not_picked":["Gremlin:Duplicate","Gremlin:FlipOut"],"picked":"Gremlin:Erupt","floor":18.0},{"not_picked":["Gremlin:PourSalt+1","Gremlin:Polish+1"],"picked":"Gremlin:BulkUp","floor":20.0},{"not_picked":["Gremlin:BurlyBlow","Gremlin:GremlinArms"],"picked":"Gremlin:Raid","floor":24.0},{"not_picked":["Gremlin:Pretaliation","Gremlin:CatScratch","Gremlin:BulkUp"],"picked":"SKIP","floor":25.0},{"not_picked":["Gremlin:GlitterGuard","Gremlin:Polish+1","Gremlin:GremlinOffensive"],"picked":"SKIP","floor":26},{"not_picked":["Gremlin:Scatter","Gremlin:Jeer"],"picked":"Gremlin:Stupend","floor":29},{"not_picked":["Gremlin:ShadowShiv+1","Gremlin:PourSalt+1"],"picked":"Gremlin:Pickpocket","floor":31},{"not_picked":["Gremlin:TwistTheKnife","Gremlin:DaggerDance"],"picked":"Gremlin:FollowThrough","floor":33},{"not_picked":["Gremlin:ShadowShiv+1","Gremlin:Nob+1"],"picked":"Gremlin:Duplicate","floor":35},{"not_picked":["Gremlin:ToeStub+1","Gremlin:Changeo+1"],"picked":"Gremlin:ArmsTheft+1","floor":37},{"not_picked":["Gremlin:MakeshiftArmor+1","Gremlin:Presto","Gremlin:Tadah+1"],"picked":"SKIP","floor":38}],"player_experience":1050629,"relics_obtained":[{"floor":6.0,"key":"Ginger"},{"floor":8.0,"key":"Ornamental Fan"},{"floor":11.0,"key":"Replay:Multitool"},{"floor":19.0,"key":"Bag of Preparation"},{"floor":19.0,"key":"Frozen Egg 2"},{"floor":19.0,"key":"Unceasing Top"},{"floor":22.0,"key":"Replay:Mystery Machine"},{"floor":25.0,"key":"Happy Flower"},{"floor":28,"key":"Bottled Flame"},{"floor":31,"key":"Replay:Bandana"}],"event_choices":[{"damage_healed":20.0,"max_hp_gain":0.0,"max_hp_loss":20.0,"gold_gain":0.0,"event_name":"betterThird:BetterShining","player_choice":"Upgrade","floor":3.0,"gold_loss":0.0,"damage_taken":4.0,"cards_upgraded":["Gremlin:TagTeam","Gremlin:Defend"]},{"damage_healed":5.0,"max_hp_gain":0.0,"max_hp_loss":0.0,"gold_gain":0.0,"event_name":"The Cleric","player_choice":"Healed","floor":4.0,"gold_loss":35.0,"damage_taken":0.0},{"damage_healed":0.0,"max_hp_gain":5.0,"max_hp_loss":0.0,"gold_gain":0.0,"event_name":"Big Fish","player_choice":"Donut","floor":7.0,"gold_loss":0.0,"damage_taken":0.0},{"damage_healed":0.0,"max_hp_gain":0.0,"max_hp_loss":0.0,"gold_gain":0.0,"event_name":"Dead Adventurer","player_choice":"Searched \u00271\u0027 times","floor":13.0,"gold_loss":0.0,"damage_taken":0.0,"relics_obtained":["Centennial Puzzle"]},{"cards_removed":["Gremlin:Unforgiving"],"damage_healed":0.0,"max_hp_gain":0.0,"max_hp_loss":0.0,"gold_gain":0.0,"event_name":"betterNote:BetterNote","player_choice":"Give","floor":21.0,"gold_loss":0.0,"damage_taken":0.0,"cards_obtained":["Gremlin:SharpenBlades"]},{"damage_healed":0.0,"max_hp_gain":0.0,"max_hp_loss":0.0,"gold_gain":0.0,"event_name":"Duplicator","player_choice":"Copied","floor":23.0,"gold_loss":0.0,"damage_taken":0.0,"cards_obtained":["Gremlin:SharpenBlades"]},{"cards_removed":["Gremlin:Defend"],"damage_healed":0,"gold_gain":0,"player_choice":"Offered Basic","damage_taken":0,"max_hp_gain":0,"max_hp_loss":0,"event_name":"Bonfire Elementals","floor":30,"gold_loss":0},{"damage_healed":0,"gold_gain":0,"player_choice":"Ignored","damage_taken":0,"max_hp_gain":0,"max_hp_loss":0,"event_name":"Mysterious Sphere","floor":39,"gold_loss":0}],"is_beta":false,"boss_relics":[{"not_picked":["Black Star","Replay:Bronze Core"],"picked":"Calling Bell"},{"not_picked":["Gremlin:GremlinBomb","Replay:Drink Me"],"picked":"Runic Dome"}],"items_purged_floors":[0],"is_endless":false,"potions_floor_spawned":[8,15,16,18,24,26,29,37,38],"killed_by":"3 Darklings","ascension_level":4}}