{"host":"pletss163z7s8pvv","time":1608174641,"event":{"mods":["AchievementEnabler","BaseMod","Colored Map","Colored Powertips","Minty Spire (QoL Compilation)"],"gold_per_floor":[113,113,127,146,161,193,193,193,193,237,237,16,16,39,39,163,163,178,178,30,30,30,74,114,129,129,129,154,154,169,169,169],"floor_reached":31,"playtime":627,"items_purged":[],"score":483,"play_id":"f5c5dd40-dbe1-4753-828c-b6f4811310b3","local_time":"20201216211041","daily_mods":["Cursed Run","Red Cards","DeadlyEvents"],"is_ascension_mode":false,"campfire_choices":[{"floor":7,"key":"REST"},{"floor":11,"key":"REST"},{"data":"Fire Breathing","floor":15,"key":"SMITH"},{"floor":27,"key":"REST"},{"floor":29,"key":"REST"}],"circlet_count":0,"master_deck":["Strike_B","Strike_B","Strike_B","Strike_B","Defend_B","Defend_B","Defend_B","Defend_B","Zap","Dualcast","Seeing Red+1","Ball Lightning","Fire Breathing+1","Leap","True Grit","Injury","Decay","Beam Cell","Sword Boomerang","The Bomb","Normality","Writhe","Multi-Cast","Iron Wave+1","Fire Breathing","Dual Wield","Twin Strike+1","Thunderclap","Core Surge","Twin Strike+1","Decay","Immolate","Tempest"],"relics":["Cursed Key","Darkstone Periapt","Du-Vu Doll","Lantern","Golden Idol","Pantograph","Singing Bowl","Orrery","Nloth\u0027s Gift","Shuriken","StoneCalendar","Question Card"],"acts_visited":["Exordium","TheCity"],"potions_floor_usage":[],"damage_taken":[{"damage":11,"enemies":"Jaw Worm","floor":1,"turns":3},{"damage":0,"enemies":"Cultist","floor":3,"turns":3},{"damage":0,"enemies":"2 Louse","floor":4,"turns":2},{"damage":19,"enemies":"Exordium Wildlife","floor":5,"turns":4},{"damage":9,"enemies":"3 Sentries","floor":6,"turns":5},{"damage":7,"enemies":"Lagavulin","floor":10,"turns":6},{"damage":9,"enemies":"2 Fungi Beasts","floor":14,"turns":3},{"damage":0,"enemies":"Slime Boss","floor":16,"turns":4},{"damage":3,"enemies":"Chosen","floor":18,"turns":4},{"damage":36,"enemies":"Slavers","floor":23,"turns":5},{"damage":29,"enemies":"Book of Stabbing","floor":24,"turns":4},{"damage":29,"enemies":"Spheric Guardian","floor":25,"turns":4},{"damage":41,"enemies":"Snake Plant","floor":28,"turns":4},{"damage":17,"enemies":"Sentry and Sphere","floor":30,"turns":4},{"damage":28,"enemies":"Gremlin Leader","floor":31,"turns":3}],"seed_played":"-6263242178661721516","potions_obtained":[{"floor":1,"key":"Swift Potion"},{"floor":3,"key":"Swift Potion"},{"floor":16,"key":"Dexterity Potion"},{"floor":28,"key":"Weak Potion"}],"is_trial":true,"path_per_floor":["M","?","M","M","M","E","R","?","T","E","R","$","T","M","R","B",null,"M","?","$","?","$","E","E","M","T","R","M","R","M","E"],"character_chosen":"DEFECT","items_purchased":["Sword Boomerang","The Bomb","Orrery"],"campfire_rested":4,"item_purchase_floors":[12,12,20],"current_hp_per_floor":[64,64,64,64,45,36,58,64,70,63,87,87,93,86,86,101,101,98,98,100,100,100,64,35,8,14,47,6,39,22,0,0],"gold":169,"neow_bonus":"","is_daily":false,"chose_seed":false,"campfire_upgraded":1,"win_rate":0.0,"timestamp":1608174641,"path_taken":["M","?","M","M","M","E","R","?","T","?","R","$","?","M","R","BOSS","M","?","$","?","$","?","E","M","T","R","M","R","M","?"],"items_purchased_type":["Card","Card","Relic"],"build_version":"2020-12-13","purchased_purges":0,"victory":false,"max_hp_per_floor":[75,75,75,75,75,75,75,81,87,87,87,87,93,95,95,101,101,101,101,103,103,103,103,103,105,111,111,111,111,111,111,111],"card_choices":[{"not_picked":["Tempest","Sever Soul"],"picked":"Seeing Red","floor":1},{"not_picked":["Havoc","True Grit"],"picked":"Ball Lightning","floor":3},{"not_picked":["True Grit","Feel No Pain"],"picked":"Fire Breathing","floor":4},{"not_picked":["Seeing Red","Turbo"],"picked":"Leap","floor":5},{"not_picked":["Bloodletting","Reinforced Body"],"picked":"True Grit","floor":6},{"not_picked":["Anger","Reckless Charge"],"picked":"Beam Cell","floor":10},{"not_picked":["Body Slam","Darkness","Turbo"],"picked":"Singing Bowl","floor":14},{"not_picked":["Thunder Strike","Bludgeon"],"picked":"Multi-Cast","floor":16},{"not_picked":["Go for the Eyes+1","Coolheaded"],"picked":"Iron Wave+1","floor":18},{"not_picked":["Exhume","Rebound","Glacier+1"],"picked":"Singing Bowl","floor":20},{"not_picked":["Redo","Streamline"],"picked":"Fire Breathing","floor":20},{"not_picked":["Compile Driver+1","Darkness"],"picked":"Dual Wield","floor":20},{"not_picked":["Heavy Blade","Conserve Battery"],"picked":"Twin Strike+1","floor":20},{"not_picked":["Sunder+1","Clothesline"],"picked":"Thunderclap","floor":20},{"not_picked":["Dual Wield","Steam"],"picked":"Core Surge","floor":23},{"not_picked":["Disarm","Capacitor"],"picked":"Twin Strike+1","floor":24},{"not_picked":["Conserve Battery+1","Metallicize","Thunderclap"],"picked":"Singing Bowl","floor":25},{"not_picked":["Steam","Clash","Anger"],"picked":"Immolate","floor":28},{"not_picked":["Whirlwind","Pommel Strike","Gash"],"picked":"Tempest","floor":30}],"player_experience":385750,"relics_obtained":[{"floor":6,"key":"Lantern"},{"floor":9,"key":"Pantograph"},{"floor":10,"key":"Singing Bowl"},{"floor":13,"key":"Letter Opener"},{"floor":23,"key":"Shuriken"},{"floor":24,"key":"StoneCalendar"},{"floor":26,"key":"Question Card"}],"event_choices":[{"damage_healed":0,"gold_gain":0,"player_choice":"Grow","damage_taken":0,"max_hp_gain":0,"max_hp_loss":0,"event_name":"Living Wall","floor":2,"gold_loss":0,"cards_upgraded":["Seeing Red"]},{"damage_healed":0,"gold_gain":0,"player_choice":"Take Wound","damage_taken":0,"relics_obtained":["Golden Idol"],"max_hp_gain":0,"max_hp_loss":0,"event_name":"Golden Idol","floor":8,"gold_loss":0,"cards_obtained":["Injury"]},{"damage_healed":0,"gold_gain":0,"player_choice":"Ignored","damage_taken":0,"max_hp_gain":0,"max_hp_loss":0,"event_name":"Vampires","floor":19,"gold_loss":0},{"damage_healed":0,"gold_gain":0,"player_choice":"Traded Relic","damage_taken":0,"relics_obtained":["Nloth\u0027s Gift"],"max_hp_gain":0,"max_hp_loss":0,"event_name":"N\u0027loth","floor":21,"relics_lost":["Letter Opener"],"gold_loss":0}],"is_beta":false,"boss_relics":[{"not_picked":["Runic Pyramid","Busted Crown","Snecko Eye"]}],"items_purged_floors":[],"is_endless":false,"potions_floor_spawned":[1,3,16,28],"killed_by":"Gremlin Leader","ascension_level":0}}