{"host":"5nj7t8259370g0gl","time":1608196165,"event":{"mods":["AchievementEnabler","BaseMod","Bestiary","Colored Map","Colored Powertips","Displayed Cursed Tome","Downfall","Minty Spire (QoL Compilation)","Permanent Neow","Relic Sorter","Shop Mod","StSLib"],"gold_per_floor":[109,500109,500124,499785,499785,499815,499841,499573,499622,499653,499330,499356,499356,499390,499402,499515,499527,499555,499286,499286,499067,499098,499131,499158,499169,499169,499194,499225,499225,499259,499271,499271,499368,499368,499386,499386,499024,499052,499085,499110,498776,498808,498808,498831,498841,498870,498899,498538,498538,498538],"floor_reached":51,"playtime":3786,"items_purged":["champ:BerserkersShout","champ:Encircle","champ:BerserkerStyle","champ:BerserkerStyle","champ:Shatter+1"],"score":1560,"play_id":"1b9f3c85-f6df-49a0-a1b3-7f9c95b395b3","local_time":"20201217200925","daily_mods":["SealedDeck","Flight","DeadlyEvents"],"is_ascension_mode":true,"campfire_choices":[{"data":"champ:DeathBlow","floor":13.0,"key":"SMITH"},{"data":"champ:Improvising","floor":15.0,"key":"SMITH"},{"data":"champ:HeartStrike","floor":29,"key":"SMITH"},{"data":"champ:FocusedBerserking","floor":32,"key":"SMITH"},{"data":"champ:HeartStrike","floor":49,"key":"SMITH"}],"circlet_count":0,"master_deck":["champ:RageSigil+1","champ:RecklessLeap+1","champ:Encircle+1","champ:HeartStrike+1","champ:AdrenalArmor+1","champ:FocusedBerserking+1","champ:DeathBlow+1","champ:Improvising+1","champ:RageSigil+1","champ:AdrenalArmor+1","champ:FocusedBerserking+1","champ:Backstep+1","champ:SwordThrow","champ:HeartStrike+1","champ:RageSigil+1","champ:GutPunch","champ:RageSigil+1","champ:EnragedBash"],"relics":["champ:ChampionCrown","Membership Card","champ:FightingForDummies","Bag of Preparation","Bag of Marbles","Du-Vu Doll","ClockworkSouvenir","Boot","Matryoshka","Toy Ornithopter","Tiny Chest","Blood Vial","White Beast Statue","Pen Nib","Frozen Eye","Strawberry","MawBank","Cursed Key","Question Card","InkBottle","Guardian:PocketSentry","MealTicket","DollysMirror","CaptainsWheel","Toxic Egg 2","Bottled Tornado","Calipers","HornCleat","Sundial","Coffee Dripper","Mercury Hourglass","Whetstone","Medical Kit","Ancient Tea Set","Lantern","champ:DefensiveTrainingManual","PreservedInsect","Omamori","OrangePellets","Vajra","Letter Opener","War Paint","Dream Catcher","Singing Bowl","Darkstone Periapt","Frozen Egg 2","Akabeko","Lee\u0027s Waffle"],"acts_visited":["Exordium","TheCity","TheBeyond"],"potions_floor_usage":[],"damage_taken":[{"damage":25.0,"enemies":"2 Louse","floor":1.0,"turns":2.0},{"damage":39.0,"enemies":"Small Slimes","floor":3.0,"turns":2.0},{"damage":70.0,"enemies":"3 Sentries","floor":6.0,"turns":3.0},{"damage":54.0,"enemies":"Lagavulin","floor":7.0,"turns":3.0},{"damage":44.0,"enemies":"3 Sentries","floor":10.0,"turns":3.0},{"damage":28.0,"enemies":"Gremlin Nob","floor":12.0,"turns":2.0},{"damage":70.0,"enemies":"3 Sentries","floor":14.0,"turns":4.0},{"damage":85.0,"enemies":"Hexaghost","floor":16.0,"turns":4.0},{"damage":32,"enemies":"Chosen","floor":18,"turns":2},{"damage":75,"enemies":"Book of Stabbing","floor":22,"turns":2},{"damage":68,"enemies":"Gremlin Leader","floor":23,"turns":2},{"damage":96,"enemies":"Slavers","floor":24,"turns":3},{"damage":50,"enemies":"Shell Parasite","floor":25,"turns":2},{"damage":89,"enemies":"Gremlin Leader","floor":27,"turns":2},{"damage":75,"enemies":"Book of Stabbing","floor":28,"turns":3},{"damage":78,"enemies":"Gremlin Leader","floor":30,"turns":3},{"damage":44,"enemies":"Shelled Parasite and Fungi","floor":31,"turns":2},{"damage":133,"enemies":"Automaton","floor":33,"turns":3},{"damage":62,"enemies":"3 Darklings","floor":35,"turns":2},{"damage":57,"enemies":"Nemesis","floor":38,"turns":1},{"damage":89,"enemies":"Reptomancer","floor":39,"turns":2},{"damage":65,"enemies":"Giant Head","floor":40,"turns":2},{"damage":60,"enemies":"Reptomancer","floor":42,"turns":2},{"damage":43,"enemies":"Orb Walker","floor":45,"turns":1},{"damage":47,"enemies":"Nemesis","floor":46,"turns":1},{"damage":46,"enemies":"Giant Head","floor":47,"turns":3},{"damage":135,"enemies":"Time Eater","floor":50,"turns":4}],"seed_played":"-3669033774927626254","potions_obtained":[{"floor":3.0,"key":"GamblersBrew"},{"floor":6.0,"key":"SteroidPotion"},{"floor":12.0,"key":"Strength Potion"},{"floor":14.0,"key":"BlessingOfTheForge"}],"is_trial":true,"path_per_floor":["M","?","M","$","?","E","E","$","T","E","$","E","R","E","R","B",null,"M","$","?","$","E","E","E","M","T","E","E","R","E","M","R","B",null,"M","T","$","E","E","E","$","E","T","T","M","E","E","$","R","B",null],"character_chosen":"THE_CHAMP","items_purchased":["Membership Card","champ:FightingForDummies","Bag of Preparation","ClockworkSouvenir","Boot","Matryoshka","White Beast Statue","Pen Nib","Frozen Eye","Question Card","InkBottle","champ:RageSigil","Guardian:PocketSentry","MealTicket","DollysMirror","Mercury Hourglass","Whetstone","Medical Kit","champ:HeartStrike","PreservedInsect","Omamori","OrangePellets","champ:RageSigil+1","champ:EnragedBash","Frozen Egg 2","Akabeko","Lee\u0027s Waffle"],"campfire_rested":0,"item_purchase_floors":[4,4,4,8,8,8,11,11,11,19,19,19,21,21,21,37,37,37,37,41,41,41,41,41,48,48,48],"current_hp_per_floor":[90,90,90,90,90,87,90,90,90,90,90,97,97,94,94,97,97,93,93,93,93,97,97,97,102,102,102,102,102,102,102,102,102,102,102,102,102,102,102,102,102,102,102,102,102,104,106,113,113,113],"gold":498538,"neow_bonus":"","is_daily":false,"chose_seed":false,"campfire_upgraded":5,"win_rate":0.0,"timestamp":1608196165,"path_taken":["M","?","M","$","?","E","E","$","T","?","$","E","R","E","R","BOSS","M","$","?","$","?","E","E","M","T","E","E","R","E","M","R","BOSS","M","?","?","?","?","E","$","E","T","?","?","E","E","$","R","BOSS"],"items_purchased_type":["Relic","Relic","Relic","Relic","Relic","Relic","Relic","Relic","Relic","Relic","Relic","Card","Relic","Relic","Relic","Relic","Relic","Relic","Card","Relic","Relic","Relic","Card","Card","Relic","Relic","Relic"],"build_version":"2020-12-13","purchased_purges":5,"victory":true,"max_hp_per_floor":[90,90,90,90,90,90,90,90,90,90,90,97,97,97,97,97,97,97,97,97,97,97,97,97,102,102,102,102,102,102,102,102,102,102,102,102,102,102,102,102,102,102,102,102,102,104,106,113,113,113],"card_choices":[{"not_picked":["champ:Lariat","champ:GladiatorsShout","champ:DefensiveShout"],"picked":"SKIP","floor":1.0},{"not_picked":["champ:FocusedDefense","champ:DeathBlow"],"picked":"champ:FocusedBerserking","floor":3.0},{"not_picked":["champ:RisingSlash","champ:Backstep","champ:TornadoPunch"],"picked":"SKIP","floor":6.0},{"not_picked":["champ:FlashCut","champ:Duel","champ:FocusedGladiator"],"picked":"SKIP","floor":7.0},{"not_picked":["champ:IronFortress","champ:Encircle","champ:Control"],"picked":"SKIP","floor":10.0},{"not_picked":["champ:TornadoPunch","champ:BringItOn"],"picked":"champ:DeathBlow","floor":12.0},{"not_picked":["champ:RapidStrikes","champ:RisingSlash"],"picked":"champ:Improvising","floor":14.0},{"not_picked":["champ:BladeFlurry","champ:BringItOn","champ:SkillfulDodge"],"picked":"SKIP","floor":18},{"not_picked":["champ:FlashCut","champ:BerserkersShout+1","champ:ViciousMockery","champ:GutPunch"],"picked":"SKIP","floor":22},{"not_picked":["champ:ShieldThrow","champ:Aggression+1","champ:SwordSigil+1"],"picked":"champ:FocusedBerserking+1","floor":23},{"not_picked":["champ:ViciousMockery+1","champ:Haymaker","champ:TornadoPunch"],"picked":"champ:FightOn","floor":24},{"not_picked":["champ:ShieldWall","champ:Circumvent+1","champ:Backstep+1","champ:TornadoPunch"],"picked":"SKIP","floor":25},{"not_picked":["champ:CrookedStrike","champ:TornadoPunch+1","champ:RecklessLeap+1","champ:DancingMaster"],"picked":"SKIP","floor":27},{"not_picked":["champ:EnGarde+1","champ:HeartStrike","champ:PreciseThrust","champ:StanceDance+1"],"picked":"SKIP","floor":28},{"not_picked":["champ:AdrenalArmor+1","champ:DeathBlow+1","champ:BladeFlurry+1","champ:Encircle"],"picked":"SKIP","floor":30},{"not_picked":["champ:FlashCut","champ:RisingSlash+1","champ:DeathBlow"],"picked":"champ:Backstep+1","floor":31},{"not_picked":["champ:HeavySlash","champ:IgnorePain+1","champ:DancingMaster"],"picked":"champ:SwordThrow","floor":33},{"not_picked":["champ:Haymaker+1","champ:ShieldSigil+1","champ:FocusedDefense+1","champ:BerserkerStyle"],"picked":"SKIP","floor":35},{"not_picked":["champ:GladiatorsShout+1","champ:BerserkersShout+1","champ:Riposte+1","champ:Circumvent+1"],"picked":"SKIP","floor":38},{"not_picked":["champ:FaceSlap","champ:IgnorePain+1","champ:ArenaPreparation+1"],"picked":"champ:RageSigil+1","floor":39},{"not_picked":["champ:BladeFlurry","champ:Haymaker+1","champ:MurderStrike"],"picked":"champ:GutPunch","floor":40},{"not_picked":["champ:EnragedBash","champ:BladeFlurry+1","champ:EnGarde+1","champ:GladiatorsShout+1"],"picked":"SKIP","floor":42},{"not_picked":["champ:FlashCut+1","champ:RageSigil+1","champ:RecklessLeap+1","champ:BladeFlurry+1"],"picked":"SKIP","floor":45},{"not_picked":["champ:FalseCounter+1","champ:Encircle+1","champ:ShieldWall","champ:PerfectedStrike+1"],"picked":"Singing Bowl","floor":46},{"not_picked":["champ:ShieldWall","champ:GladiatorsShout+1","champ:BerserkerStyle","champ:BerserkersShout+1"],"picked":"Singing Bowl","floor":47}],"player_experience":797696,"relics_obtained":[{"floor":6.0,"key":"Bag of Marbles"},{"floor":7.0,"key":"Du-Vu Doll"},{"floor":9.0,"key":"Toy Ornithopter"},{"floor":9.0,"key":"Tiny Chest"},{"floor":10.0,"key":"Blood Vial"},{"floor":12.0,"key":"Strawberry"},{"floor":14.0,"key":"MawBank"},{"floor":22,"key":"CaptainsWheel"},{"floor":23,"key":"Toxic Egg 2"},{"floor":24,"key":"Bottled Tornado"},{"floor":27,"key":"Calipers"},{"floor":28,"key":"HornCleat"},{"floor":30,"key":"Sundial"},{"floor":38,"key":"Ancient Tea Set"},{"floor":39,"key":"Lantern"},{"floor":40,"key":"champ:DefensiveTrainingManual"},{"floor":42,"key":"Vajra"},{"floor":43,"key":"Letter Opener"},{"floor":43,"key":"War Paint"},{"floor":44,"key":"Dream Catcher"},{"floor":46,"key":"Singing Bowl"},{"floor":47,"key":"Darkstone Periapt"}],"event_choices":[{"damage_healed":0.0,"max_hp_gain":0.0,"max_hp_loss":0.0,"gold_gain":0.0,"event_name":"Liars Game","player_choice":"Ignored","floor":2.0,"gold_loss":0.0,"damage_taken":0.0},{"damage_healed":0.0,"max_hp_gain":0.0,"max_hp_loss":0.0,"gold_gain":0.0,"event_name":"Living Wall","player_choice":"Grow","floor":5.0,"gold_loss":0.0,"damage_taken":0.0,"cards_upgraded":["champ:Encircle"]},{"damage_healed":0,"gold_gain":0,"player_choice":"Forge","damage_taken":0,"max_hp_gain":0,"max_hp_loss":0,"event_name":"Accursed Blacksmith","floor":20,"gold_loss":0,"cards_upgraded":["champ:AdrenalArmor"]}],"is_beta":false,"boss_relics":[{"not_picked":["Calling Bell","Tiny House"],"picked":"Cursed Key"},{"not_picked":["Runic Pyramid","Runic Dome"],"picked":"Coffee Dripper"}],"items_purged_floors":[4,11,37,41,48],"is_endless":false,"potions_floor_spawned":[3,6,12,14,16,18,22,23,24,25,27,28,30,31,33,35,38,39,40,42,45,46,47],"ascension_level":1}}