{"host":"qwp6882a7gaon7u5","time":1608220730,"event":{"mods":["BaseMod","BetterRewards","Minty Spire (QoL Compilation)","Red Circlet Mod","Replay The Spire","Spicy Shops","StSLib","The Bug Knight","¡¾ÒÅÎï¿¨ÅÆ¡¿REMEMod"],"gold_per_floor":[112,127,127,138,151,151,151,185,263,280,280,295,325,344,344,444,444,459,475,475,475],"floor_reached":20,"playtime":1787,"items_purged":["HollowMod:NailStrikeStart","HollowMod:QuickDashStart"],"score":213,"play_id":"17827691-2cf7-4ed0-bf87-ca38a4095cac","local_time":"20201217235850","is_ascension_mode":false,"campfire_choices":[{"data":"HollowMod:CycloneSlash","floor":6,"key":"SMITH"},{"data":"HollowMod:QuirrelsAssistance","floor":15,"key":"SMITH"}],"circlet_count":0,"master_deck":["HollowMod:NailStrikeStart","HollowMod:NailStrikeStart","HollowMod:QuickDashStart","HollowMod:QuickDashStart","HollowMod:QuickDashStart","HollowMod:FocusHealStart","HollowMod:PogoStrike","HollowMod:SoulVessel","HollowMod:Grubsong","HollowMod:CycloneSlash+1","HollowMod:QuirrelsAssistance+1","HollowMod:SoulShaman","HollowMod:AwokenDreamNail","HollowMod:MothsMistake+1","HollowMod:TaintedHusks+1"],"relics":["HollowMod:VesselMask","REME_ComplimentaryCards","Omamori","ReplayTheSpireMod:CursedCoin","Replay:Baseball","Replay:Wax Seal","Mirror","Strange Spoon","Gambling Chip","Bag of Marbles","Replay:Bottled Flurry","Mango","Calling Bell","Boot","ReplayTheSpireMod:Shallot","StoneCalendar"],"acts_visited":["Exordium","TheCity"],"potions_floor_usage":[10,13,16,16],"damage_taken":[{"damage":6,"enemies":"Jaw Worm","floor":1,"turns":4},{"damage":5,"enemies":"Cultist","floor":2,"turns":4},{"damage":0,"enemies":"Small Slimes","floor":4,"turns":3},{"damage":4,"enemies":"Blue Slaver","floor":5,"turns":5},{"damage":0,"enemies":"HollowMod:MossKnight","floor":8,"turns":7},{"damage":1,"enemies":"HollowMod:HuskWarrior","floor":10,"turns":4},{"damage":8,"enemies":"Exordium Wildlife","floor":12,"turns":5},{"damage":26,"enemies":"Gremlin Nob","floor":13,"turns":5},{"damage":5,"enemies":"Looter","floor":14,"turns":2},{"damage":40,"enemies":"The Guardian","floor":16,"turns":10},{"damage":24,"enemies":"3 Byrds","floor":18,"turns":5},{"damage":25,"enemies":"Shell Parasite","floor":19,"turns":5},{"damage":0,"enemies":"Centurion and Healer","floor":20,"turns":1}],"seed_played":"-5826483682757901977","potions_obtained":[{"floor":1,"key":"PowerPotion"},{"floor":4,"key":"ColorlessPotion"},{"floor":8,"key":"SpeedPotion"},{"floor":10,"key":"ColorlessPotion"},{"floor":18,"key":"PowerPotion"}],"is_trial":false,"path_per_floor":["M","M","?","M","M","R","?","E","T","M","?","M","E","M","R","B",null,"M","M","M"],"character_chosen":"THE_BUGKNIGHT","items_purchased":["Omamori","HollowMod:SoulVessel","ReplayTheSpireMod:CursedCoin","Replay:Baseball","Adrenaline Potion","Replay:Wax Seal","Mirror","Strange Spoon"],"campfire_rested":0,"item_purchase_floors":[0,0,0,0,0,0,0,0],"current_hp_per_floor":[44,49,49,49,55,55,48,60,60,59,59,57,51,46,46,12,89,71,52,52,52],"gold":475,"neow_bonus":"","is_daily":false,"chose_seed":false,"campfire_upgraded":2,"win_rate":0.0,"timestamp":1608220730,"path_taken":["M","M","?","M","?","R","?","E","T","M","?","M","E","M","R","BOSS","M","M","?"],"items_purchased_type":["Relic","Card","Relic","Relic","Potion","Relic","Relic","Relic"],"build_version":"2020-12-13","purchased_purges":2,"victory":false,"max_hp_per_floor":[75,75,75,75,75,75,75,75,75,75,75,75,89,89,89,89,89,89,89,89,89],"card_choices":[{"not_picked":["HollowMod:DashSlash","HollowMod:CoiledNail"],"picked":"HollowMod:CycloneSlash","floor":1},{"not_picked":["HollowMod:TaintedHusks","HollowMod:DesolateDive","HollowMod:SiblingsShadow"],"picked":"SKIP","floor":2},{"not_picked":["HollowMod:HowlingWraiths","HollowMod:TaintedHusks","HollowMod:HeavyBlow"],"picked":"SKIP","floor":4},{"not_picked":["HollowMod:LifebloodCocoon","HollowMod:SoulVessel","HollowMod:QuirrelsAssistance"],"picked":"SKIP","floor":5},{"not_picked":["HollowMod:InfectedCysts","HollowMod:GreatSlash","HollowMod:FallenFury"],"picked":"SKIP","floor":8},{"not_picked":["HollowMod:NewGlowingWomb","HollowMod:GoodIntentions","HollowMod:TaintedHusks"],"picked":"SKIP","floor":10},{"not_picked":["HollowMod:SiblingsShadow","HollowMod:NewJinnsSoul"],"picked":"HollowMod:QuirrelsAssistance","floor":12},{"not_picked":["HollowMod:PureNailStrike","HollowMod:ShadowDash"],"picked":"HollowMod:SoulShaman","floor":13},{"not_picked":["HollowMod:DoubleDash","HollowMod:CoiledNail"],"picked":"HollowMod:AwokenDreamNail","floor":14},{"not_picked":["HollowMod:ShadowDash+1","HollowMod:FallenFury"],"picked":"HollowMod:MothsMistake+1","floor":18},{"not_picked":["HollowMod:SoulSplash","HollowMod:SoulEater"],"picked":"HollowMod:TaintedHusks+1","floor":19}],"player_experience":143532,"relics_obtained":[{"floor":8,"key":"Bag of Marbles"},{"floor":9,"key":"Replay:Bottled Flurry"},{"floor":13,"key":"Mango"},{"floor":17,"key":"Boot"},{"floor":17,"key":"ReplayTheSpireMod:Shallot"},{"floor":17,"key":"StoneCalendar"}],"event_choices":[{"damage_healed":0,"gold_gain":0,"player_choice":"Gave Potion","damage_taken":0,"relics_obtained":["Gambling Chip"],"max_hp_gain":0,"max_hp_loss":0,"event_name":"WeMeetAgain","floor":3,"gold_loss":0},{"cards_removed":["HollowMod:NailStrikeStart"],"damage_healed":0,"gold_gain":0,"player_choice":"Card Removal","damage_taken":7,"max_hp_gain":0,"max_hp_loss":0,"event_name":"Golden Wing","floor":7,"gold_loss":0},{"damage_healed":0,"gold_gain":0,"player_choice":"Got Potions","damage_taken":0,"max_hp_gain":0,"max_hp_loss":0,"event_name":"Lab","floor":11,"gold_loss":0}],"is_beta":false,"boss_relics":[{"not_picked":["ChewingGum","Busted Crown"],"picked":"Calling Bell"}],"items_purged_floors":[0,0],"is_endless":false,"potions_floor_spawned":[1,4,8,10,12,18],"killed_by":"Centurion and Healer","ascension_level":0}}