{"host":"l4jj3li0klahglqo","time":1608164524,"event":{"mods":["BaseMod","Conspire","Hubris","Infinite Spire","Marisa????????","Minty Spire (QoL Compilation)","Quick Restart","Replay The Spire","Shop Mod","StSLib","The Animator"],"gold_per_floor":[118,129,129,140,13,40,40,55,107,121,148,148,165,179,179,282,282,302,302,317,344,360,360,360,360],"floor_reached":24,"playtime":1068,"items_purged":["Defend_P"],"score":306,"play_id":"41a0b104-e2f6-4d02-b0c5-097f98b1aefa","local_time":"20201216182204","is_ascension_mode":true,"campfire_choices":[{"floor":7,"key":"REST"},{"data":"Eruption","floor":12,"key":"SMITH"},{"floor":15,"key":"REST"},{"floor":23,"key":"RECALL"}],"circlet_count":0,"master_deck":["Strike_P","Strike_P","Strike_P","Strike_P","Defend_P","Eruption+1","Vigilance","InnerPeace","Prostrate","MentalFortress+1","FlurryOfBlows","Ragnarok","Halt","Replay:Battleflow","Prostrate","Brilliance","Worship","Brilliance","Indignation"],"relics":["PureWater","hubris:PeanutButter","hubris:CuriousFeather","Replay:Mystery Machine","Happy Flower","Coffee Dripper","Red Mask"],"acts_visited":["Exordium","TheCity"],"potions_floor_usage":[11,11,18,21,22,24],"damage_taken":[{"damage":0,"enemies":"2 Louse","floor":1,"turns":2},{"damage":0,"enemies":"Cultist","floor":2,"turns":3},{"damage":0,"enemies":"Small Slimes","floor":4,"turns":2},{"damage":18,"enemies":"Gremlin Nob","floor":6,"turns":5},{"damage":13,"enemies":"Blue Slaver","floor":8,"turns":2},{"damage":0,"enemies":"2 Fungi Beasts","floor":10,"turns":3},{"damage":0,"enemies":"3 Sentries","floor":11,"turns":2},{"damage":0,"enemies":"Red Slaver","floor":13,"turns":2},{"damage":0,"enemies":"Large Slime","floor":14,"turns":4},{"damage":16,"enemies":"The Guardian","floor":16,"turns":7},{"damage":0,"enemies":"Shell Parasite","floor":18,"turns":4},{"damage":0,"enemies":"Spheric Guardian","floor":20,"turns":3},{"damage":0,"enemies":"Masked Bandits","floor":21,"turns":2},{"damage":14,"enemies":"Snake Plant","floor":22,"turns":3},{"damage":44,"enemies":"Nightmare","floor":24,"turns":3}],"seed_played":"-1583629859173728010","potions_obtained":[{"floor":1,"key":"BottledMiracle"},{"floor":4,"key":"Explosive Potion"},{"floor":10,"key":"Adrenaline Potion"},{"floor":14,"key":"BottledMiracle"},{"floor":20,"key":"ColorlessPotion"},{"floor":21,"key":"Fire Potion"},{"floor":22,"key":"Swift Potion"}],"is_trial":false,"path_per_floor":["M","M","?","M","$","E","R","M","T","M","E","R","M","M","R","B",null,"M","?","M","?","M","R","NM"],"character_chosen":"WATCHER","items_purchased":["MentalFortress+1"],"campfire_rested":2,"item_purchase_floors":[5],"current_hp_per_floor":[47,47,47,47,47,29,50,37,37,37,37,37,37,37,58,42,65,65,52,52,52,38,38,0,0],"gold":360,"neow_bonus":"REMOVE_TWO","is_daily":false,"chose_seed":false,"campfire_upgraded":1,"win_rate":0.0,"timestamp":1608164524,"path_taken":["M","M","?","M","?","E","R","M","T","M","E","R","M","M","R","BOSS","M","?","M","?","M","R","NM"],"items_purchased_type":["Card"],"build_version":"2020-12-13","purchased_purges":1,"victory":false,"max_hp_per_floor":[72,72,72,72,72,72,72,72,72,72,72,72,72,72,72,72,72,72,77,77,77,77,77,77,77],"card_choices":[{"not_picked":["EmptyMind","Crescendo","Replay:BluntJabs"],"picked":"SKIP","floor":1},{"not_picked":["Evaluate","FlyingSleeves"],"picked":"InnerPeace","floor":2},{"not_picked":["Perseverance","CrushJoints"],"picked":"Prostrate","floor":4},{"not_picked":["Consecrate","Vengeance"],"picked":"FlurryOfBlows","floor":6},{"not_picked":["FlyingSleeves","Fasting2"],"picked":"Ragnarok","floor":8},{"not_picked":["ClearTheMind","CrushJoints"],"picked":"Halt","floor":10},{"not_picked":["BowlingBash","EmptyBody","Replay:BluntJabs"],"picked":"SKIP","floor":11},{"not_picked":["BowlingBash","EmptyBody","Replay:BluntJabs"],"picked":"SKIP","floor":11},{"not_picked":["Replay:DivineShield","EmptyFist"],"picked":"Replay:Battleflow","floor":13},{"not_picked":["ForeignInfluence","Protect"],"picked":"Prostrate","floor":14},{"not_picked":["SpiritShield","Vault"],"picked":"Brilliance","floor":16},{"not_picked":["JustLucky","Protect+1","EmptyFist"],"picked":"SKIP","floor":18},{"not_picked":["Perseverance","Consecrate+1"],"picked":"Worship","floor":20},{"not_picked":["CutThroughFate","Worship"],"picked":"Brilliance","floor":21},{"not_picked":["SashWhip+1","Replay:BluntJabs+1"],"picked":"Indignation","floor":22}],"player_experience":1187823,"relics_obtained":[{"floor":6,"key":"hubris:CuriousFeather"},{"floor":9,"key":"Replay:Mystery Machine"},{"floor":11,"key":"Happy Flower"},{"floor":21,"key":"Red Mask"}],"event_choices":[{"damage_healed":0,"gold_gain":0,"player_choice":"Gave Potion","damage_taken":0,"relics_obtained":["hubris:PeanutButter"],"max_hp_gain":0,"max_hp_loss":0,"event_name":"WeMeetAgain","floor":3,"gold_loss":0},{"damage_healed":0,"gold_gain":0,"player_choice":"Shed Blood","damage_taken":18,"max_hp_gain":5,"max_hp_loss":0,"event_name":"Forgotten Altar","floor":19,"gold_loss":0},{"damage_healed":0,"gold_gain":0,"player_choice":"Fought Bandits","damage_taken":0,"max_hp_gain":0,"max_hp_loss":0,"event_name":"Masked Bandits","floor":21,"gold_loss":0}],"is_beta":false,"boss_relics":[{"not_picked":["Painkiller Herb","conspire:SlowCooker"],"picked":"Coffee Dripper"}],"items_purged_floors":[5],"is_endless":false,"potions_floor_spawned":[1,4,10,14,20,21,22],"killed_by":"Nightmare","ascension_level":6}}