{"host":"yecadp3kwkksam5a","time":1608199721,"event":{"mods":["BaseMod","Minty Spire (QoL Compilation)","StSLib","The Gatherer"],"gold_per_floor":[113,125,50,61,74,109,109,119,200,200,200,200,224,265,265,360,423,448,36,57,57,57,57,93,18,18,53,53,53,94,113,113,206,206,224,224,249,280,64,104,104,143,143,167,236,267,280,280,280,280],"floor_reached":51,"playtime":2632,"items_purged":["Strike_G"],"score":1502,"play_id":"74c6d8bb-3b8f-4a96-89b8-4fae069750e2","local_time":"20201217190841","is_ascension_mode":true,"campfire_choices":[{"data":"Noxious Fumes","floor":7.0,"key":"SMITH"},{"data":"Neutralize","floor":12.0,"key":"SMITH"},{"data":"Catalyst","floor":15.0,"key":"SMITH"},{"data":"After Image","floor":23.0,"key":"SMITH"},{"floor":28.0,"key":"REST"},{"data":"Leg Sweep","floor":32,"key":"SMITH"},{"data":"Footwork","floor":41,"key":"SMITH"},{"floor":49,"key":"REST"}],"circlet_count":0,"master_deck":["AscendersBane","Defend_G","Defend_G","Defend_G","Defend_G+1","Survivor","Neutralize+1","Dagger Spray","Noxious Fumes+1","Corpse Explosion+1","Dash","PiercingWail","Catalyst+1","Leg Sweep+1","After Image+1","PiercingWail","Deflect+1","Caltrops","Deadly Poison","Escape Plan","Outmaneuver","Malaise","Escape Plan","Burst","Crippling Poison+1","Deflect","Footwork+1","Well Laid Plans","Gatherer:PoisonMastery","Gatherer:BigPouch","Night Terror"],"relics":["Ring of the Snake","Gambling Chip","Pear","Golden Idol","Ginger","Tiny House","Orichalcum","Vajra","Happy Flower","Ancient Tea Set","War Paint","Velvet Choker","Tingsha","PrismaticShard","Snake Skull","PreservedInsect","Sundial","Shuriken","Paper Crane"],"acts_visited":["TheBeyond"],"potions_floor_usage":[],"damage_taken":[{"damage":4.0,"enemies":"2 Louse","floor":1.0,"turns":3.0},{"damage":4.0,"enemies":"Small Slimes","floor":2.0,"turns":4.0},{"damage":0.0,"enemies":"Jaw Worm","floor":4.0,"turns":5.0},{"damage":6.0,"enemies":"2 Fungi Beasts","floor":5.0,"turns":3.0},{"damage":18.0,"enemies":"Gremlin Nob","floor":6.0,"turns":5.0},{"damage":4.0,"enemies":"Exordium Wildlife","floor":8.0,"turns":2.0},{"damage":11.0,"enemies":"Exordium Thugs","floor":13.0,"turns":3.0},{"damage":8.0,"enemies":"3 Sentries","floor":14.0,"turns":4.0},{"damage":24.0,"enemies":"Hexaghost","floor":16.0,"turns":8.0},{"damage":19.0,"enemies":"2 Thieves","floor":18.0,"turns":4.0},{"damage":4.0,"enemies":"3 Byrds","floor":20.0,"turns":3.0},{"damage":6.0,"enemies":"Gremlin Leader","floor":24.0,"turns":6.0},{"damage":25.0,"enemies":"Slavers","floor":27.0,"turns":7.0},{"damage":15.0,"enemies":"Book of Stabbing","floor":30.0,"turns":7.0},{"damage":0,"enemies":"Centurion and Healer","floor":31,"turns":3},{"damage":48,"enemies":"Champ","floor":33,"turns":15},{"damage":4,"enemies":"Orb Walker","floor":35,"turns":7},{"damage":0,"enemies":"3 Darklings","floor":37,"turns":4},{"damage":3,"enemies":"Mind Bloom Boss Battle","floor":38,"turns":7},{"damage":9,"enemies":"Giant Head","floor":40,"turns":8},{"damage":20,"enemies":"Reptomancer","floor":42,"turns":5},{"damage":1,"enemies":"Spire Growth","floor":44,"turns":3},{"damage":0,"enemies":"Nemesis","floor":46,"turns":5},{"damage":0,"enemies":"Transient","floor":47,"turns":5},{"damage":27,"enemies":"Time Eater","floor":50,"turns":9}],"seed_played":"-5476800089291390609","potions_obtained":[{"floor":2.0,"key":"LiquidMemories"},{"floor":4.0,"key":"LiquidBronze"},{"floor":14.0,"key":"FearPotion"},{"floor":17.0,"key":"Fruit Juice"},{"floor":18.0,"key":"FairyPotion"},{"floor":35,"key":"PowerPotion"},{"floor":46,"key":"GamblersBrew"}],"is_trial":false,"path_per_floor":["M","M","?","M","M","E","R","M","T","?","?","R","M","E","R","B",null,"M","$","M","?","?","R","E","?","T","E","R","?","E","M","R","B",null,"M","?","M","?","$","E","R","E","T","M","T","E","M","?","R","B",null],"character_chosen":"THE_SILENT","items_purchased":["Deflect","Caltrops","Deadly Poison","Orichalcum","PrismaticShard","Well Laid Plans"],"campfire_rested":2,"item_purchase_floors":[19,19,19,19,39,39],"current_hp_per_floor":[61,57,57,57,51,33,33,29,39,44,44,44,33,25,25,1,70,51,51,47,47,47,47,41,41,41,16,42,42,27,27,27,12,70,66,66,66,63,63,54,54,34,34,33,33,33,33,33,59,32],"gold":280,"neow_bonus":"TEN_PERCENT_HP_BONUS","is_daily":false,"chose_seed":false,"campfire_upgraded":6,"win_rate":0.0,"timestamp":1608199721,"path_taken":["M","M","?","M","M","E","R","M","T","?","?","R","M","E","R","BOSS","M","$","M","?","?","R","E","?","T","E","R","?","E","M","R","BOSS","M","?","M","?","$","E","R","E","T","?","?","E","M","?","R","BOSS"],"items_purchased_type":["Card","Card","Card","Relic","Relic","Card"],"build_version":"2020-12-13","purchased_purges":1,"victory":true,"max_hp_per_floor":[72,72,72,72,72,72,72,72,82,87,79,79,79,79,79,79,89,89,89,89,89,89,89,89,89,89,89,89,89,89,89,89,89,89,89,89,89,89,89,89,89,89,89,89,89,89,89,89,89,89],"card_choices":[{"not_picked":["Poisoned Stab","Deflect"],"picked":"Dagger Spray","floor":1.0},{"not_picked":["Distraction","Acrobatics"],"picked":"Noxious Fumes","floor":2.0},{"not_picked":["Expertise","Cloak And Dagger"],"picked":"Corpse Explosion","floor":4.0},{"not_picked":["Prepared","Slice"],"picked":"Dash","floor":5.0},{"not_picked":["Envenom","Skewer","Prepared"],"picked":"SKIP","floor":6.0},{"not_picked":["Dagger Spray","Riddle With Holes"],"picked":"PiercingWail","floor":8.0},{"not_picked":["Cloak And Dagger","Blade Dance"],"picked":"Catalyst","floor":13.0},{"not_picked":["Prepared","Quick Slash"],"picked":"Leg Sweep","floor":14.0},{"not_picked":["Wraith Form v2","Doppelganger"],"picked":"After Image","floor":16.0},{"not_picked":["Dagger Spray","Infinite Blades"],"picked":"PiercingWail","floor":18.0},{"not_picked":["Quick Slash","Reflex","Eviscerate"],"picked":"SKIP","floor":20.0},{"not_picked":["Quick Slash","Flechettes"],"picked":"Escape Plan","floor":24.0},{"not_picked":["Distraction","Predator","Choke"],"picked":"SKIP","floor":27.0},{"not_picked":["Prepared","Sucker Punch"],"picked":"Backstab","floor":30},{"not_picked":["Bane","All Out Attack"],"picked":"Escape Plan","floor":31},{"not_picked":["Storm of Steel","Phantasmal Killer"],"picked":"Burst","floor":33},{"not_picked":["Deflect","Predator+1"],"picked":"Crippling Poison+1","floor":35},{"not_picked":["Dash","Sucker Punch"],"picked":"Deflect","floor":37},{"not_picked":["Dagger Spray","Backflip"],"picked":"Footwork","floor":38},{"not_picked":["Protect","PathToVictory","Steam"],"picked":"SKIP","floor":40},{"not_picked":["Seeing Red","Gatherer:Transmute"],"picked":"Gatherer:PoisonMastery","floor":42},{"not_picked":["Flex","SashWhip+1"],"picked":"Gatherer:BigPouch","floor":44},{"not_picked":["Gatherer:AcidicSpray+1","Beam Cell","CrushJoints+1"],"picked":"SKIP","floor":46},{"not_picked":["Gatherer:Convert","Concentrate","Crescendo"],"picked":"SKIP","floor":47}],"player_experience":211449,"relics_obtained":[{"floor":6.0,"key":"Gambling Chip"},{"floor":9.0,"key":"Pear"},{"floor":14.0,"key":"Ginger"},{"floor":24.0,"key":"Vajra"},{"floor":26.0,"key":"Happy Flower"},{"floor":27.0,"key":"Ancient Tea Set"},{"floor":30,"key":"War Paint"},{"floor":38,"key":"Tingsha"},{"floor":40,"key":"Snake Skull"},{"floor":42,"key":"PreservedInsect"},{"floor":43,"key":"Sundial"},{"floor":45,"key":"Shuriken"},{"floor":46,"key":"Paper Crane"}],"event_choices":[{"cards_removed":["Strike_G"],"damage_healed":0.0,"max_hp_gain":0.0,"max_hp_loss":0.0,"gold_gain":0.0,"event_name":"The Cleric","player_choice":"Card Removal","floor":3.0,"gold_loss":75.0,"damage_taken":0.0},{"damage_healed":0.0,"max_hp_gain":5.0,"max_hp_loss":0.0,"gold_gain":0.0,"event_name":"Big Fish","player_choice":"Donut","floor":10.0,"gold_loss":0.0,"damage_taken":0.0},{"damage_healed":0.0,"max_hp_gain":0.0,"max_hp_loss":8.0,"gold_gain":0.0,"event_name":"Golden Idol","player_choice":"Lose Max HP","floor":11.0,"gold_loss":0.0,"damage_taken":0.0,"relics_obtained":["Golden Idol"]},{"damage_healed":0.0,"max_hp_gain":0.0,"max_hp_loss":0.0,"gold_gain":0.0,"event_name":"Ghosts","player_choice":"Ignored","floor":22.0,"gold_loss":0.0,"damage_taken":0.0},{"cards_removed":["Strike_G"],"damage_healed":0.0,"max_hp_gain":0.0,"max_hp_loss":0.0,"gold_gain":0.0,"event_name":"Beggar","player_choice":"Gave Gold","floor":25.0,"gold_loss":75.0,"damage_taken":0.0},{"damage_healed":0.0,"max_hp_gain":0.0,"max_hp_loss":0.0,"gold_gain":0.0,"cards_transformed":["Strike_G","Strike_G"],"event_name":"Drug Dealer","player_choice":"Became Test Subject","floor":29.0,"gold_loss":0.0,"damage_taken":0.0,"cards_obtained":["Outmaneuver","Malaise"]},{"cards_removed":["Backstab"],"damage_healed":0,"gold_gain":0,"player_choice":"Removed Attack","damage_taken":0,"max_hp_gain":0,"max_hp_loss":0,"event_name":"Falling","floor":36,"gold_loss":0},{"damage_healed":0,"gold_gain":0,"player_choice":"Fight","damage_taken":0,"max_hp_gain":0,"max_hp_loss":0,"event_name":"MindBloom","floor":38,"gold_loss":0},{"damage_healed":0,"gold_gain":0,"cards_transformed":["Defend_G"],"player_choice":"Transformed","damage_taken":0,"max_hp_gain":0,"max_hp_loss":0,"event_name":"Transmorgrifier","floor":48,"gold_loss":0,"cards_obtained":["Night Terror"]}],"is_beta":false,"boss_relics":[{"not_picked":["Cursed Key","HoveringKite"],"picked":"Tiny House"},{"not_picked":["SacredBark","Busted Crown"],"picked":"Velvet Choker"}],"items_purged_floors":[19],"is_endless":false,"potions_floor_spawned":[2,4,5,14,18,31,35,37,44,46],"ascension_level":15}}