{"host":"x5a6cvihdukvwm3n","time":1608211857,"event":{"mods":["AlwaysNeverKeys","Aspiration","BaseMod","BetterRewards","Colored Map","Colored Powertips","Conspire","Curses Come First","Friendly Minions","GifTheSpireLib","Halation","Highlight Path","Hubris","Minty Spire (QoL Compilation)","Replay The Spire","Shop Mod","StSLib","Stuff the Spire","SuperFastMode","Synergy Search","vexMod"],"gold_per_floor":[112,122,142,160,180,214,214,214,237,257,257,18,48,48,48,144,144,163,175,185,201,201,201,213,213,281,308,308,326,343,433,433,433,433],"floor_reached":33,"playtime":1160,"items_purged":[],"score":367,"play_id":"77519b80-56ed-4f85-8f85-29c35cc368d3","local_time":"20201217143057","is_ascension_mode":true,"campfire_choices":[{"data":"Demon Form","floor":7,"key":"SMITH"},{"data":"ReplayTheSpireMod:LeadingStrike","floor":15,"key":"SMITH"},{"data":"Spot Weakness","floor":23,"key":"SMITH"},{"data":"Heavy Blade","floor":25,"key":"SMITH"},{"floor":28,"key":"REST"},{"floor":32,"key":"REST"}],"circlet_count":0,"master_deck":["Strike_R","Strike_R","Strike_R","Strike_R","Strike_R","Defend_R","Defend_R","Defend_R","Defend_R","Bash","Trip","Anger","ReplayTheSpireMod:LeadingStrike+1","Cleave","Demon Form+1","hubris:CleavingFinish","Heavy Blade+1","Whirlwind","Offering","StuffTheSpire:Incineration","Spot Weakness+1","Rampage","Massacre+1","Cleave+1","Deep Breath"],"relics":["Burning Blood","Champion Belt","Vajra","hubris:MysteriousPyramids","StuffTheSpire:GrapeVine","halation:StarCompass","Painkiller Herb","Gremlin Horn","Anchor"],"acts_visited":["Exordium","TheCity"],"potions_floor_usage":[13,20,24,27,33,33],"damage_taken":[{"damage":6,"enemies":"Cultist","floor":1,"turns":4},{"damage":13,"enemies":"Jaw Worm","floor":2,"turns":4},{"damage":3,"enemies":"2 Louse","floor":3,"turns":2},{"damage":20,"enemies":"Large Slime","floor":4,"turns":6},{"damage":0,"enemies":"2 Fungi Beasts","floor":5,"turns":2},{"damage":35,"enemies":"3 Sentries","floor":6,"turns":4},{"damage":3,"enemies":"Looter","floor":10,"turns":2},{"damage":0,"enemies":"Gremlin Nob","floor":13,"turns":2},{"damage":12,"enemies":"Slime Boss","floor":16,"turns":5},{"damage":17,"enemies":"Shell Parasite","floor":18,"turns":3},{"damage":11,"enemies":"Spheric Guardian","floor":19,"turns":3},{"damage":19,"enemies":"Centurion and Healer","floor":20,"turns":3},{"damage":8,"enemies":"Snecko","floor":21,"turns":3},{"damage":14,"enemies":"Sentry and Sphere","floor":24,"turns":4},{"damage":18,"enemies":"Gremlin Leader","floor":27,"turns":3},{"damage":19,"enemies":"Centurion and Healer","floor":29,"turns":3},{"damage":7,"enemies":"3 Cultists","floor":30,"turns":3},{"damage":84,"enemies":"Automaton","floor":33,"turns":6}],"seed_played":"-7434057099636442888","potions_obtained":[{"floor":2,"key":"BlessingOfTheForge"},{"floor":3,"key":"SpeedPotion"},{"floor":10,"key":"Energy Potion"},{"floor":16,"key":"Block Potion"},{"floor":20,"key":"Block Potion"},{"floor":29,"key":"AttackPotion"}],"is_trial":false,"path_per_floor":["M","M","M","M","M","E","R","?","T","M","?","$","E","?","R","B",null,"?","?","?","?","?","T","?","T","T","E","T","?","?","?","T","B"],"character_chosen":"IRONCLAD","items_purchased":["hubris:MysteriousPyramids"],"campfire_rested":2,"item_purchase_floors":[12],"current_hp_per_floor":[80,73,76,62,68,39,39,47,47,50,50,50,56,56,56,50,80,69,64,51,49,49,49,41,41,41,29,53,40,39,15,39,0,0],"gold":433,"neow_bonus":"RANDOM_COLORLESS","is_daily":false,"chose_seed":false,"campfire_upgraded":4,"win_rate":0.0,"timestamp":1608211857,"path_taken":["M","M","M","?","M","E","R","?","T","M","?","$","E","?","R","BOSS","?","?","?","?","?","T","?","T","T","E","T","?","?","?","T","BOSS"],"items_purchased_type":["Relic"],"build_version":"2020-12-13","purchased_purges":0,"victory":false,"max_hp_per_floor":[80,80,80,80,80,80,80,80,80,80,80,80,80,80,80,80,80,80,80,80,80,80,80,80,80,80,80,80,80,80,80,80,80,80],"card_choices":[{"not_picked":["StuffTheSpire:PlasmaPulse","Impatience"],"picked":"Trip","floor":0},{"not_picked":["Clash","Armaments","StuffTheSpire:BloodClot"],"picked":"SKIP","floor":1},{"not_picked":["conspire:ExplosiveBarrier","Clothesline"],"picked":"Anger","floor":2},{"not_picked":["Warcry","StuffTheSpire:Slingshot"],"picked":"ReplayTheSpireMod:LeadingStrike","floor":3},{"not_picked":["Perfected Strike","Armaments"],"picked":"Cleave","floor":4},{"not_picked":["Feel No Pain","Twin Strike"],"picked":"Demon Form","floor":5},{"not_picked":["StuffTheSpire:Slingshot","ReplayTheSpireMod:Strike From Hell"],"picked":"hubris:CleavingFinish","floor":6},{"not_picked":["Twin Strike","Iron Wave"],"picked":"Heavy Blade","floor":10},{"not_picked":["True Grit","Exhume"],"picked":"Whirlwind","floor":13},{"not_picked":["Impervious","StuffTheSpire:TitanForm"],"picked":"Offering","floor":16},{"not_picked":["Blood for Blood","Clash+1"],"picked":"StuffTheSpire:Incineration","floor":18},{"not_picked":["StuffTheSpire:Incineration+1","Fire Breathing+1"],"picked":"Spot Weakness","floor":19},{"not_picked":["Pommel Strike","Clash"],"picked":"Rampage","floor":20},{"not_picked":["Body Slam+1","Warcry","Sword Boomerang"],"picked":"SKIP","floor":21},{"not_picked":["Warcry","Burning Pact","Combust+1"],"picked":"SKIP","floor":24},{"not_picked":["Burning Pact","Shrug It Off"],"picked":"Massacre+1","floor":27},{"not_picked":["Armaments","Clash"],"picked":"Cleave+1","floor":29},{"not_picked":["Dual Wield","Headbutt","Shrug It Off"],"picked":"SKIP","floor":30}],"player_experience":185482,"relics_obtained":[{"floor":6,"key":"Champion Belt"},{"floor":9,"key":"Vajra"},{"floor":13,"key":"StuffTheSpire:GrapeVine"},{"floor":26,"key":"Gremlin Horn"},{"floor":27,"key":"Anchor"}],"event_choices":[{"damage_healed":0,"gold_gain":0,"player_choice":"Disagree","damage_taken":0,"max_hp_gain":0,"max_hp_loss":0,"event_name":"conspire:LoneGhost","floor":11,"gold_loss":0},{"damage_healed":0,"gold_gain":90,"player_choice":"CARD GOLD POTION ","damage_taken":24,"max_hp_gain":0,"max_hp_loss":0,"event_name":"Knowing Skull","floor":31,"potions_obtained":["LifebloodPotion"],"gold_loss":0,"cards_obtained":["Deep Breath"]}],"is_beta":false,"boss_relics":[{"not_picked":["SacredBark","aspiration:RitualDagger"],"picked":"Painkiller Herb"}],"items_purged_floors":[],"is_endless":false,"potions_floor_spawned":[2,3,10,16,20,21,29],"killed_by":"Automaton","ascension_level":4}}