{"host":"lhth1efayex2023z","time":1608246129,"event":{"mods":["BaseMod","Colored Map","Googly Eyes","Minty Spire (QoL Compilation)","StSLib"],"gold_per_floor":[118,118,136,16,31,56,56,81,107,32,32,51,76,96,96,96,96],"floor_reached":16,"playtime":697,"items_purged":["Strike_B"],"score":192,"play_id":"c0c07893-7a93-4ac9-83ce-7edc350eaf31","local_time":"20201217160209","is_ascension_mode":true,"campfire_choices":[{"data":"Zap","floor":7.0,"key":"SMITH"},{"data":"Redo","floor":11.0,"key":"SMITH"},{"floor":15.0,"key":"REST"}],"circlet_count":0,"master_deck":["AscendersBane","Strike_B","Strike_B","Defend_B","Defend_B","Defend_B","Defend_B","Zap+1","Dualcast","Glacier","Redo+1","Scrape","Gash","Beam Cell","Steam Power","Reboot","Redo","Seek"],"relics":["Cracked Core","Pen Nib","Anchor","Toy Ornithopter","Potion Belt"],"acts_visited":["Exordium"],"potions_floor_usage":[16],"damage_taken":[{"damage":7.0,"enemies":"Jaw Worm","floor":1.0,"turns":3.0},{"damage":1.0,"enemies":"Cultist","floor":3.0,"turns":4.0},{"damage":11.0,"enemies":"2 Louse","floor":5.0,"turns":2.0},{"damage":10.0,"enemies":"3 Sentries","floor":6.0,"turns":5.0},{"damage":14.0,"enemies":"Gremlin Nob","floor":8.0,"turns":4.0},{"damage":2.0,"enemies":"Lots of Slimes","floor":12.0,"turns":2.0},{"damage":16.0,"enemies":"3 Sentries","floor":13.0,"turns":8.0},{"damage":0.0,"enemies":"2 Fungi Beasts","floor":14.0,"turns":2.0},{"damage":49,"enemies":"Hexaghost","floor":16,"turns":9}],"seed_played":"-802111658076277027","potions_obtained":[{"floor":1.0,"key":"SteroidPotion"},{"floor":3.0,"key":"Fire Potion"},{"floor":6.0,"key":"Dexterity Potion"}],"is_trial":false,"path_per_floor":["M","?","M","$","M","E","R","E","T","$","R","M","E","M","R","B"],"character_chosen":"DEFECT","items_purchased":["Scrape","Gash"],"campfire_rested":1,"item_purchase_floors":[4,4],"current_hp_per_floor":[68,68,67,67,56,46,46,32,32,32,32,30,19,19,43,0,0],"gold":96,"neow_bonus":"TEN_PERCENT_HP_BONUS","is_daily":false,"chose_seed":false,"campfire_upgraded":2,"win_rate":0.0,"timestamp":1608246129,"path_taken":["M","?","M","$","M","E","R","E","T","$","R","?","E","M","R","BOSS"],"items_purchased_type":["Card","Card"],"build_version":"2020-12-13","purchased_purges":1,"victory":false,"max_hp_per_floor":[82,82,82,82,82,82,82,82,82,82,82,82,82,82,82,82,82],"card_choices":[{"not_picked":["Cold Snap","Reprogram"],"picked":"Glacier","floor":1.0},{"not_picked":["Conserve Battery","Scrape"],"picked":"Redo","floor":3.0},{"not_picked":["Hello World","Streamline"],"picked":"Beam Cell","floor":5.0},{"not_picked":["Self Repair","Undo"],"picked":"Steam Power","floor":6.0},{"not_picked":["Compile Driver","Leap"],"picked":"Reboot","floor":8.0},{"not_picked":["Ball Lightning","Sweeping Beam"],"picked":"Redo","floor":12.0},{"not_picked":["White Noise","Streamline"],"picked":"Seek","floor":13.0},{"not_picked":["Compile Driver","Rebound","Cold Snap"],"picked":"SKIP","floor":14.0}],"player_experience":361561,"relics_obtained":[{"floor":6.0,"key":"Pen Nib"},{"floor":8.0,"key":"Anchor"},{"floor":9.0,"key":"Toy Ornithopter"},{"floor":13.0,"key":"Potion Belt"}],"event_choices":[{"cards_removed":["Strike_B"],"damage_healed":0.0,"max_hp_gain":0.0,"max_hp_loss":0.0,"gold_gain":0.0,"event_name":"Bonfire Elementals","player_choice":"Offered Basic","floor":2.0,"gold_loss":0.0,"damage_taken":0.0}],"is_beta":false,"boss_relics":[],"items_purged_floors":[10],"is_endless":false,"potions_floor_spawned":[1,3,6,12],"killed_by":"Hexaghost","ascension_level":12}}