{"host":"nez9oevwwftwepnc","time":1608229206,"event":{"mods":["AchievementEnabler","Astrologer","BaseMod","Beaked The Cultist","Better Third Choice","Colored Map","Colored Powertips","Conspire","Downfall","Energized Spire","Hermit","Infinite Spire","Mathematician","Minty Spire (QoL Compilation)","Permanent Neow","Quick Restart","Random Character Mod","Shop Mod","Spikes Relics","StSLib","The Bug Knight","The Hayseed","The Hierophant","The Mystic","The Necromancer","The Runesmith","The Senshi","The Wild Card","TheArtist","slay the spire mod where everything is the same but ironclad has a cowboy hat","thorton","vexMod"],"gold_per_floor":[111,122,122,136,146,173,173,173,197,54,65,96,109,140,140,235,235,245,107,127,2,20,52,2,668,668,140,140,172,172,172,172],"floor_reached":31,"playtime":2416,"items_purged":["mysticmod:Defend_Mystic","mysticmod:Strike_Mystic","mysticmod:Strike_Mystic","mysticmod:Defend_Mystic","Pride"],"score":308,"play_id":"2c0fbce7-c41a-4129-bddd-97a4c4eda875","local_time":"20201217132006","is_ascension_mode":false,"campfire_choices":[{"floor":8,"key":"REST"},{"data":"mysticmod:ComboCaster","floor":15,"key":"SMITH"},{"data":"mysticmod:FiveFootStep","floor":28,"key":"SMITH"},{"data":"mysticmod:RapidCaster","floor":30,"key":"SMITH"}],"circlet_count":0,"master_deck":["mysticmod:Strike_Mystic","mysticmod:Strike_Mystic","mysticmod:Defend_Mystic","mysticmod:ArcaneDodge","mysticmod:ShockingGrasp","mysticmod:ComboCaster+1","mysticmod:CorrosiveTouch","mysticmod:SuddenClarity","mysticmod:ArcaneAccuracy","mysticmod:Riposte","mysticmod:IllusionOfCalm+1","mysticmod:ChargedParry+1","mysticmod:Doublecast+1","mysticmod:Stoneskin+1","mysticmod:RapidCaster+1","mysticmod:PreparedCaster+1","mysticmod:FiveFootStep+1","mysticmod:Doublecast+1","mysticmod:ComboCaster+1","Pride","Pride","mysticmod:Haste+1","Sharp Hide+1","mysticmod:StyleChange+1"],"relics":["mysticmod:SpellBook","Art of War","Bronze Scales","Vajra","Toxic Egg 2","vexMod:MemoryStick","vexMod:NewClearReactor","Bird Faced Urn","DollysMirror","vexMod:RockOfEvil","mysticmod:RunicPrism","Chemical X","Rawhide"],"acts_visited":["Exordium","TheCity"],"potions_floor_usage":[6,6,14,14],"damage_taken":[{"damage":0,"enemies":"Cultist","floor":1,"turns":4},{"damage":0,"enemies":"Small Slimes","floor":2,"turns":2},{"damage":0,"enemies":"2 Louse","floor":4,"turns":2},{"damage":4,"enemies":"Blue Slaver","floor":5,"turns":4},{"damage":37,"enemies":"Lagavulin","floor":6,"turns":8},{"damage":7,"enemies":"Gremlin Gang","floor":11,"turns":4},{"damage":6,"enemies":"HollowMod:MossKnight","floor":12,"turns":10},{"damage":5,"enemies":"3 Louse","floor":13,"turns":2},{"damage":5,"enemies":"conspire:MimicChest","floor":14,"turns":5},{"damage":1,"enemies":"Hexaghost","floor":16,"turns":9},{"damage":0,"enemies":"Chosen","floor":18,"turns":3},{"damage":4,"enemies":"Spheric Guardian","floor":20,"turns":3},{"damage":8,"enemies":"Shelled Parasite and Fungi","floor":22,"turns":4},{"damage":5,"enemies":"Book of Stabbing","floor":23,"turns":4},{"damage":14,"enemies":"Nightmare","floor":29,"turns":6},{"damage":0,"enemies":"Snake Plant","floor":31,"turns":1}],"seed_played":"-6954274012955103164","potions_obtained":[{"floor":1,"key":"champ:CounterPotion"},{"floor":2,"key":"Block Potion"},{"floor":4,"key":"SmokeBomb"},{"floor":6,"key":"champ:CounterPotion"},{"floor":11,"key":"DistilledChaos"},{"floor":20,"key":"Ancient Potion"},{"floor":22,"key":"Block Potion"}],"is_trial":false,"path_per_floor":["M","M","?","M","M","E","?","R","T","$","M","E","M","?","R","B",null,"M","$","M","$","M","E","?","AVR","T","$","R","NM","R","M"],"character_chosen":"MYSTIC_CLASS","items_purchased":["mysticmod:ArcaneAccuracy","mysticmod:RapidCaster","Chemical X","mysticmod:Haste+1","Sharp Hide+1"],"campfire_rested":1,"item_purchase_floors":[10,19,27,27,27],"current_hp_per_floor":[77,77,52,52,48,11,11,34,34,34,27,21,16,11,11,10,77,77,77,73,73,65,60,60,60,60,60,60,54,54,54,54],"gold":172,"neow_bonus":"REMOVE_CARD","is_daily":false,"chose_seed":false,"campfire_upgraded":3,"win_rate":0.0,"timestamp":1608229206,"path_taken":["M","?","?","M","M","E","?","R","T","$","M","E","M","?","R","BOSS","M","$","?","$","M","E","?","AVR","T","?","R","NM","R","M"],"items_purchased_type":["Card","Card","Relic","Card","Card"],"build_version":"2020-12-13","purchased_purges":5,"victory":false,"max_hp_per_floor":[77,77,77,77,77,77,77,77,77,77,77,77,77,77,77,77,77,77,77,77,77,77,77,77,77,77,77,77,77,77,77,77],"card_choices":[{"not_picked":["mysticmod:PureInstinct","mysticmod:KeenEdge","mysticmod:Grease"],"picked":"SKIP","floor":1},{"not_picked":["mysticmod:TomeOfSpells","mysticmod:Riposte"],"picked":"mysticmod:ComboCaster","floor":2},{"not_picked":["mysticmod:Disengage","mysticmod:Snowball"],"picked":"mysticmod:CorrosiveTouch","floor":4},{"not_picked":["mysticmod:EarthenWall","mysticmod:PureInstinct","mysticmod:MirrorStrike"],"picked":"SKIP","floor":5},{"not_picked":["mysticmod:Snowball","mysticmod:BulkUp"],"picked":"mysticmod:SuddenClarity","floor":6},{"not_picked":["mysticmod:LightningBolt","mysticmod:PunishingArmor"],"picked":"mysticmod:Riposte","floor":11},{"not_picked":["mysticmod:ObscuringMist+1","mysticmod:Probe","mysticmod:HeavyStrike"],"picked":"SKIP","floor":12},{"not_picked":["mysticmod:ComponentsPouch","mysticmod:DiviningBlow"],"picked":"mysticmod:IllusionOfCalm+1","floor":13},{"not_picked":["mysticmod:HeavyStrike","mysticmod:Sideswipe"],"picked":"mysticmod:ChargedParry+1","floor":14},{"not_picked":["mysticmod:Spellstrike","mysticmod:Haste+1"],"picked":"mysticmod:Doublecast+1","floor":16},{"not_picked":["mysticmod:Daze+1","mysticmod:Probe"],"picked":"mysticmod:Stoneskin+1","floor":18},{"not_picked":["mysticmod:LightningBolt","mysticmod:PowerSlash"],"picked":"mysticmod:PreparedCaster+1","floor":20},{"not_picked":["mysticmod:DiviningBlow","mysticmod:ComboCaster"],"picked":"mysticmod:FiveFootStep","floor":22},{"not_picked":["mysticmod:Feint","mysticmod:MirrorStrike"],"picked":"mysticmod:Doublecast+1","floor":23},{"not_picked":["mysticmod:TomeOfSpells+1","mysticmod:Sideswipe"],"picked":"mysticmod:StyleChange+1","floor":29}],"player_experience":509772,"relics_obtained":[{"floor":6,"key":"Bronze Scales"},{"floor":9,"key":"Vajra"},{"floor":12,"key":"Toxic Egg 2"},{"floor":14,"key":"vexMod:MemoryStick"},{"floor":23,"key":"Bird Faced Urn"},{"floor":26,"key":"mysticmod:RunicPrism"},{"floor":29,"key":"Rawhide"}],"event_choices":[{"damage_healed":0,"gold_gain":0,"player_choice":"Relic ","damage_taken":25,"max_hp_gain":0,"max_hp_loss":0,"event_name":"betterThird:BetterScrap","floor":3,"gold_loss":0,"cards_obtained":["Sentinel"]},{"damage_healed":0,"gold_gain":0,"player_choice":"Leave","damage_taken":0,"max_hp_gain":0,"max_hp_loss":0,"event_name":"conspire:Investor","floor":7,"gold_loss":0},{"damage_healed":0,"gold_gain":0,"player_choice":"Bet on Murderer","damage_taken":0,"max_hp_gain":0,"max_hp_loss":0,"event_name":"The Joust","floor":24,"gold_loss":50}],"is_beta":false,"boss_relics":[{"not_picked":["beaked:SacredDeck","vexMod:FluxCapacitor"],"picked":"vexMod:NewClearReactor"}],"items_purged_floors":[10,19,21,25,27],"is_endless":true,"potions_floor_spawned":[1,2,4,6,11,20,22],"killed_by":"Snake Plant","ascension_level":0}}