{"host":"o7j6aatxjwpw1421","time":1608218540,"event":{"mods":["2.2 Compatiblity","BaseMod","Colored Map","DeckTracker","Highlight Path","Keyboard Shortcuts","Minty Spire (QoL Compilation)","Permanent Neow","Quick Restart","StSLib","SuperFastMode","everything is the same but u backflip on backflip"],"gold_per_floor":[219,219,238,254,27,27,27,63,63,63,114,114,69,89,89,89,89],"floor_reached":16,"playtime":518,"items_purged":["Strike_R"],"score":113,"play_id":"16c9e0ce-494c-4803-af6c-7069c85461ae","local_time":"20201218002220","is_ascension_mode":true,"campfire_choices":[{"data":"Warcry","floor":6,"key":"SMITH"},{"floor":12,"key":"REST"},{"data":"Barricade","floor":15,"key":"SMITH"}],"circlet_count":0,"master_deck":["Strike_R","Strike_R","Strike_R","Defend_R","Defend_R","Defend_R","Defend_R","Bash","Heavy Blade","Bloodletting","Warcry+1","Barricade+1","Body Slam","Shockwave"],"relics":["Burning Blood","Golden Idol","Bag of Marbles","Self Forming Clay","Question Card","Art of War"],"acts_visited":["Exordium"],"potions_floor_usage":[],"damage_taken":[{"damage":8,"enemies":"2 Louse","floor":1,"turns":3},{"damage":0,"enemies":"Small Slimes","floor":3,"turns":3},{"damage":9,"enemies":"Cultist","floor":4,"turns":4},{"damage":38,"enemies":"3 Sentries","floor":8,"turns":8},{"damage":8,"enemies":"3 Louse","floor":14,"turns":5},{"damage":30,"enemies":"Slime Boss","floor":16,"turns":10}],"seed_played":"5059435790359871288","potions_obtained":[{"floor":3,"key":"FairyPotion"},{"floor":8,"key":"EssenceOfSteel"}],"is_trial":false,"path_per_floor":["M","?","M","M","$","R","?","E","T","?","T","R","$","M","R","B"],"character_chosen":"IRONCLAD","items_purchased":["Bag of Marbles","Body Slam"],"campfire_rested":1,"item_purchase_floors":[5,13],"current_hp_per_floor":[78,58,64,61,61,61,61,29,29,22,22,46,46,44,44,14,14],"gold":89,"neow_bonus":"HUNDRED_GOLD","is_daily":false,"chose_seed":false,"campfire_upgraded":2,"win_rate":0.0,"timestamp":1608218540,"path_taken":["M","?","M","M","$","R","?","E","T","?","?","R","?","M","R","BOSS"],"items_purchased_type":["Relic","Card"],"build_version":"2020-12-13","purchased_purges":1,"victory":false,"max_hp_per_floor":[80,80,80,80,80,80,80,80,80,80,80,80,80,80,80,80,80],"card_choices":[{"not_picked":["Iron Wave","True Grit"],"picked":"Heavy Blade","floor":1},{"not_picked":["Anger","Sever Soul"],"picked":"Bloodletting","floor":3},{"not_picked":["Fire Breathing","Headbutt"],"picked":"Warcry","floor":4},{"not_picked":["Metallicize","Cleave"],"picked":"Barricade","floor":8},{"not_picked":["Wild Strike","Headbutt","Searing Blow"],"picked":"Shockwave","floor":14}],"player_experience":256154,"relics_obtained":[{"floor":8,"key":"Self Forming Clay"},{"floor":9,"key":"Question Card"},{"floor":11,"key":"Art of War"}],"event_choices":[{"damage_healed":0,"gold_gain":0,"player_choice":"Take Damage","damage_taken":20,"relics_obtained":["Golden Idol"],"max_hp_gain":0,"max_hp_loss":0,"event_name":"Golden Idol","floor":2,"gold_loss":0},{"damage_healed":0,"gold_gain":0,"player_choice":"Ignored","damage_taken":0,"max_hp_gain":0,"max_hp_loss":0,"event_name":"Liars Game","floor":7,"gold_loss":0},{"cards_removed":["Strike_R"],"damage_healed":0,"gold_gain":0,"player_choice":"Card Removal","damage_taken":7,"max_hp_gain":0,"max_hp_loss":0,"event_name":"Golden Wing","floor":10,"gold_loss":0}],"is_beta":false,"boss_relics":[],"items_purged_floors":[5],"is_endless":false,"potions_floor_spawned":[3,8],"killed_by":"Slime Boss","ascension_level":3}}