{"host":"2461dio7vetlq1z3","time":1608245903,"event":{"mods":["2.2 Compatiblity","AchievementEnabler","BaseMod","Better Third Choice","Hermit","Marisa????????","Minty Spire (QoL Compilation)","Relic Stats","Spicy Shops","StSLib","Waifu the Spire"],"gold_per_floor":[110,121,121,131,145,145,174,174,174,208,208,233,253,184,184,261,261,276,293,50,50,50,50,77,89,101,113,159,191,203,242,254,339,351,381,412,424,456,55,55,85,85,85,120,120,120,136,153,153,153,153,153,5,40,40,40],"floor_reached":55,"playtime":2234,"items_purged":["Strike_B","Strike_B","Strike_B"],"score":1521,"play_id":"41c68db8-61d8-41b9-9041-cdfd060c03ac","local_time":"20201217235823","is_ascension_mode":true,"campfire_choices":[{"data":"Defragment","floor":6,"key":"SMITH"},{"floor":8,"key":"REST"},{"data":"Electrodynamics","floor":11,"key":"SMITH"},{"data":"White Noise","floor":15,"key":"SMITH"},{"floor":23,"key":"REST"},{"data":"Biased Cognition","floor":25,"key":"SMITH"},{"data":"Ghostly","floor":27,"key":"SMITH"},{"data":"Ghostly","floor":30,"key":"SMITH"},{"data":"Creative AI","floor":32,"key":"SMITH"},{"data":"Amplify","floor":40,"key":"SMITH"},{"floor":42,"key":"RECALL"},{"data":"Ghostly","floor":45,"key":"SMITH"},{"data":"Amplify","floor":49,"key":"SMITH"},{"data":"Coolheaded","floor":52,"key":"SMITH"}],"circlet_count":0,"master_deck":["AscendersBane","Strike_B","Defend_B","Defend_B+1","Defend_B","Defend_B","Zap","Dualcast+1","Electrodynamics+1","Defragment+1","BootSequence","Ball Lightning","Leap","Self Repair","White Noise+1","Skim","Thunder Strike","Biased Cognition+1","Ghostly+1","Ghostly+1","Ghostly+1","Hologram","Coolheaded+1","Creative AI+1","Amplify+1","Defragment+1","Coolheaded","Defragment+1","Regret","Defragment+1","Writhe","Coolheaded","Amplify+1","Capacitor"],"relics":["Cracked Core","Bottled Lightning","Question Card","Blue Candle","Mummified Hand","SacredBark","ClockworkSouvenir","MawBank","Bottled Tornado","Ancient Tea Set","Sundial","Cursed Key","Membership Card","Bag of Preparation","DollysMirror","Regal Pillow","Strawberry","Vajra"],"acts_visited":["Exordium","TheCity","TheBeyond","TheEnding"],"potions_floor_usage":[7,16,33,33,50,50,55,55],"damage_taken":[{"damage":1,"enemies":"Cultist","floor":1,"turns":3},{"damage":0,"enemies":"2 Louse","floor":2,"turns":2},{"damage":0,"enemies":"Small Slimes","floor":4,"turns":3},{"damage":8,"enemies":"Blue Slaver","floor":5,"turns":3},{"damage":15,"enemies":"Lagavulin","floor":7,"turns":6},{"damage":7,"enemies":"3 Sentries","floor":10,"turns":3},{"damage":19,"enemies":"Lagavulin","floor":12,"turns":6},{"damage":0,"enemies":"Exordium Wildlife","floor":13,"turns":2},{"damage":8,"enemies":"The Guardian","floor":16,"turns":8},{"damage":3,"enemies":"3 Byrds","floor":18,"turns":2},{"damage":26,"enemies":"Shell Parasite","floor":19,"turns":7},{"damage":0,"enemies":"Gremlin Leader","floor":28,"turns":4},{"damage":0,"enemies":"Sentry and Sphere","floor":29,"turns":2},{"damage":11,"enemies":"Book of Stabbing","floor":31,"turns":5},{"damage":0,"enemies":"Collector","floor":33,"turns":18},{"damage":0,"enemies":"Orb Walker","floor":35,"turns":3},{"damage":0,"enemies":"3 Shapes","floor":36,"turns":2},{"damage":0,"enemies":"Sphere and 2 Shapes","floor":38,"turns":3},{"damage":11,"enemies":"Giant Head","floor":41,"turns":7},{"damage":2,"enemies":"Nemesis","floor":44,"turns":5},{"damage":23,"enemies":"4 Shapes","floor":47,"turns":5},{"damage":1,"enemies":"Jaw Worm Horde","floor":48,"turns":3},{"damage":20,"enemies":"Donu and Deca","floor":50,"turns":6},{"damage":2,"enemies":"Shield and Spear","floor":54,"turns":6},{"damage":41,"enemies":"The Heart","floor":55,"turns":6}],"seed_played":"3427096135388992959","potions_obtained":[{"floor":4,"key":"Dexterity Potion"},{"floor":7,"key":"DuplicationPotion"},{"floor":16,"key":"DuplicationPotion"},{"floor":19,"key":"Energy Potion"},{"floor":28,"key":"Block Potion"},{"floor":33,"key":"LiquidMemories"},{"floor":38,"key":"EssenceOfSteel"}],"is_trial":false,"path_per_floor":["M","M","?","M","M","R","E","R","T","E","R","E","M","?","R","B",null,"M","M","$","?","?","R","T","R","T","R","E","M","R","E","R","B",null,"M","M","?","M","$","R","E","R","T","E","R","?","M","M","R","B",null,"R","$","E","B"],"character_chosen":"DEFECT","items_purchased":["ClockworkSouvenir","Membership Card","Bag of Preparation","DollysMirror","PotionOfCapacity","Capacitor","Block Potion"],"campfire_rested":2,"item_purchase_floors":[20,39,39,39,39,53,53],"current_hp_per_floor":[63,63,44,44,36,36,21,40,40,33,33,21,21,21,21,20,53,50,31,31,14,14,24,24,24,24,24,31,31,31,27,27,34,34,34,34,34,34,34,34,30,30,30,41,41,41,32,31,31,18,35,35,35,40,0,0],"gold":40,"neow_bonus":"THREE_RARE_CARDS","is_daily":false,"chose_seed":false,"campfire_upgraded":11,"win_rate":0.0,"timestamp":1608245903,"path_taken":["M","M","?","M","M","R","E","R","T","E","R","E","M","?","R","BOSS","M","M","$","?","?","R","?","R","T","R","E","M","R","E","R","BOSS","M","M","?","?","$","R","E","R","T","E","R","?","M","M","R","BOSS","R","$","E","BOSS"],"items_purchased_type":["Relic","Relic","Relic","Relic","Potion","Card","Potion"],"build_version":"2020-12-13","purchased_purges":3,"victory":false,"max_hp_per_floor":[64,64,64,64,64,64,64,64,64,64,64,64,64,64,64,64,64,64,64,64,69,34,34,34,34,34,34,34,34,34,34,34,34,34,34,34,34,34,34,34,34,34,34,41,41,41,41,41,41,41,41,41,41,41,41,41],"relic_stats":{"Regal Pillow":0,"counters":[25,120],"Mummified Hand":[233],"Sundial":[4],"Blue Candle":[10],"Bag of Preparation":[14],"Question Card":18,"MawBank":180,"Cursed Key":1,"obtain_stats":[{"Regal Pillow":41,"Blue Candle":10,"SacredBark":17,"Vajra":54,"Bag of Preparation":39,"Bottled Tornado":26,"Question Card":9,"MawBank":24,"Ancient Tea Set":28,"Cursed Key":34,"ClockworkSouvenir":20,"Mummified Hand":12,"Sundial":31,"DollysMirror":39,"Strawberry":44,"Bottled Lightning":7,"Membership Card":39,"Cracked Core":0},{"Regal Pillow":19,"Blue Candle":6,"SacredBark":9,"Vajra":24,"Bag of Preparation":18,"Bottled Tornado":11,"Question Card":5,"MawBank":11,"Ancient Tea Set":12,"Cursed Key":15,"ClockworkSouvenir":11,"Mummified Hand":7,"Sundial":14,"DollysMirror":18,"Strawberry":20,"Bottled Lightning":5,"Membership Card":18,"Cracked Core":0},{"Regal Pillow":89,"Blue Candle":20,"SacredBark":36,"Vajra":114,"Bag of Preparation":82,"Bottled Tornado":45,"Question Card":17,"MawBank":45,"Ancient Tea Set":49,"Cursed Key":74,"ClockworkSouvenir":45,"Mummified Hand":26,"Sundial":56,"DollysMirror":82,"Strawberry":94,"Bottled Lightning":17,"Membership Card":82,"Cracked Core":0}]},"card_choices":[{"not_picked":["Meteor Strike","Biased Cognition"],"picked":"Electrodynamics","floor":0},{"not_picked":["Streamline","Go for the Eyes"],"picked":"Defragment","floor":1},{"not_picked":["Streamline","Doom and Gloom"],"picked":"BootSequence","floor":2},{"not_picked":["Streamline","Chill"],"picked":"Ball Lightning","floor":4},{"not_picked":["Gash","Sweeping Beam"],"picked":"Leap","floor":5},{"not_picked":["Doom and Gloom","Chaos","Rainbow"],"picked":"SKIP","floor":7},{"not_picked":["Hologram","Storm","Sweeping Beam"],"picked":"Self Repair","floor":10},{"not_picked":["All For One","Go for the Eyes","Auto Shields"],"picked":"White Noise","floor":12},{"not_picked":["FTL","Conserve Battery","Undo"],"picked":"Skim","floor":13},{"not_picked":["Seek","Electrodynamics","All For One"],"picked":"Thunder Strike","floor":16},{"not_picked":["Conserve Battery","Streamline","Beam Cell","Go for the Eyes"],"picked":"SKIP","floor":18},{"not_picked":["Beam Cell","Go for the Eyes","Compile Driver+1"],"picked":"Biased Cognition","floor":19},{"not_picked":["Ball Lightning","Steam","Rebound"],"picked":"Hologram","floor":28},{"not_picked":["Reprogram","Compile Driver+1","Darkness"],"picked":"Coolheaded","floor":29},{"not_picked":["Auto Shields","Streamline","Barrage"],"picked":"Creative AI","floor":31},{"not_picked":["Buffer","Electrodynamics","Machine Learning"],"picked":"Amplify","floor":33},{"not_picked":["Hologram+1","Heatsinks","Go for the Eyes"],"picked":"Defragment+1","floor":35},{"not_picked":["Steam+1","Leap","Conserve Battery"],"picked":"Coolheaded","floor":36},{"not_picked":["Double Energy","Self Repair","Heatsinks","Blizzard"],"picked":"SKIP","floor":38},{"not_picked":["All For One","Rebound","Cold Snap","Steam"],"picked":"SKIP","floor":41},{"not_picked":["Multi-Cast","Steam+1","Fusion"],"picked":"Coolheaded","floor":44},{"not_picked":["Leap","Steam","Sweeping Beam+1","Conserve Battery"],"picked":"SKIP","floor":47},{"not_picked":["Cold Snap","Fusion","Darkness"],"picked":"Amplify","floor":48},{"not_picked":["Hello World","Aggregate","Hologram+1","Compile Driver+1"],"picked":"SKIP","floor":54}],"player_experience":808821,"relics_obtained":[{"floor":7,"key":"Bottled Lightning"},{"floor":9,"key":"Question Card"},{"floor":10,"key":"Blue Candle"},{"floor":12,"key":"Mummified Hand"},{"floor":24,"key":"MawBank"},{"floor":26,"key":"Bottled Tornado"},{"floor":28,"key":"Ancient Tea Set"},{"floor":31,"key":"Sundial"},{"floor":41,"key":"Regal Pillow"},{"floor":44,"key":"Strawberry"},{"floor":54,"key":"Vajra"}],"event_choices":[{"damage_healed":63,"gold_gain":0,"player_choice":"Upgrade","damage_taken":19,"max_hp_gain":0,"max_hp_loss":64,"event_name":"betterThird:BetterShining","floor":3,"gold_loss":0,"cards_upgraded":["Defend_B","Dualcast"]},{"damage_healed":0,"gold_gain":0,"player_choice":"Left","damage_taken":0,"max_hp_gain":0,"max_hp_loss":0,"event_name":"betterThird:BetterGoop","floor":14,"gold_loss":69},{"damage_healed":0,"gold_gain":0,"player_choice":"Shed Blood","damage_taken":22,"max_hp_gain":5,"max_hp_loss":0,"event_name":"Forgotten Altar","floor":21,"gold_loss":0},{"damage_healed":0,"gold_gain":0,"player_choice":"Became a Ghost","damage_taken":0,"max_hp_gain":0,"max_hp_loss":35,"event_name":"Ghosts","floor":22,"gold_loss":0,"cards_obtained":["Ghostly","Ghostly","Ghostly"]},{"damage_healed":0,"gold_gain":0,"player_choice":"Copied","damage_taken":0,"max_hp_gain":0,"max_hp_loss":0,"event_name":"Duplicator","floor":37,"gold_loss":0,"cards_obtained":["Defragment"]},{"damage_healed":0,"gold_gain":0,"player_choice":"Ignored","damage_taken":0,"max_hp_gain":0,"max_hp_loss":0,"event_name":"Tomb of Lord Red Mask","floor":46,"gold_loss":0}],"is_beta":false,"boss_relics":[{"not_picked":["Tiny House","SlaversCollar"],"picked":"SacredBark"},{"not_picked":["Sozu","Velvet Choker"],"picked":"Cursed Key"}],"items_purged_floors":[20,39,53],"is_endless":false,"potions_floor_spawned":[4,7,16,19,28,31,33,38,47,48,54],"killed_by":"The Heart","ascension_level":16}}