{"host":"m6aaltr68g9tvoay","time":1608177201,"event":{"mods":["AchievementEnabler","BaseMod","Colored Map","Minty Spire (QoL Compilation)","StSLib"],"gold_per_floor":[109,109,121,141,141,141,0,24,100,125,125,66,82,82,82,180,180,199,217,217,232,47,47,47,47,47,87,87,111,111,124,124,124,124],"floor_reached":33,"playtime":909,"items_purged":["Injury"],"score":501,"play_id":"2aa56f56-fca5-4144-b659-e972cc5951a9","local_time":"20201216195321","is_ascension_mode":true,"campfire_choices":[{"data":"Endless Agony","floor":6,"key":"SMITH"},{"floor":11,"key":"REST"},{"floor":15,"key":"REST"},{"floor":23,"key":"REST"},{"floor":25,"key":"REST"},{"data":"Envenom","floor":28,"key":"SMITH"},{"floor":32,"key":"REST"}],"circlet_count":0,"master_deck":["AscendersBane","Strike_G","Strike_G","Strike_G","Strike_G","Strike_G","Defend_G","Defend_G","Defend_G","Defend_G","Defend_G","Survivor","Neutralize+1","Endless Agony+1","Dagger Throw","Sucker Punch","Backstab","Dagger Spray","Deflect+1","Bouncing Flask+1","Bullet Time+1","Slice","Backstab","Endless Agony","Envenom+1","Backstab"],"relics":["Ring of the Snake","CultistMask","Golden Idol","Toxic Egg 2","WristBlade","MutagenicStrength","CaptainsWheel","Potion Belt"],"acts_visited":["Exordium","TheCity"],"potions_floor_usage":[8,16,19,23,29],"damage_taken":[{"damage":2,"enemies":"2 Louse","floor":1,"turns":4},{"damage":0,"enemies":"Cultist","floor":3,"turns":4},{"damage":7,"enemies":"Jaw Worm","floor":4,"turns":5},{"damage":24,"enemies":"Large Slime","floor":8,"turns":7},{"damage":10,"enemies":"Exordium Thugs","floor":10,"turns":3},{"damage":1,"enemies":"Looter","floor":13,"turns":3},{"damage":33,"enemies":"Slime Boss","floor":16,"turns":8},{"damage":7,"enemies":"Chosen","floor":18,"turns":4},{"damage":11,"enemies":"Shell Parasite","floor":19,"turns":4},{"damage":19,"enemies":"Sentry and Sphere","floor":21,"turns":5},{"damage":23,"enemies":"Slavers","floor":27,"turns":5},{"damage":15,"enemies":"Snecko","floor":29,"turns":6},{"damage":0,"enemies":"Chosen and Byrds","floor":31,"turns":2},{"damage":90,"enemies":"Automaton","floor":33,"turns":6}],"seed_played":"4589549225365259582","potions_obtained":[{"floor":4,"key":"FearPotion"},{"floor":16,"key":"BlessingOfTheForge"},{"floor":18,"key":"GhostInAJar"}],"is_trial":false,"path_per_floor":["M","?","M","M","?","R","$","M","T","M","R","$","M","?","R","B",null,"M","M","?","M","$","R","?","R","T","E","R","M","?","M","R","B"],"character_chosen":"THE_SILENT","items_purchased":["Backstab","Block Potion","Deflect+1","Fruit Juice"],"campfire_rested":5,"item_purchase_floors":[7,7,12,22],"current_hp_per_floor":[57,57,57,50,50,50,50,26,26,16,35,35,34,56,66,33,58,51,40,40,21,21,47,47,68,68,45,45,30,30,30,51,0,0],"gold":124,"neow_bonus":"UPGRADE_CARD","is_daily":false,"chose_seed":false,"campfire_upgraded":2,"win_rate":0.0,"timestamp":1608177201,"path_taken":["M","?","M","?","?","R","$","M","T","M","R","$","M","?","R","BOSS","M","M","?","M","?","R","?","R","T","E","R","M","?","?","R","BOSS"],"items_purchased_type":["Card","Potion","Card","Potion"],"build_version":"2020-12-13","purchased_purges":1,"victory":false,"max_hp_per_floor":[66,66,66,66,66,66,66,66,66,66,66,66,66,66,66,66,66,66,66,66,66,66,71,71,71,71,71,71,71,71,71,71,71,71],"card_choices":[{"not_picked":["Deadly Poison","Underhanded Strike"],"picked":"Endless Agony","floor":1},{"not_picked":["Well Laid Plans","Underhanded Strike"],"picked":"Dagger Throw","floor":3},{"not_picked":["All Out Attack","Slice"],"picked":"Sucker Punch","floor":4},{"not_picked":["Backflip","Endless Agony"],"picked":"Dagger Spray","floor":8},{"not_picked":["Quick Slash","Sucker Punch","Doppelganger+1"],"picked":"SKIP","floor":10},{"not_picked":["Well Laid Plans","Caltrops"],"picked":"Bouncing Flask+1","floor":13},{"not_picked":["Malaise+1","Doppelganger+1"],"picked":"Bullet Time+1","floor":16},{"not_picked":["Dagger Spray","Dash","Reflex+1"],"picked":"SKIP","floor":18},{"not_picked":["Outmaneuver+1","Dagger Spray"],"picked":"Slice","floor":19},{"not_picked":["Outmaneuver+1","Bane"],"picked":"Endless Agony","floor":21},{"not_picked":["Bane","Deflect+1"],"picked":"Envenom","floor":27},{"not_picked":["Slice","Dodge and Roll+1"],"picked":"Backstab","floor":29},{"not_picked":["Underhanded Strike","Bullet Time+1","Prepared+1"],"picked":"SKIP","floor":31}],"player_experience":1250543,"relics_obtained":[{"floor":9,"key":"Toxic Egg 2"},{"floor":26,"key":"CaptainsWheel"},{"floor":27,"key":"Potion Belt"}],"event_choices":[{"damage_healed":0,"gold_gain":0,"player_choice":"Trade","damage_taken":0,"relics_obtained":["CultistMask"],"max_hp_gain":0,"max_hp_loss":0,"event_name":"FaceTrader","floor":2,"gold_loss":0},{"damage_healed":0,"gold_gain":0,"player_choice":"Take Wound","damage_taken":0,"relics_obtained":["Golden Idol"],"max_hp_gain":0,"max_hp_loss":0,"event_name":"Golden Idol","floor":5,"gold_loss":0,"cards_obtained":["Injury"]},{"damage_healed":22,"gold_gain":0,"player_choice":"Banana","damage_taken":0,"max_hp_gain":0,"max_hp_loss":0,"event_name":"Big Fish","floor":14,"gold_loss":0},{"damage_healed":0,"gold_gain":0,"player_choice":"Copied","damage_taken":0,"max_hp_gain":0,"max_hp_loss":0,"event_name":"Duplicator","floor":20,"gold_loss":0,"cards_obtained":["Backstab"]},{"damage_healed":0,"gold_gain":0,"player_choice":"Inject Mutagens","damage_taken":0,"relics_obtained":["MutagenicStrength"],"max_hp_gain":0,"max_hp_loss":0,"event_name":"Drug Dealer","floor":24,"gold_loss":0},{"damage_healed":0,"gold_gain":0,"player_choice":"Ignored","damage_taken":0,"max_hp_gain":0,"max_hp_loss":0,"event_name":"Vampires","floor":30,"gold_loss":0}],"is_beta":false,"boss_relics":[{"not_picked":["Cursed Key","Fusion Hammer"],"picked":"WristBlade"}],"items_purged_floors":[22],"is_endless":false,"potions_floor_spawned":[4,16,18],"killed_by":"Automaton","ascension_level":19}}