{"host":"2461dio7vetlq1z3","time":1608236784,"event":{"mods":["2.2 Compatiblity","AchievementEnabler","BaseMod","Better Third Choice","Hermit","Marisa????????","Minty Spire (QoL Compilation)","Relic Stats","Spicy Shops","StSLib","Waifu the Spire"],"gold_per_floor":[119,219,51,63,80,80,94,94,94,110,125,140,140,157,157,255,255,273,283,298,315,326,326,352,362,387,387],"floor_reached":26,"playtime":1035,"items_purged":["Strike_R"],"score":303,"play_id":"3af46c0a-e53e-4b03-93b7-0e2de7fe712f","local_time":"20201217212624","is_ascension_mode":false,"campfire_choices":[{"data":"True Grit","floor":6,"key":"SMITH"},{"data":"Whirlwind","floor":8,"key":"SMITH"},{"data":"Demon Form","floor":13,"key":"SMITH"},{"data":"Bash","floor":15,"key":"SMITH"},{"floor":23,"key":"REST"}],"circlet_count":0,"master_deck":["Strike_R","Strike_R","Strike_R","Strike_R","Defend_R","Defend_R","Defend_R","Defend_R","Bash+1","Heavy Blade","Power Through","True Grit+1","Demon Form+1","Whirlwind+1","Disarm","Feed","Shrug It Off","Heavy Blade+1","Barricade"],"relics":["Mark of Pain","Art of War"],"acts_visited":["Exordium","TheCity"],"potions_floor_usage":[16,19,22,24],"damage_taken":[{"damage":0,"enemies":"Cultist","floor":1,"turns":3},{"damage":3,"enemies":"Jaw Worm","floor":4,"turns":5},{"damage":0,"enemies":"2 Louse","floor":5,"turns":3},{"damage":13,"enemies":"Exordium Wildlife","floor":7,"turns":5},{"damage":8,"enemies":"Red Slaver","floor":10,"turns":3},{"damage":7,"enemies":"Exordium Thugs","floor":11,"turns":4},{"damage":0,"enemies":"Gremlin Gang","floor":12,"turns":2},{"damage":0,"enemies":"Looter","floor":14,"turns":2},{"damage":0,"enemies":"Hexaghost","floor":16,"turns":9},{"damage":26,"enemies":"Shell Parasite","floor":18,"turns":8},{"damage":13,"enemies":"2 Thieves","floor":19,"turns":5},{"damage":5,"enemies":"Centurion and Healer","floor":20,"turns":13},{"damage":8,"enemies":"Cultist and Chosen","floor":21,"turns":8},{"damage":10,"enemies":"Snecko","floor":22,"turns":6},{"damage":7,"enemies":"Slavers","floor":24,"turns":4},{"damage":13,"enemies":"3 Cultists","floor":25,"turns":5}],"seed_played":"-2793993062248857584","potions_obtained":[{"floor":1,"key":"BlessingOfTheForge"},{"floor":4,"key":"SteroidPotion"},{"floor":10,"key":"Energy Potion"},{"floor":11,"key":"SkillPotion"},{"floor":20,"key":"LiquidBronze"},{"floor":21,"key":"SkillPotion"},{"floor":22,"key":"FairyPotion"},{"floor":25,"key":"SteroidPotion"}],"is_trial":false,"path_per_floor":["M","?","$","M","M","R","M","R","T","M","M","M","R","M","R","B",null,"M","M","M","M","M","R","E","M","T"],"character_chosen":"IRONCLAD","items_purchased":["Power Through"],"campfire_rested":1,"item_purchase_floors":[3],"current_hp_per_floor":[80,80,80,77,77,77,64,64,64,56,49,49,49,49,49,49,80,57,44,42,37,30,57,53,43,43,43],"gold":387,"neow_bonus":"BOSS_RELIC","is_daily":false,"chose_seed":false,"campfire_upgraded":4,"win_rate":0.0,"timestamp":1608236784,"path_taken":["M","?","?","M","M","R","M","R","T","?","M","M","R","M","R","BOSS","M","M","M","M","M","R","E","M","T"],"items_purchased_type":["Card"],"build_version":"2020-12-13","purchased_purges":1,"victory":false,"max_hp_per_floor":[80,80,80,80,80,80,80,80,80,80,80,80,80,80,80,80,80,83,83,86,89,92,92,95,98,98,98],"relic_stats":{"counters":[16,85],"Art of War":[0],"obtain_stats":[{"Mark of Pain":0,"Art of War":24,"Burning Blood":0},{"Mark of Pain":0,"Art of War":15,"Burning Blood":0},{"Mark of Pain":0,"Art of War":80,"Burning Blood":0}]},"card_choices":[{"not_picked":["Bloodletting","Flex"],"picked":"Heavy Blade","floor":1},{"not_picked":["Entrench","Bloodletting"],"picked":"True Grit","floor":4},{"not_picked":["Clothesline","Sever Soul"],"picked":"Demon Form","floor":5},{"not_picked":["Clash","Heavy Blade"],"picked":"Whirlwind","floor":7},{"not_picked":["Rupture","Twin Strike","Clash"],"picked":"SKIP","floor":10},{"not_picked":["Headbutt","Hemokinesis"],"picked":"Disarm","floor":11},{"not_picked":["Havoc","Perfected Strike","Iron Wave"],"picked":"SKIP","floor":12},{"not_picked":["Cleave","Intimidate","Warcry"],"picked":"SKIP","floor":14},{"not_picked":["Corruption","Demon Form"],"picked":"Feed","floor":16},{"not_picked":["Iron Wave","Sword Boomerang"],"picked":"Shrug It Off","floor":18},{"not_picked":["Infernal Blade","Sword Boomerang+1"],"picked":"Heavy Blade+1","floor":19},{"not_picked":["Pummel","Perfected Strike","Carnage"],"picked":"SKIP","floor":20},{"not_picked":["Armaments+1","Rampage","Havoc"],"picked":"SKIP","floor":21},{"not_picked":["Body Slam","Carnage","Warcry"],"picked":"SKIP","floor":22},{"not_picked":["Juggernaut","Battle Trance"],"picked":"Barricade","floor":24},{"not_picked":["Blood for Blood","Flex","Whirlwind"],"picked":"SKIP","floor":25}],"player_experience":801186,"relics_obtained":[{"floor":24,"key":"Art of War"}],"event_choices":[{"damage_healed":0,"gold_gain":100,"player_choice":"Gold","damage_taken":0,"max_hp_gain":0,"max_hp_loss":0,"event_name":"Wheel of Change","floor":2,"gold_loss":0}],"is_beta":false,"boss_relics":[{"not_picked":["Coffee Dripper","Runic Cube","Snecko Eye"]}],"items_purged_floors":[3],"is_endless":false,"potions_floor_spawned":[1,4,10,11,12,20,21,22,25],"ascension_level":0}}