{"host":"yuhibl5o0ay6idau","time":1608203169,"event":{"mods":["Aspiration","BaseMod","Better Altar","Better Match","Better Note","Better Sensory Stone","Better Skull","Better Third Choice","Colored Map","Colored Powertips","Conspire","Highlight Path","Minty Spire (QoL Compilation)","Quick Restart","Replay The Spire","StSLib","SuperFastMode"],"gold_per_floor":[119,29,43,62,81,114,114,145,145,176,176,210,228,82,82,82,82],"floor_reached":16,"playtime":1812,"items_purged":["Bash"],"score":160,"play_id":"fd3b4b6a-3b9e-428f-93aa-2f9cbe146e4f","local_time":"20201217030609","is_ascension_mode":true,"campfire_choices":[{"data":"Wild Strike","floor":7,"key":"SMITH"},{"floor":11,"key":"REST"},{"floor":15,"key":"DIG"}],"circlet_count":0,"master_deck":["Strike_R","Strike_R","Strike_R","Strike_R","Strike_R","Defend_R","Defend_R","Defend_R","Defend_R","Power Through","ReplayTheSpireMod:Faulty Equipment","Iron Wave","Sentinel","ReplayTheSpireMod:Splinters","Wild Strike+1","Fire Breathing+1","True Grit","Shrug It Off","Warcry","Feel No Pain+1"],"relics":["Burning Blood","ReplayTheSpireMod:CursedCoin","Frozen Egg 2","WingedGreaves","Bottled Flame","ReplayTheSpireMod:TigerMarble","Singing Bowl","Pen Nib","Sundial","Blue Doll"],"acts_visited":["Exordium"],"potions_floor_usage":[16,16,16],"damage_taken":[{"damage":1,"enemies":"conspire:RoseBush","floor":1,"turns":3},{"damage":4,"enemies":"2 Louse","floor":3,"turns":3},{"damage":13,"enemies":"Jaw Worm","floor":4,"turns":5},{"damage":37,"enemies":"Gremlin Nob","floor":6,"turns":5},{"damage":10,"enemies":"3 Sentries","floor":8,"turns":5},{"damage":14,"enemies":"Replay:BlueRogue","floor":10,"turns":7},{"damage":28,"enemies":"Gremlin Nob","floor":12,"turns":4},{"damage":4,"enemies":"Large Slime","floor":13,"turns":5},{"damage":47,"enemies":"The Guardian","floor":16,"turns":9}],"seed_played":"-4810319004094313760","potions_obtained":[{"floor":1,"key":"SteroidPotion"},{"floor":8,"key":"FearPotion"},{"floor":12,"key":"LiquidMemories"}],"is_trial":false,"path_per_floor":["M","$","M","M","?","E","R","E","T","E","R","E","M","$","R_BF","B"],"character_chosen":"IRONCLAD","items_purchased":["ReplayTheSpireMod:CursedCoin","Frozen Egg 2","Feel No Pain+1"],"campfire_rested":1,"item_purchase_floors":[2,2,14],"current_hp_per_floor":[88,88,88,81,81,50,50,46,46,38,64,44,46,46,46,0,0],"gold":82,"neow_bonus":"TEN_PERCENT_HP_BONUS","is_daily":false,"chose_seed":false,"campfire_upgraded":1,"win_rate":0.0,"timestamp":1608203169,"path_taken":["M","$","M","M","?","E","R","E","T","E","R","E","M","$","R_BF","BOSS"],"items_purchased_type":["Relic","Relic","Card"],"build_version":"2020-12-13","purchased_purges":1,"victory":false,"max_hp_per_floor":[88,88,88,88,88,88,88,88,88,88,88,90,90,90,90,90,90],"card_choices":[{"not_picked":["Headbutt","Abandon"],"picked":"Power Through","floor":1},{"not_picked":["Sword Boomerang","ReplayTheSpireMod:Strike From Hell"],"picked":"Iron Wave","floor":3},{"not_picked":["Rage","Rupture+1"],"picked":"Sentinel","floor":4},{"not_picked":["ReplayTheSpireMod:Limb From Limb","Bloodletting"],"picked":"Wild Strike","floor":5},{"not_picked":["Combust+1","Reckless Charge"],"picked":"Fire Breathing+1","floor":6},{"not_picked":["ReplayTheSpireMod:Strike From Hell","Demon Form+1"],"picked":"True Grit","floor":8},{"not_picked":["Flex","Battle Trance"],"picked":"Shrug It Off","floor":10},{"not_picked":["Perfected Strike","Uppercut","Reaper"],"picked":"Singing Bowl","floor":12},{"not_picked":["Infernal Blade","ReplayTheSpireMod:LeadingStrike"],"picked":"Warcry","floor":13}],"player_experience":383071,"relics_obtained":[{"floor":5,"key":"WingedGreaves"},{"floor":6,"key":"Bottled Flame"},{"floor":8,"key":"ReplayTheSpireMod:TigerMarble"},{"floor":9,"key":"Singing Bowl"},{"floor":10,"key":"Pen Nib"},{"floor":12,"key":"Sundial"},{"floor":15,"key":"Blue Doll"}],"event_choices":[],"is_beta":false,"boss_relics":[],"items_purged_floors":[14],"is_endless":false,"potions_floor_spawned":[1,8,12,13],"killed_by":"The Guardian","ascension_level":5}}