{"host":"126yiuos2nq86se7","time":1608185951,"event":{"mods":["AchievementEnabler","Act Like it!","BaseMod","Colored Map","Colored Powertips","Friendly Minions","Highlight Path","Jorbs\u0027s Wanderer Trilogy","Minty Spire (QoL Compilation)","StSLib","SuperFastMode","The Animator","The Cursed","The Hierophant","The Servant 0.9.4"],"gold_per_floor":[374,391,401,401,419,459,475,475,475,475,64,77,92,102,102,205,205,221,0,0,18,18,18,18,18,18,18,32,42,42,60,60,188,188,206,139,139,158,182,182,182,182,235,245,295,305,305,77,77,77],"floor_reached":51,"playtime":3177,"items_purged":["animator:Strike"],"score":676,"play_id":"b73b7153-7e5f-48ff-9808-0825650032e6","local_time":"20201217171911","is_ascension_mode":false,"campfire_choices":[{"data":"animator:ElricEdward","floor":10,"key":"SMITH"},{"floor":15,"key":"REST"},{"floor":23,"key":"REST"},{"floor":27,"key":"RECALL"},{"floor":30,"key":"REST"},{"floor":32,"key":"REST"},{"floor":40,"key":"REST"},{"floor":42,"key":"REST"},{"floor":49,"key":"REST"}],"circlet_count":0,"master_deck":["animator:Strike_FullmetalAlchemist","animator:Defend_FullmetalAlchemist","animator:Defend","animator:Defend","animator:Defend","animator:ElricEdward+1","animator:ElricAlphonse","animator:YunYun","animator:Kazuma","animator:ElricAlphonse","animator:Aqua","animator:GazelDwargon","animator:YachiyoNanami","animator:YunYun","animator:IrohaTamaki","animator:Hans","animator:Aqua","animator:Arpeggio+1","animator:Eris","animator:IrohaTamaki+1","animator:WinryRockbell","Parasite","animator:DolaStephanie","animator:YachiyoNanami+1","animator:NarberalGamma+1","animator:HigakiRinne","animator:Magilou"],"relics":["animator:VividPicture","animator:TheMissingPiece","animator:ShionDessert","Bird Faced Urn","Pocketwatch","Unceasing Top","Fusion Hammer","Sundial","Anchor","Calipers","DataDisk"],"acts_visited":["Exordium","TheCity","TheBeyond"],"potions_floor_usage":[6,16,16,21,33,33,33,50,50],"damage_taken":[{"damage":0,"enemies":"Small Slimes","floor":1,"turns":4},{"damage":0,"enemies":"Jaw Worm","floor":2,"turns":4},{"damage":4,"enemies":"Cultist","floor":3,"turns":3},{"damage":12,"enemies":"3 Louse","floor":5,"turns":5},{"damage":16,"enemies":"Lagavulin","floor":6,"turns":5},{"damage":0,"enemies":"2 Fungi Beasts","floor":7,"turns":3},{"damage":0,"enemies":"Looter","floor":12,"turns":4},{"damage":10,"enemies":"Gremlin Gang","floor":13,"turns":4},{"damage":7,"enemies":"2 Fungi Beasts","floor":14,"turns":3},{"damage":0,"enemies":"Slime Boss","floor":16,"turns":7},{"damage":5,"enemies":"Chosen","floor":18,"turns":5},{"damage":2,"enemies":"Spheric Guardian","floor":21,"turns":4},{"damage":4,"enemies":"Snecko","floor":28,"turns":5},{"damage":6,"enemies":"Sentry and Sphere","floor":29,"turns":6},{"damage":28,"enemies":"Snake Plant","floor":31,"turns":4},{"damage":3,"enemies":"Collector","floor":33,"turns":7},{"damage":35,"enemies":"3 Darklings","floor":35,"turns":7},{"damage":13,"enemies":"Orb Walker","floor":38,"turns":4},{"damage":17,"enemies":"Writhing Mass","floor":39,"turns":6},{"damage":59,"enemies":"Transient","floor":44,"turns":5},{"damage":9,"enemies":"Mind Bloom Boss Battle","floor":45,"turns":8},{"damage":0,"enemies":"4 Shapes","floor":46,"turns":5},{"damage":107,"enemies":"Awakened One","floor":50,"turns":19}],"seed_played":"-5703924216236953534","potions_obtained":[{"floor":1,"key":"PowerPotion"},{"floor":3,"key":"SneckoOil"},{"floor":7,"key":"animator:FalseLifePotion"},{"floor":13,"key":"AttackPotion"},{"floor":18,"key":"Explosive Potion"},{"floor":21,"key":"Fruit Juice"},{"floor":29,"key":"Ancient Potion"},{"floor":31,"key":"Fire Potion"},{"floor":35,"key":"SpeedPotion"},{"floor":45,"key":"SteroidPotion"},{"floor":46,"key":"FairyPotion"}],"is_trial":false,"path_per_floor":["M","M","M","?","M","E","M","?","T","R","$","M","M","M","R","B",null,"M","?","?","M","?","R","?","$","T","R","M","M","R","M","R","B",null,"M","$","?","M","M","R","?","R","T","M","?","M","?","$","R","B",null],"character_chosen":"THE_ANIMATOR","items_purchased":["animator:YachiyoNanami","Unceasing Top","animator:WinryRockbell","DataDisk","animator:Magilou"],"campfire_rested":7,"item_purchase_floors":[11,11,36,48,48],"current_hp_per_floor":[66,67,63,63,51,35,37,34,34,34,34,38,36,33,53,62,68,67,67,67,73,60,78,78,78,78,78,78,78,78,54,77,78,78,57,57,57,60,59,78,78,78,78,31,42,58,48,48,71,13],"gold":77,"neow_bonus":"TWO_FIFTY_GOLD","is_daily":false,"chose_seed":false,"campfire_upgraded":1,"win_rate":0.0,"timestamp":1608185951,"path_taken":["M","M","M","?","M","E","M","?","T","R","?","M","M","M","R","BOSS","M","?","?","M","?","R","?","$","T","R","?","M","R","M","R","BOSS","M","$","?","M","M","R","?","R","T","M","?","?","?","?","R","BOSS"],"items_purchased_type":["Card","Relic","Card","Relic","Card"],"build_version":"2020-12-13","purchased_purges":1,"victory":true,"max_hp_per_floor":[66,67,67,67,67,67,67,67,67,67,67,67,67,67,67,68,68,68,68,68,73,78,78,78,78,78,78,78,78,78,78,78,78,78,78,78,78,78,78,78,78,78,78,78,78,78,78,78,78,78],"card_choices":[{"not_picked":["animator:DolaCouronne","animator:Sebas"],"picked":"animator:YunYun","floor":1},{"not_picked":["animator:Mitsurugi","animator:Tyuule"],"picked":"animator:Kazuma","floor":2},{"not_picked":["animator:Vanir","animator:HomuraAkemi","animator:DolaRiku"],"picked":"SKIP","floor":3},{"not_picked":["animator:Gluttony","animator:ElricEdward"],"picked":"animator:ElricAlphonse","floor":5},{"not_picked":["animator:Benimaru","animator:Kyubey"],"picked":"animator:Aqua","floor":6},{"not_picked":["animator:OrikoMikuni","animator:Jibril"],"picked":"animator:GazelDwargon","floor":7},{"not_picked":["animator:Cocytus","animator:KyokoSakura","animator:Hakurou"],"picked":"SKIP","floor":12},{"not_picked":["animator:Kazuma","animator:Megumin"],"picked":"animator:YunYun","floor":13},{"not_picked":["animator:SuzuneAmano","animator:Shalltear"],"picked":"animator:IrohaTamaki","floor":14},{"not_picked":["animator:Shizu","animator:ItamiYouji"],"picked":"animator:Hans","floor":16},{"not_picked":["animator:MamiTomoe","animator:Cocytus+1","animator:SuzuneAmano"],"picked":"SKIP","floor":18},{"not_picked":["animator:RoyMustang","animator:Scar","animator:Millim+1"],"picked":"SKIP","floor":21},{"not_picked":["animator:Verdia","animator:Megumin"],"picked":"animator:Aqua","floor":28},{"not_picked":["animator:Bozes","animator:Tyuule","animator:Kuribayashi+1"],"picked":"SKIP","floor":29},{"not_picked":["animator:ElricEdward+1","animator:Aqua"],"picked":"animator:Arpeggio+1","floor":31},{"not_picked":["animator:Albedo","animator:Shizu"],"picked":"animator:Eris","floor":33},{"not_picked":["animator:Vanir+1","animator:Shalltear+1"],"picked":"animator:IrohaTamaki+1","floor":35},{"not_picked":["animator:Verdia","animator:Kazuma"],"picked":"animator:Eris","floor":38},{"not_picked":["animator:Chris","animator:Shuna+1"],"picked":"animator:DolaStephanie","floor":39},{"not_picked":["animator:YunYun","animator:Shuna"],"picked":"animator:YachiyoNanami+1","floor":44},{"not_picked":["animator:NagisaMomoe","animator:Arpeggio"],"picked":"animator:NarberalGamma+1","floor":45},{"not_picked":["animator:Sloth+1","animator:Hakurou","animator:Mitsurugi+1"],"picked":"SKIP","floor":46}],"player_experience":1636403,"relics_obtained":[{"floor":6,"key":"animator:ShionDessert"},{"floor":9,"key":"Pocketwatch"},{"floor":26,"key":"Sundial"},{"floor":43,"key":"Anchor"},{"floor":45,"key":"Calipers"}],"event_choices":[{"cards_removed":["Writhe"],"damage_healed":0,"gold_gain":0,"player_choice":"Forget","damage_taken":0,"max_hp_gain":0,"max_hp_loss":0,"event_name":"Living Wall","floor":4,"gold_loss":0},{"damage_healed":0,"gold_gain":0,"player_choice":"Success","damage_taken":3,"relics_obtained":["Bird Faced Urn"],"max_hp_gain":0,"max_hp_loss":0,"event_name":"Scrap Ooze","floor":8,"gold_loss":0},{"damage_healed":0,"gold_gain":0,"player_choice":"Paid Fearfully","damage_taken":0,"max_hp_gain":0,"max_hp_loss":0,"event_name":"Masked Bandits","floor":19,"gold_loss":221},{"cards_removed":["animator:Strike"],"damage_healed":0,"gold_gain":0,"player_choice":"Elegance","damage_taken":0,"max_hp_gain":0,"max_hp_loss":0,"event_name":"Back to Basics","floor":20,"gold_loss":0},{"damage_healed":0,"gold_gain":0,"player_choice":"Shed Blood","damage_taken":18,"max_hp_gain":5,"max_hp_loss":0,"event_name":"Forgotten Altar","floor":22,"gold_loss":0},{"cards_removed":["animator:Strike"],"damage_healed":0,"gold_gain":0,"player_choice":"Purged","damage_taken":0,"max_hp_gain":0,"max_hp_loss":0,"event_name":"Purifier","floor":24,"gold_loss":0},{"damage_healed":0,"gold_gain":0,"player_choice":"Ignored","damage_taken":0,"max_hp_gain":0,"max_hp_loss":0,"event_name":"Tomb of Lord Red Mask","floor":37,"gold_loss":0},{"damage_healed":0,"gold_gain":0,"player_choice":"Ignored","damage_taken":0,"max_hp_gain":0,"max_hp_loss":0,"event_name":"Mysterious Sphere","floor":41,"gold_loss":0},{"damage_healed":0,"gold_gain":0,"player_choice":"Fight","damage_taken":0,"max_hp_gain":0,"max_hp_loss":0,"event_name":"MindBloom","floor":45,"gold_loss":0},{"damage_healed":0,"gold_gain":0,"player_choice":"Embrace Madness","damage_taken":10,"max_hp_gain":0,"max_hp_loss":0,"event_name":"Winding Halls","floor":47,"gold_loss":0,"cards_obtained":["animator:HigakiRinne"]}],"is_beta":false,"boss_relics":[{"not_picked":["Coffee Dripper","Cursed Key"],"picked":"Fusion Hammer"},{"not_picked":["Pandora\u0027s Box","Calling Bell"],"picked":"animator:VividPicture"}],"items_purged_floors":[11],"is_endless":false,"potions_floor_spawned":[1,3,7,13,18,21,29,31,35,45,46],"ascension_level":0}}