{"host":"m1rjttoroz33xrz1","time":1608186644,"event":{"mods":["BaseMod","Colored Map","Downfall","Hermit","Mad Scientist","Marisa????????","Minty Spire (QoL Compilation)","StSLib","The Construct","The Cursed","The Druid","The Exalted","The Jungle","The Servant 0.9.4"],"gold_per_floor":[99,112,138,158,158,174,198,198,198,223,54,54,72,83,103,207,207,207,47,81,93,93,113,113,129,154,154,4,15,28,47,67,169,169,169],"floor_reached":34,"playtime":7069,"items_purged":[],"score":356,"play_id":"0f932385-12d8-4dba-a52b-2c8874ef0d2c","local_time":"20201217013044","is_ascension_mode":false,"campfire_choices":[{"data":"hexamod:Again","floor":1.0,"key":"SMITH"},{"floor":5.0,"key":"REST"},{"data":"hexamod:EmpoweringStance","floor":9.0,"key":"SMITH"},{"data":"1","floor":18,"key":"LIFT"},{"data":"hexamod:EmpoweringStance","floor":22,"key":"SMITH"},{"data":"2","floor":27,"key":"LIFT"}],"circlet_count":0,"master_deck":["hexamod:Strike","hexamod:Strike","hexamod:Strike","hexamod:Defend+1","hexamod:Defend","hexamod:Defend","hexamod:Defend","hexamod:Sear","hexamod:Float+1","hexamod:Again+1","hexamod:HeatShield","hexamod:NightmareStrike","hexamod:FastForward","hexamod:EmpoweringStance+1","hexamod:CrushingStance+1","hexamod:StepThrough","hexamod:StepThrough","hexamod:SpectersWail","hexamod:WildfireWeapon","hexamod:EmpoweringStance+1","hexamod:Firestarter","hexamod:BurningTouch+1","hexamod:NightmareGuise+1","hexamod:ThirdSeal","hexamod:EmpoweredFlame+1","hexamod:GhostOfSpirePast+1","hexamod:HeatMetal+1","hexamod:SoulSteal","hexamod:ChargedBarrage+1","hexamod:StepThrough","hexamod:SearingWound","hexamod:Hexaguard+1","hexamod:FirstSeal","hexamod:TimeWarp"],"relics":["hexamod:SpiritBrand","Nunchaku","hexamod:MatchstickCase","downfall:BrokenWingStatue","Girya","Bag of Marbles","SlaversCollar","Sling","War Paint","Smiling Mask","Shuriken","construct:ClawGrip"],"acts_visited":["Exordium","TheBeyond"],"potions_floor_usage":[23,26,30,31],"damage_taken":[{"damage":0.0,"enemies":"2 Louse","floor":2.0,"turns":3.0},{"damage":39.0,"enemies":"3 Sentries","floor":3.0,"turns":13.0},{"damage":0.0,"enemies":"Cultist","floor":4.0,"turns":3.0},{"damage":0.0,"enemies":"Jaw Worm","floor":6.0,"turns":3.0},{"damage":16.0,"enemies":"Lagavulin","floor":10.0,"turns":7.0},{"damage":0.0,"enemies":"downfall:FleeingMerchant","floor":11.0,"turns":4.0},{"damage":0.0,"enemies":"Lots of Slimes","floor":13.0,"turns":4.0},{"damage":0.0,"enemies":"Exordium Wildlife","floor":14.0,"turns":2.0},{"damage":0.0,"enemies":"Blue Slaver","floor":15.0,"turns":3.0},{"damage":28.0,"enemies":"downfall:CharBossDefect","floor":16.0,"turns":6.0},{"damage":9,"enemies":"downfall:FleeingMerchant","floor":19,"turns":4},{"damage":0,"enemies":"theJungle:MamaSnecko","floor":20,"turns":4},{"damage":0,"enemies":"theJungle:GiantWrat","floor":21,"turns":4},{"damage":4,"enemies":"theJungle:Flameango_and_Byrd","floor":23,"turns":4},{"damage":0,"enemies":"theJungle:Lyon","floor":25,"turns":4},{"damage":0,"enemies":"theJungle:2_Phrogs","floor":26,"turns":5},{"damage":9,"enemies":"theJungle:2_Snecko_Cultists","floor":29,"turns":4},{"damage":11,"enemies":"theJungle:JungleHuntersEncounter","floor":30,"turns":5},{"damage":20,"enemies":"theJungle:Lyon","floor":31,"turns":6},{"damage":3,"enemies":"theJungle:Snecko_Cultist_And_Trap","floor":32,"turns":5},{"damage":0,"enemies":"downfall:CharBossWatcher","floor":33,"turns":1}],"seed_played":"-6880236143743485606","potions_obtained":[{"floor":2.0,"key":"Fire Potion"},{"floor":3.0,"key":"CultistPotion"},{"floor":6.0,"key":"Swift Potion"},{"floor":13.0,"key":"SkillPotion"},{"floor":20,"key":"Block Potion"},{"floor":23,"key":"FearPotion"},{"floor":29,"key":"construct:ShiftPotion"},{"floor":32,"key":"DuplicationPotion"}],"is_trial":false,"path_per_floor":["R","M","E","M","R","M","T","?","R","E","$","?","M","M","M","B",null,"R","$","E","M","R","M","T","M","E","R","?","M","M","M","M","B",null],"character_chosen":"THE_SPIRIT","items_purchased":["Bag of Marbles","Sling"],"campfire_rested":1,"item_purchase_floors":[11,19],"current_hp_per_floor":[70,70,31,31,52,52,52,52,52,36,36,36,36,36,36,8,70,70,61,61,61,61,57,57,57,57,57,80,71,60,40,37,37,80,80],"gold":169,"neow_bonus":"TRANSFORM_CARD","is_daily":false,"chose_seed":false,"campfire_upgraded":3,"win_rate":0.0,"timestamp":1608186644,"path_taken":["R","M","E","M","R","M","T","?","R","E","$","?","M","M","M","BOSS","R","?","E","M","R","M","T","M","E","R","?","M","?","?","M","BOSS"],"items_purchased_type":["Relic","Relic"],"build_version":"2020-12-13","purchased_purges":0,"victory":false,"max_hp_per_floor":[70,70,70,70,70,70,70,70,70,70,70,70,70,70,70,70,70,70,70,70,70,70,70,70,70,70,70,80,80,80,80,80,80,80,80],"card_choices":[{"not_picked":["hexamod:Firestarter","hexamod:RetreatToShadows"],"picked":"hexamod:HeatShield","floor":2.0},{"not_picked":["hexamod:SpectralAdrenaline","hexamod:BacktrackSmack"],"picked":"hexamod:NightmareStrike","floor":3.0},{"not_picked":["hexamod:HeatMetal","hexamod:RainOfEmbers"],"picked":"hexamod:FastForward","floor":4.0},{"not_picked":["hexamod:CatchUp","hexamod:Rewind"],"picked":"hexamod:EmpoweringStance","floor":6.0},{"not_picked":["hexamod:PhantomFireball","hexamod:GhostflameBarrier"],"picked":"hexamod:CrushingStance","floor":10.0},{"not_picked":["hexamod:BacktrackSmack","hexamod:BurningTouch"],"picked":"hexamod:StepThrough","floor":13.0},{"not_picked":["hexamod:PhantomCloak","hexamod:NightmareStrike"],"picked":"hexamod:StepThrough","floor":14.0},{"not_picked":["hexamod:SwordOfDarkness","hexamod:NightmareGuise"],"picked":"hexamod:SpectersWail","floor":15.0},{"not_picked":["hexamod:GhostflameInferno","hexamod:ParanormalForm"],"picked":"hexamod:WildfireWeapon","floor":16.0},{"not_picked":["hexamod:GhostLash","hexamod:GhostShield"],"picked":"hexamod:EmpoweringStance","floor":19},{"not_picked":["hexamod:NightmareStrike","hexamod:Haunt"],"picked":"hexamod:Firestarter","floor":20},{"not_picked":["hexamod:FastForward+1","hexamod:PhantomFireball"],"picked":"hexamod:BurningTouch+1","floor":21},{"not_picked":["hexamod:RetreatToShadows","hexamod:GhostShield"],"picked":"hexamod:NightmareGuise+1","floor":23},{"not_picked":["hexamod:GhostLash+1","hexamod:GhostShield"],"picked":"hexamod:ThirdSeal","floor":25},{"not_picked":["hexamod:SecondSeal","hexamod:BurningTouch"],"picked":"hexamod:EmpoweredFlame+1","floor":26},{"not_picked":["hexamod:BurningTouch","hexamod:SwordOfDarkness"],"picked":"hexamod:GhostOfSpirePast+1","floor":26},{"not_picked":["hexamod:FastForward+1","hexamod:Hexaguard"],"picked":"hexamod:HeatMetal+1","floor":29},{"not_picked":["hexamod:WildfireWeapon","hexamod:BacktrackSmack+1"],"picked":"hexamod:SoulSteal","floor":29},{"not_picked":["hexamod:NightmareGuise+1","hexamod:EmpoweredFlame"],"picked":"hexamod:ChargedBarrage+1","floor":30},{"not_picked":["hexamod:FastForward","hexamod:Hexaguard"],"picked":"hexamod:StepThrough","floor":31},{"not_picked":["hexamod:Hexaguard+1","hexamod:FastForward"],"picked":"hexamod:SearingWound","floor":31},{"not_picked":["hexamod:RainOfEmbers","hexamod:NightmareStrike"],"picked":"hexamod:Hexaguard+1","floor":32},{"not_picked":["hexamod:RainOfEmbers","hexamod:SwordOfDarkness"],"picked":"hexamod:FirstSeal","floor":32},{"not_picked":["hexamod:UnleashSpirits","hexamod:SearingWound"],"picked":"hexamod:TimeWarp","floor":33}],"player_experience":1258377,"relics_obtained":[{"floor":3.0,"key":"Nunchaku"},{"floor":7.0,"key":"hexamod:MatchstickCase"},{"floor":10.0,"key":"Girya"},{"floor":20,"key":"War Paint"},{"floor":24,"key":"Smiling Mask"},{"floor":26,"key":"Shuriken"}],"event_choices":[{"damage_healed":0.0,"max_hp_gain":0.0,"max_hp_loss":0.0,"gold_gain":0.0,"event_name":"Upgrade Shrine","player_choice":"Upgraded","floor":12.0,"gold_loss":0.0,"damage_taken":0.0,"cards_upgraded":["hexamod:CrushingStance"]}],"is_beta":false,"boss_relics":[{"not_picked":["Ectoplasm","Philosopher\u0027s Stone"],"picked":"SlaversCollar"},{"not_picked":["Fusion Hammer","Bromod:ArcaneBarrier"],"picked":"construct:ClawGrip"}],"items_purged_floors":[],"is_endless":false,"potions_floor_spawned":[2,3,6,13,20,21,23,29,32],"ascension_level":0}}