{"host":"5i6rw4gkxvk2wjdw","time":1608248364,"event":{"mods":["AchievementEnabler","BaseMod","Bestiary","Colored Map","Colored Powertips","Curses Come First","DeckTracker","Highlight Path","Minty Spire (QoL Compilation)","Rare Cards Sparkle","Relic Stats","StSLib","SuperFastMode"],"gold_per_floor":[115,131,151,170,189,189,222,222,222,255,255,275,275,24,24,121,121,139,158,176,30,42,69,88,38,117,117,117],"floor_reached":27,"playtime":989,"items_purged":["Strike_R"],"score":307,"play_id":"83a26957-2219-460e-9892-28b1ae6b054d","local_time":"20201218003924","is_ascension_mode":true,"campfire_choices":[{"data":"Bash","floor":6,"key":"SMITH"},{"data":"Feed","floor":8,"key":"SMITH"},{"data":"Cleave","floor":13,"key":"SMITH"},{"data":"Ghostly Armor","floor":15,"key":"SMITH"}],"circlet_count":0,"master_deck":["Strike_R","Strike_R","Strike_R","Strike_R","Defend_R","Defend_R","Defend_R","Defend_R","Bash+1","Perfected Strike+1","Uppercut","Wild Strike","Iron Wave+1","Twin Strike","Feed+1","Cleave+1","Ghostly Armor+1","Feed","CurseOfTheBell","Spot Weakness+1","Corruption","Flame Barrier"],"relics":["Burning Blood","NeowsBlessing","Bronze Scales","Akabeko","Odd Mushroom","Singing Bowl","Calling Bell","Smiling Mask","Eternal Feather","Lizard Tail","TungstenRod","Ornamental Fan"],"acts_visited":["Exordium","TheCity"],"potions_floor_usage":[10,12,16,20,23,27],"damage_taken":[{"damage":0,"enemies":"2 Louse","floor":1,"turns":1},{"damage":0,"enemies":"Small Slimes","floor":2,"turns":1},{"damage":0,"enemies":"Jaw Worm","floor":3,"turns":1},{"damage":8,"enemies":"3 Louse","floor":4,"turns":4},{"damage":16,"enemies":"2 Fungi Beasts","floor":5,"turns":3},{"damage":16,"enemies":"Gremlin Nob","floor":7,"turns":3},{"damage":15,"enemies":"Lagavulin","floor":10,"turns":5},{"damage":8,"enemies":"The Mushroom Lair","floor":12,"turns":3},{"damage":17,"enemies":"Hexaghost","floor":16,"turns":8},{"damage":12,"enemies":"3 Byrds","floor":18,"turns":2},{"damage":35,"enemies":"Shell Parasite","floor":19,"turns":6},{"damage":26,"enemies":"Snake Plant","floor":20,"turns":3},{"damage":8,"enemies":"Cultist and Chosen","floor":22,"turns":5},{"damage":70,"enemies":"Book of Stabbing","floor":23,"turns":6},{"damage":23,"enemies":"Shelled Parasite and Fungi","floor":24,"turns":5},{"damage":17,"enemies":"Sentry and Sphere","floor":27,"turns":3}],"seed_played":"-2765436041833997521","potions_obtained":[{"floor":3,"key":"Ancient Potion"},{"floor":4,"key":"SkillPotion"},{"floor":5,"key":"Strength Potion"},{"floor":7,"key":"Weak Potion"},{"floor":16,"key":"BlessingOfTheForge"},{"floor":22,"key":"LiquidMemories"},{"floor":24,"key":"LiquidMemories"}],"is_trial":false,"path_per_floor":["M","M","M","M","M","R","E","R","T","E","?","?","R","$","R","B",null,"M","M","M","$","M","E","M","$","T","M"],"character_chosen":"IRONCLAD","items_purchased":["Singing Bowl","Corruption"],"campfire_rested":0,"item_purchase_floors":[14,21],"current_hp_per_floor":[80,80,80,78,68,68,58,58,58,49,33,35,35,35,35,24,84,80,55,37,37,40,30,15,15,15,0,0],"gold":117,"neow_bonus":"THREE_ENEMY_KILL","is_daily":false,"chose_seed":false,"campfire_upgraded":4,"win_rate":0.0,"timestamp":1608248364,"path_taken":["M","M","M","M","M","R","E","R","T","E","?","?","R","$","R","BOSS","M","M","M","$","M","E","M","$","T","M"],"items_purchased_type":["Relic","Card"],"build_version":"2020-12-13","purchased_purges":1,"victory":false,"max_hp_per_floor":[80,80,80,80,80,80,80,80,80,80,80,84,84,84,84,84,84,86,90,92,92,97,101,103,103,103,103,103],"relic_stats":{"Lizard Tail":48,"Singing Bowl":8,"counters":[16,59],"Ornamental Fan":[4],"Bronze Scales":[194],"Eternal Feather":0,"Smiling Mask":25,"obtain_stats":[{"Calling Bell":17,"Lizard Tail":17,"NeowsBlessing":0,"Singing Bowl":14,"Ornamental Fan":26,"Bronze Scales":7,"Eternal Feather":17,"Odd Mushroom":12,"Smiling Mask":17,"Burning Blood":0,"Akabeko":10,"TungstenRod":23},{"Calling Bell":9,"Lizard Tail":9,"NeowsBlessing":0,"Singing Bowl":8,"Ornamental Fan":15,"Bronze Scales":6,"Eternal Feather":9,"Odd Mushroom":8,"Smiling Mask":9,"Burning Blood":0,"Akabeko":7,"TungstenRod":14},{"Calling Bell":29,"Lizard Tail":29,"NeowsBlessing":0,"Singing Bowl":21,"Ornamental Fan":56,"Bronze Scales":13,"Eternal Feather":29,"Odd Mushroom":21,"Smiling Mask":29,"Burning Blood":0,"Akabeko":18,"TungstenRod":51}],"Burning Blood":72,"TungstenRod":9},"card_choices":[{"not_picked":["Clash","Evolve"],"picked":"Perfected Strike","floor":1},{"not_picked":["Iron Wave","Sentinel"],"picked":"Uppercut","floor":2},{"not_picked":["Anger","Flex"],"picked":"Wild Strike","floor":3},{"not_picked":["Clothesline","True Grit"],"picked":"Iron Wave","floor":4},{"not_picked":["Heavy Blade","Reckless Charge"],"picked":"Twin Strike","floor":5},{"not_picked":["Flex","Reckless Charge"],"picked":"Feed","floor":7},{"not_picked":["Heavy Blade","Sever Soul"],"picked":"Cleave","floor":10},{"not_picked":["Warcry","Armaments"],"picked":"Ghostly Armor","floor":12},{"not_picked":["Limit Break","Juggernaut"],"picked":"Feed","floor":16},{"not_picked":["Headbutt+1","Cleave","Dark Embrace"],"picked":"Singing Bowl","floor":18},{"not_picked":["Clothesline","Rage"],"picked":"Spot Weakness+1","floor":19},{"not_picked":["Body Slam","Spot Weakness","Evolve"],"picked":"Singing Bowl","floor":20},{"not_picked":["Warcry","Reckless Charge","Clothesline"],"picked":"Singing Bowl","floor":22},{"not_picked":["Clash+1","Warcry"],"picked":"Flame Barrier","floor":23},{"not_picked":["Flex","Anger","Body Slam"],"picked":"Singing Bowl","floor":24}],"player_experience":154040,"relics_obtained":[{"floor":7,"key":"Bronze Scales"},{"floor":10,"key":"Akabeko"},{"floor":12,"key":"Odd Mushroom"},{"floor":17,"key":"Smiling Mask"},{"floor":17,"key":"Eternal Feather"},{"floor":17,"key":"Lizard Tail"},{"floor":23,"key":"TungstenRod"},{"floor":26,"key":"Ornamental Fan"}],"event_choices":[{"damage_healed":0,"gold_gain":0,"player_choice":"Entered Light","damage_taken":16,"max_hp_gain":0,"max_hp_loss":0,"event_name":"Shining Light","floor":11,"gold_loss":0,"cards_upgraded":["Perfected Strike","Iron Wave"]},{"damage_healed":0,"gold_gain":0,"player_choice":"Fought Mushrooms","damage_taken":0,"max_hp_gain":0,"max_hp_loss":0,"event_name":"Mushrooms","floor":12,"gold_loss":0}],"is_beta":false,"boss_relics":[{"not_picked":["Ectoplasm","Busted Crown"],"picked":"Calling Bell"}],"items_purged_floors":[25],"is_endless":false,"potions_floor_spawned":[3,4,5,7,16,22,24],"killed_by":"Sentry and Sphere","ascension_level":3}}