{"host":"udzsrhbqdxqtlypj","time":1608228757,"event":{"mods":["BaseMod","Minty Spire (QoL Compilation)","Relic Stats"],"gold_per_floor":[116,130,33,33,45,70,70,102,102,117,97,97,110,30,30,134,134,149,149,167,179,179,179,207,207,281,281,301,216,228,260,260,260,260],"floor_reached":33,"playtime":2711,"items_purged":["Doubt","Pain"],"score":443,"play_id":"2844a0e3-9c31-4479-848b-133a98273230","local_time":"20201217121237","is_ascension_mode":true,"campfire_choices":[{"floor":7,"key":"DIG"},{"data":"Bouncing Flask","floor":12,"key":"SMITH"},{"data":"Malaise","floor":15,"key":"SMITH"},{"data":"Wraith Form v2","floor":23,"key":"SMITH"},{"floor":25,"key":"REST"},{"floor":27,"key":"DIG"},{"floor":32,"key":"REST"}],"circlet_count":0,"master_deck":["AscendersBane","Strike_G","Strike_G","Strike_G","Strike_G","Defend_G","Defend_G","Defend_G","Defend_G","Defend_G","Survivor","Neutralize","Dagger Throw","Sucker Punch","Underhanded Strike","Crippling Poison","Dagger Spray","Acrobatics","Bouncing Flask+1","Malaise+1","Wraith Form v2+1","Concentrate+1","Decay","Acrobatics+1","Sucker Punch","Prepared+1","Reflex","All Out Attack+1"],"relics":["Ring of the Snake","Shovel","WarpedTongs","Regal Pillow","White Beast Statue","The Courier","Snake Skull","SacredBark","Singing Bowl","Shuriken","Lantern","CaptainsWheel","Boot"],"acts_visited":["Exordium","TheCity"],"potions_floor_usage":[6,6,16,18,20,20,21,24,30,31,31,33],"damage_taken":[{"damage":0,"enemies":"Jaw Worm","floor":1,"turns":6},{"damage":4,"enemies":"Cultist","floor":2,"turns":5},{"damage":3,"enemies":"Small Slimes","floor":5,"turns":4},{"damage":3,"enemies":"Gremlin Nob","floor":6,"turns":3},{"damage":20,"enemies":"3 Sentries","floor":8,"turns":8},{"damage":5,"enemies":"Exordium Thugs","floor":10,"turns":4},{"damage":1,"enemies":"Blue Slaver","floor":13,"turns":4},{"damage":7,"enemies":"Hexaghost","floor":16,"turns":8},{"damage":3,"enemies":"Chosen","floor":18,"turns":4},{"damage":3,"enemies":"2 Thieves","floor":20,"turns":4},{"damage":8,"enemies":"Snake Plant","floor":21,"turns":4},{"damage":20,"enemies":"Book of Stabbing","floor":24,"turns":9},{"damage":0,"enemies":"Snecko","floor":28,"turns":6},{"damage":4,"enemies":"Centurion and Healer","floor":30,"turns":8},{"damage":32,"enemies":"Gremlin Leader","floor":31,"turns":6},{"damage":66,"enemies":"Automaton","floor":33,"turns":8}],"seed_played":"-566344350298721862","potions_obtained":[{"floor":1,"key":"Fire Potion"},{"floor":2,"key":"DistilledChaos"},{"floor":8,"key":"Energy Potion"},{"floor":10,"key":"Dexterity Potion"},{"floor":11,"key":"Poison Potion"},{"floor":13,"key":"GhostInAJar"},{"floor":16,"key":"Ancient Potion"},{"floor":18,"key":"SpeedPotion"},{"floor":20,"key":"ColorlessPotion"},{"floor":21,"key":"GamblersBrew"},{"floor":24,"key":"Ancient Potion"},{"floor":28,"key":"Block Potion"},{"floor":30,"key":"ColorlessPotion"},{"floor":31,"key":"AttackPotion"}],"is_trial":false,"path_per_floor":["M","M","$","?","M","E","R","E","T","M","?","R","M","$","R","B",null,"M","?","M","M","?","R","E","R","T","R","M","?","M","E","R","B"],"character_chosen":"THE_SILENT","items_purchased":["Underhanded Strike"],"campfire_rested":2,"item_purchase_floors":[3],"current_hp_per_floor":[63,59,59,59,56,53,53,33,33,28,28,28,27,27,27,20,58,55,55,52,44,44,44,24,60,60,60,60,60,58,26,62,0,0],"gold":260,"neow_bonus":"ONE_RARE_RELIC","is_daily":false,"chose_seed":false,"campfire_upgraded":3,"win_rate":0.0,"timestamp":1608228757,"path_taken":["M","M","$","?","M","E","R","E","T","?","?","R","?","$","R","BOSS","M","?","M","M","?","R","E","R","T","R","?","?","M","E","R","BOSS"],"items_purchased_type":["Card"],"build_version":"2020-12-13","purchased_purges":2,"victory":false,"max_hp_per_floor":[70,70,70,70,70,70,70,70,70,70,70,70,70,70,70,70,70,70,70,70,70,70,70,70,70,70,70,70,70,72,72,72,72,72],"relic_stats":{"Regal Pillow":30,"Shovel":2,"Singing Bowl":2,"counters":[16,91],"Shuriken":[9],"Snake Skull":[65],"Boot":[1],"obtain_stats":[{"Regal Pillow":6,"Lantern":27,"Singing Bowl":24,"SacredBark":17,"The Courier":8,"Snake Skull":9,"Boot":31,"White Beast Statue":7,"WarpedTongs":4,"CaptainsWheel":29,"Shovel":0,"Shuriken":26,"Ring of the Snake":0},{"Regal Pillow":4,"Lantern":12,"Singing Bowl":12,"SacredBark":8,"The Courier":5,"Snake Skull":5,"Boot":15,"White Beast Statue":4,"WarpedTongs":2,"CaptainsWheel":13,"Shovel":0,"Shuriken":12,"Ring of the Snake":0},{"Regal Pillow":18,"Lantern":63,"Singing Bowl":63,"SacredBark":42,"The Courier":26,"Snake Skull":26,"Boot":83,"White Beast Statue":18,"WarpedTongs":11,"CaptainsWheel":69,"Shovel":0,"Shuriken":63,"Ring of the Snake":0}],"Ring of the Snake":[32],"WarpedTongs":[78]},"card_choices":[{"not_picked":["Blur","Choke"],"picked":"Dagger Throw","floor":1},{"not_picked":["Bane","Heel Hook"],"picked":"Sucker Punch","floor":2},{"not_picked":["Deadly Poison","PiercingWail"],"picked":"Crippling Poison","floor":5},{"not_picked":["Distraction","Sucker Punch"],"picked":"Dagger Spray","floor":6},{"not_picked":["Flying Knee","Crippling Poison"],"picked":"Acrobatics","floor":8},{"not_picked":["Backstab","Flechettes"],"picked":"Bouncing Flask","floor":10},{"not_picked":["Underhanded Strike","Caltrops"],"picked":"Malaise","floor":13},{"not_picked":["Malaise","Venomology"],"picked":"Wraith Form v2","floor":16},{"not_picked":["Blade Dance","Sucker Punch"],"picked":"Concentrate+1","floor":18},{"not_picked":["Acrobatics","Poisoned Stab","Outmaneuver+1"],"picked":"SKIP","floor":20},{"not_picked":["Dagger Throw","Distraction"],"picked":"Acrobatics+1","floor":21},{"not_picked":["Poisoned Stab","Cloak And Dagger"],"picked":"Prepared+1","floor":24},{"not_picked":["Deadly Poison","Expertise"],"picked":"Reflex","floor":28},{"not_picked":["Terror","Poisoned Stab+1","Concentrate"],"picked":"Singing Bowl","floor":30},{"not_picked":["Bane","Grand Finale"],"picked":"All Out Attack+1","floor":31}],"player_experience":2641311,"relics_obtained":[{"floor":6,"key":"Regal Pillow"},{"floor":7,"key":"White Beast Statue"},{"floor":8,"key":"The Courier"},{"floor":9,"key":"Snake Skull"},{"floor":24,"key":"Singing Bowl"},{"floor":26,"key":"Shuriken"},{"floor":27,"key":"Lantern"},{"floor":31,"key":"Boot"}],"event_choices":[{"damage_healed":0,"gold_gain":0,"player_choice":"Rummage","damage_taken":0,"relics_obtained":["WarpedTongs"],"max_hp_gain":0,"max_hp_loss":0,"event_name":"Accursed Blacksmith","floor":4,"gold_loss":0,"cards_obtained":["Pain"]},{"damage_healed":0,"gold_gain":0,"player_choice":"Bought 1 Potion","damage_taken":0,"max_hp_gain":0,"max_hp_loss":0,"event_name":"The Woman in Blue","floor":11,"gold_loss":0},{"damage_healed":0,"gold_gain":0,"player_choice":"Smashed Altar","damage_taken":0,"max_hp_gain":0,"max_hp_loss":0,"event_name":"Forgotten Altar","floor":19,"gold_loss":0,"cards_obtained":["Decay"]},{"damage_healed":0,"gold_gain":0,"cards_transformed":["Strike_G"],"player_choice":"Transformed","damage_taken":0,"max_hp_gain":0,"max_hp_loss":0,"event_name":"Transmorgrifier","floor":22,"gold_loss":0,"cards_obtained":["Sucker Punch"]},{"damage_healed":0,"gold_gain":0,"player_choice":"Obtained Relic","damage_taken":0,"relics_obtained":["CaptainsWheel"],"max_hp_gain":0,"max_hp_loss":0,"event_name":"Addict","floor":29,"gold_loss":85}],"is_beta":false,"boss_relics":[{"not_picked":["Ring of the Serpent","Cursed Key"],"picked":"SacredBark"}],"items_purged_floors":[3,14],"is_endless":false,"potions_floor_spawned":[1,2,8,10,13,16,18,20,21,24,28,30,31],"killed_by":"Automaton","ascension_level":10}}