{"host":"dpt0yvift1apngdd","time":1608163588,"event":{"mods":["BaseMod","Better Match","Better Third Choice","BetterRewards","Colored Map","Colored Powertips","Downfall","Friendly Minions","Googly Eyes","Mimic Mod","Minty Spire (QoL Compilation)","Quick Restart","Rare Cards Sparkle","Replay The Spire","Shop Mod","Spicy Shops","StSLib","The Death Knight","The Jungle","The Necromancer","Waifu the Spire","WarShipGirlsR/????R mod"],"gold_per_floor":[99,99,124,124,124,124,202,202,214,243,262,117,184,204,220,315,315,240,340,96,96,113,147,147,160,160,189,205,219,449,464,481,577,577,502,23,78,89,116,135,175,207,132,161,178,188,203,223,236,236,236,236,236],"floor_reached":52,"playtime":7077,"items_purged":["hexamod:Strike","hexamod:Strike"],"score":1144,"play_id":"9449d1b3-f4d6-4483-9ce3-a2476a87548d","local_time":"20201216180628","is_ascension_mode":false,"campfire_choices":[{"floor":1,"key":"RECALL"},{"data":"hexamod:BurningTouch","floor":6,"key":"SMITH"},{"data":"hexamod:BurningTouch","floor":8,"key":"SMITH"},{"data":"hexamod:SoulSteal","floor":21,"key":"SMITH"},{"data":"hexamod:Sear","floor":26,"key":"SMITH"}],"circlet_count":0,"master_deck":["hexamod:Strike+1","hexamod:Strike+1","hexamod:Defend+1","hexamod:Defend+1","hexamod:Defend+1","hexamod:Defend+1","hexamod:Sear+1","hexamod:Float+1","hexamod:BurningTouch+1","hexamod:ExtraCrispy+1","hexamod:BurningTouch+1","hexamod:RainOfEmbers+1","hexamod:SoulSteal+1","hexamod:FirstSeal","hexamod:ThirdSeal","hexamod:Incineration+1","hexamod:RainOfEmbers+1","hexamod:VolcanoVisage+1","hexamod:Firestarter+1","hexamod:StepThrough+1","hexamod:SixthSeal","hexamod:DynamicBlow+1","hexamod:HeatMetal+1","hexamod:HauntingEcho+1","hexamod:NightmareGuise+1","hexamod:ThermalTransfer+1","hexamod:SearingWound+1","hexamod:SpectersWail+1","hexamod:NightmareGuise+1","Dramatic Entrance+1","hexamod:SpectersWail+1","hexamod:StepThrough+1","hexamod:SpectersWail+1","hexamod:SpectersWail+1","hexamod:ThermalTransfer+1","hexamod:Hexaguard+1","hexamod:InspiringFlames+1"],"relics":["hexamod:SpiritBrand","downfall:HeartsMalice","HornCleat","Molten Egg 2","Replay:Accelerometer","Omamori","ReplayTheSpireMod:Shallot","Busted Crown","downfall:HeartBlessingRed","White Beast Statue","Tiny Chest","Bronze Scales","Chameleon Ring","Replay:Ringing Soul","Replay:Bronze Core","downfall:HeartBlessingGreen","Bird Faced Urn","Counterbalance","Replay:Bottled Snecko","Iron Hammer","downfall:HeartBlessingBlue","Shovel"],"acts_visited":["Exordium","TheCity","TheBeyond","TheEnding"],"potions_floor_usage":[16,27,27,27,32,33,37,44,44,48,49],"damage_taken":[{"damage":0,"enemies":"Small Slimes","floor":2,"turns":1},{"damage":0,"enemies":"Gremlin Nob","floor":3,"turns":1},{"damage":0,"enemies":"Cultist","floor":5,"turns":1},{"damage":0,"enemies":"2 Louse","floor":9,"turns":3},{"damage":16,"enemies":"Lagavulin","floor":10,"turns":6},{"damage":0,"enemies":"Large Slime","floor":11,"turns":3},{"damage":0,"enemies":"downfall:FleeingMerchant","floor":12,"turns":4},{"damage":10,"enemies":"Red Slaver","floor":14,"turns":3},{"damage":9,"enemies":"Exordium Thugs","floor":15,"turns":4},{"damage":11,"enemies":"downfall:Ironclad","floor":16,"turns":4},{"damage":8,"enemies":"downfall:LadyInBlue","floor":19,"turns":8},{"damage":0,"enemies":"downfall:FleeingMerchant","floor":20,"turns":4},{"damage":0,"enemies":"Chosen","floor":22,"turns":3},{"damage":10,"enemies":"Slavers","floor":23,"turns":4},{"damage":0,"enemies":"Spheric Guardian","floor":25,"turns":3},{"damage":42,"enemies":"Gremlin Leader","floor":27,"turns":6},{"damage":17,"enemies":"Centurion and Healer","floor":28,"turns":6},{"damage":20,"enemies":"Shelled Parasite and Fungi","floor":29,"turns":3},{"damage":0,"enemies":"downfall:FleeingMerchant","floor":30,"turns":3},{"damage":1,"enemies":"Snake Plant","floor":31,"turns":3},{"damage":0,"enemies":"Snecko","floor":32,"turns":3},{"damage":7,"enemies":"downfall:Silent","floor":33,"turns":4},{"damage":4,"enemies":"2 Orb Walkers","floor":37,"turns":3},{"damage":6,"enemies":"Orb Walker","floor":38,"turns":3},{"damage":9,"enemies":"Reptomancer","floor":39,"turns":5},{"damage":3,"enemies":"3 Shapes","floor":40,"turns":2},{"damage":1,"enemies":"Sphere and 2 Shapes","floor":41,"turns":7},{"damage":0,"enemies":"Nemesis","floor":42,"turns":4},{"damage":10,"enemies":"Reptomancer","floor":44,"turns":5},{"damage":0,"enemies":"Sphere and 2 Shapes","floor":45,"turns":2},{"damage":2,"enemies":"Transient","floor":46,"turns":5},{"damage":16,"enemies":"Writhing Mass","floor":47,"turns":4},{"damage":12,"enemies":"Spire Growth","floor":48,"turns":3},{"damage":19,"enemies":"Maw","floor":49,"turns":6},{"damage":7,"enemies":"downfall:Watcher","floor":50,"turns":6},{"damage":147,"enemies":"downfall:CharBossMerchant","floor":52,"turns":7}],"seed_played":"1859488866707177292","potions_obtained":[{"floor":4,"key":"Elixir"},{"floor":4,"key":"SmokeBomb"},{"floor":4,"key":"EntropicBrew"},{"floor":9,"key":"BlessingOfTheForge"},{"floor":11,"key":"hexamod:InfernoChargePotion"},{"floor":13,"key":"BlessingOfTheForge"},{"floor":19,"key":"Regen Potion"},{"floor":28,"key":"Strength Potion"},{"floor":29,"key":"Cursed Concoction"},{"floor":30,"key":"LifebloodPotion"},{"floor":32,"key":"champ:CounterPotion"},{"floor":35,"key":"Reflective Coating"},{"floor":35,"key":"Fire Potion"},{"floor":37,"key":"Dexterity Potion"},{"floor":38,"key":"LifebloodPotion"},{"floor":39,"key":"Fire Potion"},{"floor":45,"key":"DistilledChaos"},{"floor":47,"key":"Energy Potion"}],"is_trial":false,"path_per_floor":["R","M","E","?","M","R","T","R","M","E","M","$","?","M","M","B",null,"R_BF","?","$","R","M","E","T","M","R","E","M","M","$","M","M","B",null,"R","$","?","M","E","M","MIM","E","R","E","M","M","M","M","M","B",null,"E"],"character_chosen":"THE_SPIRIT","items_purchased":["hexamod:Incineration+1","Omamori","Tiny Chest","Dramatic Entrance+1","Bird Faced Urn","hexamod:SpectersWail+1"],"campfire_rested":0,"item_purchase_floors":[12,12,20,36,36,36],"current_hp_per_floor":[70,70,70,70,70,70,70,70,70,54,54,61,61,58,56,45,70,70,69,69,69,70,67,67,67,67,45,38,18,28,37,40,40,82,82,85,84,91,87,86,94,97,107,106,107,110,99,89,83,84,113,0,0],"gold":236,"neow_bonus":"THREE_ENEMY_KILL","is_daily":false,"chose_seed":false,"campfire_upgraded":4,"win_rate":0.0,"timestamp":1608163588,"path_taken":["R","M","E","?","?","R","T","R","M","E","M","$","?","M","M","BOSS","R_BF","?","?","R","M","E","T","M","R","E","M","M","$","M","M","BOSS","R","$","?","M","E","M","MIM","E","R","E","M","M","?","M","M","BOSS","E"],"items_purchased_type":["Card","Relic","Relic","Card","Relic","Card"],"build_version":"2020-12-13","purchased_purges":2,"victory":false,"max_hp_per_floor":[70,70,70,70,70,70,70,70,70,70,70,70,70,70,70,70,70,70,70,70,70,70,70,70,70,70,70,73,73,76,79,82,82,82,82,85,88,91,94,94,94,97,107,107,107,110,113,113,113,113,113,113,113],"card_choices":[{"not_picked":["hexamod:AdvancingGuard","hexamod:EmpoweredFlame"],"picked":"hexamod:BurningTouch","floor":2},{"not_picked":["hexamod:Hexaguard","hexamod:BurningTouch"],"picked":"hexamod:ExtraCrispy","floor":3},{"not_picked":["hexamod:TurnItUp","hexamod:BacktrackSmack"],"picked":"hexamod:BurningTouch","floor":5},{"not_picked":["hexamod:NightmareStrike+1","hexamod:NightmareGuise"],"picked":"hexamod:RainOfEmbers+1","floor":9},{"not_picked":["hexamod:GhostShield","hexamod:GhostOfSpireFuture"],"picked":"hexamod:SoulSteal","floor":10},{"not_picked":["hexamod:Again","hexamod:GhostLash+1"],"picked":"hexamod:FirstSeal","floor":11},{"not_picked":["hexamod:SpectralAdrenaline","hexamod:FourthSeal"],"picked":"hexamod:ThirdSeal","floor":12},{"not_picked":["hexamod:NightmareGuise","hexamod:BurningTouch"],"picked":"hexamod:RainOfEmbers+1","floor":13},{"not_picked":["hexamod:GhostShield","hexamod:CatchUp"],"picked":"hexamod:VolcanoVisage","floor":14},{"not_picked":["hexamod:NightmareGuise","hexamod:SpectralAdrenaline"],"picked":"hexamod:Firestarter+1","floor":14},{"not_picked":["hexamod:GhostLash+1","hexamod:BurningTouch"],"picked":"hexamod:StepThrough+1","floor":15},{"not_picked":["hexamod:HexaLevel","hexamod:TimeWarp+1"],"picked":"hexamod:SixthSeal","floor":16},{"not_picked":[],"picked":"hexamod:DynamicBlow+1","floor":19},{"not_picked":["hexamod:InspiringFlames"],"picked":"SKIP","floor":20},{"not_picked":["hexamod:GhostShield"],"picked":"SKIP","floor":22},{"not_picked":["hexamod:PhantomCloak+1"],"picked":"SKIP","floor":23},{"not_picked":[],"picked":"hexamod:HeatMetal+1","floor":25},{"not_picked":[],"picked":"hexamod:HauntingEcho+1","floor":27},{"not_picked":["hexamod:NightmareStrike+1"],"picked":"SKIP","floor":27},{"not_picked":[],"picked":"hexamod:NightmareGuise","floor":28},{"not_picked":[],"picked":"hexamod:ThermalTransfer+1","floor":28},{"not_picked":["hexamod:GhostShield"],"picked":"SKIP","floor":29},{"not_picked":[],"picked":"hexamod:SearingWound","floor":30},{"not_picked":[],"picked":"hexamod:SpectersWail+1","floor":31},{"not_picked":["hexamod:BacktrackSmack+1"],"picked":"SKIP","floor":31},{"not_picked":[],"picked":"hexamod:NightmareGuise+1","floor":32},{"not_picked":[],"picked":"hexamod:StepThrough+1","floor":37},{"not_picked":[],"picked":"hexamod:SpectersWail+1","floor":38},{"not_picked":["hexamod:NightmareStrike+1"],"picked":"SKIP","floor":38},{"not_picked":[],"picked":"hexamod:SpectersWail+1","floor":39},{"not_picked":["hexamod:GhostLash+1"],"picked":"SKIP","floor":40},{"not_picked":[],"picked":"hexamod:ThermalTransfer+1","floor":42},{"not_picked":["hexamod:RainOfEmbers+1"],"picked":"SKIP","floor":44},{"not_picked":["hexamod:NightmareStrike+1"],"picked":"SKIP","floor":45},{"not_picked":[],"picked":"hexamod:Hexaguard+1","floor":46},{"not_picked":["hexamod:NightmareGuise"],"picked":"SKIP","floor":46},{"not_picked":[],"picked":"hexamod:InspiringFlames","floor":47},{"not_picked":["hexamod:NightmareStrike+1"],"picked":"SKIP","floor":47},{"not_picked":["hexamod:RainOfEmbers+1"],"picked":"SKIP","floor":48},{"not_picked":["hexamod:FastForward"],"picked":"SKIP","floor":49}],"player_experience":115487,"relics_obtained":[{"floor":3,"key":"HornCleat"},{"floor":7,"key":"Molten Egg 2"},{"floor":10,"key":"Replay:Accelerometer"},{"floor":13,"key":"ReplayTheSpireMod:Shallot"},{"floor":19,"key":"White Beast Statue"},{"floor":23,"key":"Bronze Scales"},{"floor":24,"key":"Chameleon Ring"},{"floor":27,"key":"Replay:Ringing Soul"},{"floor":37,"key":"Counterbalance"},{"floor":39,"key":"Replay:Bottled Snecko"},{"floor":42,"key":"Iron Hammer"},{"floor":44,"key":"Shovel"}],"event_choices":[{"damage_healed":0,"gold_gain":0,"player_choice":"Got Potions","damage_taken":0,"max_hp_gain":0,"max_hp_loss":0,"event_name":"Lab","floor":4,"gold_loss":0},{"damage_healed":0,"gold_gain":0,"player_choice":"Fight","damage_taken":0,"max_hp_gain":0,"max_hp_loss":0,"event_name":"Mysterious Sphere","floor":37,"gold_loss":0}],"is_beta":false,"boss_relics":[{"not_picked":["ChewingGum","Ectoplasm"],"picked":"Busted Crown"},{"not_picked":["Astrolabe","Honey Jar"],"picked":"Replay:Bronze Core"}],"items_purged_floors":[20,30],"is_endless":false,"potions_floor_spawned":[9,11,14,15,20,22,23,25,28,29,30,31,32,33,37,38,39,40,41,42,44,45,46,47,48,49],"killed_by":"downfall:CharBossMerchant","ascension_level":0}}