{"host":"r53pw7z744tg3fxg","time":1608164695,"event":{"mods":["AchievementEnabler","BaseMod","Colored Map","Colored Powertips","Highlight Path","Minty Spire (QoL Compilation)","Quick Restart","Transform Curses"],"gold_per_floor":[115,128,146,146,96,21,42,84,84,113,166,166,215,239,239,371,371,392,492,515,515,515],"floor_reached":21,"playtime":1189,"items_purged":[],"score":261,"play_id":"1857ef92-6681-4f76-89fd-3cded97a94ab","local_time":"20201216172455","is_ascension_mode":true,"campfire_choices":[{"floor":12,"key":"REST"},{"floor":15,"key":"REST"}],"circlet_count":0,"master_deck":["Strike_P","Strike_P","Strike_P","Strike_P","Defend_P","Defend_P","Defend_P","Defend_P","Eruption","Vigilance","Evaluate","ClearTheMind","Sanctity","Wireheading","SignatureMove","ForeignInfluence","PathToVictory","SashWhip","BattleHymn","ConjureBlade","FlurryOfBlows"],"relics":["PureWater","Potion Belt","Golden Idol","CeramicFish","StrikeDummy","Darkstone Periapt","Toy Ornithopter","Black Star"],"acts_visited":["Exordium","TheCity"],"potions_floor_usage":[8,13,16],"damage_taken":[{"damage":0,"enemies":"Jaw Worm","floor":1,"turns":3},{"damage":0,"enemies":"2 Louse","floor":2,"turns":3},{"damage":0,"enemies":"Cultist","floor":3,"turns":3},{"damage":9,"enemies":"2 Fungi Beasts","floor":7,"turns":6},{"damage":7,"enemies":"Lagavulin","floor":8,"turns":6},{"damage":5,"enemies":"Exordium Wildlife","floor":10,"turns":5},{"damage":12,"enemies":"3 Sentries","floor":11,"turns":7},{"damage":12,"enemies":"Gremlin Nob","floor":13,"turns":3},{"damage":15,"enemies":"Large Slime","floor":14,"turns":6},{"damage":37,"enemies":"The Guardian","floor":16,"turns":12},{"damage":43,"enemies":"3 Byrds","floor":18,"turns":6},{"damage":33,"enemies":"Shell Parasite","floor":20,"turns":9},{"damage":31,"enemies":"Centurion and Healer","floor":21,"turns":2}],"seed_played":"7043558418933829471","potions_obtained":[{"floor":7,"key":"BlessingOfTheForge"},{"floor":10,"key":"FairyPotion"},{"floor":11,"key":"AttackPotion"},{"floor":14,"key":"ColorlessPotion"},{"floor":18,"key":"PowerPotion"}],"is_trial":false,"path_per_floor":["M","M","M","?","?","$","M","E","T","M","E","R","E","M","R","B",null,"M","?","M","M"],"character_chosen":"WATCHER","items_purchased":["Sanctity"],"campfire_rested":2,"item_purchase_floors":[6],"current_hp_per_floor":[65,65,65,65,65,65,56,49,49,44,32,53,41,26,47,15,58,15,15,21,0,0],"gold":515,"neow_bonus":"RANDOM_COMMON_RELIC","is_daily":false,"chose_seed":false,"campfire_upgraded":0,"win_rate":0.0,"timestamp":1608164695,"path_taken":["M","M","M","?","?","?","M","E","T","M","E","R","E","M","R","BOSS","M","?","?","M"],"items_purchased_type":["Card"],"build_version":"2020-12-13","purchased_purges":0,"victory":false,"max_hp_per_floor":[72,72,72,72,72,72,72,72,72,72,72,72,72,72,72,72,72,72,72,72,72,72],"card_choices":[{"not_picked":["CrushJoints","EmptyFist","Adaptation"],"picked":"SKIP","floor":1},{"not_picked":["JustLucky","Nirvana"],"picked":"Evaluate","floor":2},{"not_picked":["Protect","Prostrate"],"picked":"ClearTheMind","floor":3},{"not_picked":["JustLucky","WaveOfTheHand"],"picked":"Wireheading","floor":7},{"not_picked":["FlyingSleeves","Evaluate"],"picked":"SignatureMove","floor":8},{"not_picked":["Halt","EmptyBody"],"picked":"ForeignInfluence","floor":10},{"not_picked":["Wallop","Evaluate"],"picked":"PathToVictory","floor":11},{"not_picked":["DevaForm","EmptyFist"],"picked":"SashWhip","floor":13},{"not_picked":["ForeignInfluence","Tantrum"],"picked":"BattleHymn","floor":14},{"not_picked":["Omniscience","Alpha"],"picked":"ConjureBlade","floor":16},{"not_picked":["Perseverance","EmptyFist","JustLucky"],"picked":"SKIP","floor":18},{"not_picked":["ClearTheMind","Evaluate"],"picked":"FlurryOfBlows","floor":20}],"player_experience":1109828,"relics_obtained":[{"floor":8,"key":"CeramicFish"},{"floor":9,"key":"StrikeDummy"},{"floor":11,"key":"Darkstone Periapt"},{"floor":13,"key":"Toy Ornithopter"}],"event_choices":[{"damage_healed":0,"gold_gain":0,"player_choice":"Take Wound","damage_taken":0,"relics_obtained":["Golden Idol"],"max_hp_gain":0,"max_hp_loss":0,"event_name":"Golden Idol","floor":4,"gold_loss":0,"cards_obtained":["Injury"]},{"cards_removed":["Injury"],"damage_healed":0,"gold_gain":0,"player_choice":"Card Removal","damage_taken":0,"max_hp_gain":0,"max_hp_loss":0,"event_name":"The Cleric","floor":5,"gold_loss":50},{"damage_healed":0,"gold_gain":100,"player_choice":"Pray","damage_taken":0,"max_hp_gain":0,"max_hp_loss":0,"event_name":"Golden Shrine","floor":19,"gold_loss":0}],"is_beta":false,"boss_relics":[{"not_picked":["Philosopher\u0027s Stone","Velvet Choker"],"picked":"Black Star"}],"items_purged_floors":[],"is_endless":false,"potions_floor_spawned":[7,10,11,14,18],"killed_by":"Centurion and Healer","ascension_level":6}}