{"host":"t75twhtg6c476ygg","time":1608238926,"event":{"mods":["AchievementEnabler","BaseMod","Colored Powertips","Minty Spire (QoL Compilation)","Quick Restart","Relic Stats","StSLib","SuperFastMode"],"gold_per_floor":[115,115,115,133,143,168,168,203,256,270,270,281,281,231,231,327,327,347,357,367,385,398,398,427,427,504,504,504,522,538,567,567,670,670,688,688,688,699,712,712,727,727,727,727,727,757,772,772,772,772],"floor_reached":51,"playtime":892,"items_purged":[],"score":1155,"play_id":"eef9eaf9-417b-47a6-9992-8ead7f41ae74","local_time":"20201217210206","is_ascension_mode":true,"campfire_choices":[{"floor":7.0,"key":"REST"},{"floor":15.0,"key":"REST"},{"floor":23.0,"key":"REST"},{"floor":25.0,"key":"REST"},{"floor":32.0,"key":"REST"},{"floor":40.0,"key":"REST"},{"floor":42.0,"key":"REST"},{"floor":49.0,"key":"REST"}],"circlet_count":0,"master_deck":["Dropkick+1","Dropkick+1","Dropkick+1","Good Instincts+1","Trip+1"],"relics":["Pandora\u0027s Box"],"acts_visited":["Exordium","TheCity","TheBeyond"],"potions_floor_usage":[50,50,50],"damage_taken":[{"damage":0.0,"enemies":"2 Louse","floor":1.0,"turns":1.0},{"damage":3.0,"enemies":"Jaw Worm","floor":4.0,"turns":2.0},{"damage":0.0,"enemies":"Cultist","floor":5.0,"turns":1.0},{"damage":0.0,"enemies":"Gremlin Nob","floor":6.0,"turns":1.0},{"damage":0.0,"enemies":"Lagavulin","floor":8.0,"turns":1.0},{"damage":0.0,"enemies":"Red Slaver","floor":10.0,"turns":1.0},{"damage":0.0,"enemies":"Large Slime","floor":12.0,"turns":1.0},{"damage":0.0,"enemies":"Hexaghost","floor":16.0,"turns":1.0},{"damage":0.0,"enemies":"Chosen","floor":18.0,"turns":1.0},{"damage":0.0,"enemies":"Shell Parasite","floor":19.0,"turns":1.0},{"damage":0.0,"enemies":"Chosen and Byrds","floor":20.0,"turns":2.0},{"damage":0.0,"enemies":"Snake Plant","floor":21.0,"turns":2.0},{"damage":0.0,"enemies":"Shelled Parasite and Fungi","floor":22.0,"turns":1.0},{"damage":0.0,"enemies":"Book of Stabbing","floor":24.0,"turns":1.0},{"damage":0.0,"enemies":"Centurion and Healer","floor":29.0,"turns":2.0},{"damage":0.0,"enemies":"3 Cultists","floor":30.0,"turns":2.0},{"damage":0.0,"enemies":"Gremlin Leader","floor":31.0,"turns":1.0},{"damage":7.0,"enemies":"Automaton","floor":33.0,"turns":4.0},{"damage":0.0,"enemies":"3 Shapes","floor":35.0,"turns":1.0},{"damage":0.0,"enemies":"3 Darklings","floor":38.0,"turns":1.0},{"damage":0.0,"enemies":"Jaw Worm Horde","floor":39.0,"turns":1.0},{"damage":3.0,"enemies":"4 Shapes","floor":41.0,"turns":1.0},{"damage":0.0,"enemies":"Nemesis","floor":46.0,"turns":1.0},{"damage":0.0,"enemies":"3 Darklings","floor":47.0,"turns":1.0},{"damage":41,"enemies":"Time Eater","floor":50,"turns":5}],"seed_played":"6308543612196835182","potions_obtained":[{"floor":1.0,"key":"BloodPotion"},{"floor":8.0,"key":"Dexterity Potion"},{"floor":10.0,"key":"Block Potion"}],"is_trial":false,"path_per_floor":["M","?","?","M","M","E","R","E","T","M","$","M","?","$","R","B",null,"M","M","M","M","M","R","E","R","T","?","?","M","M","E","R","B",null,"M","?","$","M","M","R","M","R","T","?","T","E","M","?","R","B",null],"character_chosen":"IRONCLAD","items_purchased":["SteroidPotion"],"campfire_rested":8,"item_purchase_floors":[14],"current_hp_per_floor":[80,85,85,82,82,82,85,85,85,85,85,85,85,85,85,85,85,85,85,85,85,85,85,85,85,85,85,85,85,85,85,85,78,85,85,82,82,82,82,85,82,85,85,85,85,85,85,85,85,61],"gold":772,"neow_bonus":"THREE_ENEMY_KILL","is_daily":false,"chose_seed":false,"campfire_upgraded":0,"win_rate":0.0,"timestamp":1608238926,"path_taken":["M","?","?","?","M","E","R","E","T","M","?","M","?","?","R","BOSS","M","?","M","M","M","R","E","R","T","?","?","M","M","E","R","BOSS","M","?","$","M","?","R","M","R","T","?","?","E","M","?","R","BOSS"],"items_purchased_type":["Potion"],"build_version":"2020-12-13","purchased_purges":0,"victory":true,"max_hp_per_floor":[80,85,85,85,85,85,85,85,85,85,85,85,85,85,85,85,85,85,85,85,85,85,85,85,85,85,85,85,85,85,85,85,85,85,85,85,85,85,85,85,85,85,85,85,85,85,85,85,85,85],"relic_stats":{"counters":[25,37],"Pandora\u0027s Box":[],"obtain_stats":[{"Darkstone Periapt":43,"Matryoshka":24,"NeowsBlessing":0,"Pandora\u0027s Box":1,"Coffee Dripper":17,"Burning Blood":0,"Akabeko":31,"Paper Frog":6},{"Darkstone Periapt":22,"Matryoshka":14,"NeowsBlessing":0,"Pandora\u0027s Box":1,"Coffee Dripper":8,"Burning Blood":0,"Akabeko":17,"Paper Frog":4},{"Darkstone Periapt":30,"Matryoshka":17,"NeowsBlessing":0,"Pandora\u0027s Box":1,"Coffee Dripper":9,"Burning Blood":0,"Akabeko":22,"Paper Frog":5}]},"card_choices":[{"not_picked":["Reckless Charge","Headbutt"],"picked":"Twin Strike","floor":1.0},{"not_picked":["Clothesline","Wild Strike","Impervious"],"picked":"SKIP","floor":4.0},{"not_picked":["Inflame","Fire Breathing","Clash"],"picked":"SKIP","floor":5.0},{"not_picked":["Perfected Strike","Pommel Strike","Uppercut"],"picked":"SKIP","floor":6.0},{"not_picked":["Rupture","Barricade","Havoc"],"picked":"SKIP","floor":8.0},{"not_picked":["Rupture","Barricade","Havoc"],"picked":"SKIP","floor":8.0},{"not_picked":["Headbutt","Armaments","Evolve"],"picked":"SKIP","floor":10.0},{"not_picked":["Shrug It Off","Berserk","Warcry"],"picked":"SKIP","floor":12.0},{"not_picked":["Thunderclap","Hemokinesis","Anger"],"picked":"SKIP","floor":18.0},{"not_picked":["Bloodletting","Iron Wave","Twin Strike+1"],"picked":"SKIP","floor":19.0},{"not_picked":["Armaments","Clothesline","Perfected Strike"],"picked":"SKIP","floor":20.0},{"not_picked":["Seeing Red","Flex","Body Slam"],"picked":"SKIP","floor":21.0},{"not_picked":["Anger+1","Warcry","Wild Strike"],"picked":"SKIP","floor":22.0},{"not_picked":["Exhume","Armaments","True Grit"],"picked":"SKIP","floor":24.0},{"not_picked":["Clothesline","Headbutt+1","Sword Boomerang"],"picked":"SKIP","floor":29.0},{"not_picked":["Rage+1","Shrug It Off+1","Headbutt"],"picked":"SKIP","floor":30.0},{"not_picked":["Body Slam+1","Rampage","Shrug It Off"],"picked":"SKIP","floor":31.0},{"not_picked":["Power Through+1","Clothesline","Headbutt+1"],"picked":"SKIP","floor":35.0},{"not_picked":["Dual Wield+1","Dropkick+1","Wild Strike+1"],"picked":"SKIP","floor":38.0},{"not_picked":["Pummel+1","Havoc","Anger"],"picked":"SKIP","floor":39.0},{"not_picked":["Evolve","Sword Boomerang+1","Burning Pact"],"picked":"SKIP","floor":41.0},{"not_picked":["Feel No Pain","Clash+1","Shrug It Off+1"],"picked":"SKIP","floor":46.0},{"not_picked":["Reckless Charge+1","Pummel+1","Wild Strike"],"picked":"SKIP","floor":47.0}],"player_experience":178048,"relics_obtained":[{"floor":6.0,"key":"Paper Frog"},{"floor":24.0,"key":"Matryoshka"},{"floor":31.0,"key":"Akabeko"},{"floor":43.0,"key":"Darkstone Periapt"}],"event_choices":[{"damage_healed":0.0,"max_hp_gain":5.0,"max_hp_loss":0.0,"gold_gain":0.0,"event_name":"Big Fish","player_choice":"Donut","floor":2.0,"gold_loss":0.0,"damage_taken":0.0},{"cards_removed":["Good Instincts"],"damage_healed":0.0,"max_hp_gain":0.0,"max_hp_loss":0.0,"gold_gain":0.0,"event_name":"Bonfire Elementals","player_choice":"Offered Uncommon","floor":3.0,"gold_loss":0.0,"damage_taken":0.0},{"damage_healed":0.0,"max_hp_gain":0.0,"max_hp_loss":0.0,"gold_gain":0.0,"event_name":"Shining Light","player_choice":"Ignored","floor":13.0,"gold_loss":0.0,"damage_taken":0.0},{"damage_healed":0.0,"max_hp_gain":0.0,"max_hp_loss":0.0,"gold_gain":0.0,"event_name":"Ghosts","player_choice":"Ignored","floor":27.0,"gold_loss":0.0,"damage_taken":0.0},{"damage_healed":0.0,"max_hp_gain":0.0,"max_hp_loss":0.0,"gold_gain":0.0,"event_name":"Designer","player_choice":"Punched","floor":36.0,"gold_loss":0.0,"damage_taken":3.0},{"damage_healed":0.0,"max_hp_gain":0.0,"max_hp_loss":0.0,"gold_gain":0.0,"event_name":"Tomb of Lord Red Mask","player_choice":"Ignored","floor":44.0,"gold_loss":0.0,"damage_taken":0.0},{"damage_healed":0.0,"max_hp_gain":0.0,"max_hp_loss":0.0,"gold_gain":0.0,"event_name":"Upgrade Shrine","player_choice":"Ignored","floor":48.0,"gold_loss":0.0,"damage_taken":0.0}],"is_beta":false,"boss_relics":[{"not_picked":["Philosopher\u0027s Stone","Snecko Eye"],"picked":"Coffee Dripper"},{"not_picked":["SlaversCollar","Cursed Key","Runic Dome"]}],"items_purged_floors":[],"is_endless":false,"potions_floor_spawned":[1,8,10,16,19,29,30,31,33,35,41],"ascension_level":4}}