{"host":"684z1xpuwaoqmmh1","time":1608186440,"event":{"mods":["Bard","BaseMod","Downfall","Hermit","Jorbs\u0027s Wanderer Trilogy","Marisa????????","Minty Spire (QoL Compilation)","StSLib","The Hierophant","The Mystic","The Runesmith"],"gold_per_floor":[99,117,135,60,87,104,131,41,71,71,83,99,99,110,127,225,225,225,251,261,246,271,285,285,210,245,170,199,224,253,60,88,194,194,194,207,207,232,232,232],"floor_reached":39,"playtime":2642,"items_purged":["champ:Strike"],"score":683,"play_id":"67f80dc8-2a59-4c7c-84b1-d8e75a22876f","local_time":"20201217082720","is_ascension_mode":true,"campfire_choices":[{"floor":1,"key":"RECALL"},{"data":"champ:Taunt","floor":4,"key":"SMITH"},{"data":"champ:ShieldWall","floor":10,"key":"SMITH"},{"data":"champ:DancingMaster","floor":18,"key":"SMITH"},{"data":"champ:MurderStrike","floor":25,"key":"SMITH"},{"data":"champ:VampiricStrike","floor":27,"key":"SMITH"},{"data":"champ:ShieldThrow","floor":35,"key":"SMITH"},{"data":"champ:CheapShot","floor":37,"key":"SMITH"}],"circlet_count":0,"master_deck":["AscendersBane","champ:Execute","champ:Taunt+1","champ:Haymaker","champ:Balance+1","champ:ShieldWall+1","champ:FlashCut","champ:BerserkerStyle","champ:AdrenalArmor","champ:GladiatorStyle","champ:Encircle","champ:CrownThrow","champ:RisingSlash","champ:Devastate","champ:DancingMaster+1","champ:Control","champ:BerserkerStyle","champ:Control","champ:VampiricStrike+1","champ:MurderStrike+1","champ:CheapShot+1","champ:RageSigil+1","champ:BringItOn+1","champ:DefensiveStyle","champ:ShieldThrow+1","champ:Circumvent+1","champ:DefensiveStyle","champ:GutPunch","champ:LastStand","champ:Circumvent+1"],"relics":["champ:ChampionCrown","downfall:HeartBlessingRed","champ:DefensiveTrainingManual","Akabeko","StoneCalendar","Pandora\u0027s Box","Bottled Lightning","Toy Ornithopter","downfall:HeartBlessingBlue","CeramicFish","downfall:HeartBlessingGreen","PreservedInsect","sneckomod:SneckoTalon"],"acts_visited":["Exordium","TheCity","TheBeyond"],"potions_floor_usage":[5,11,16,16,20,22,30,39,39,39],"damage_taken":[{"damage":6,"enemies":"Jaw Worm","floor":2,"turns":4},{"damage":0,"enemies":"2 Louse","floor":3,"turns":2},{"damage":6,"enemies":"Gremlin Nob","floor":5,"turns":3},{"damage":0,"enemies":"Small Slimes","floor":6,"turns":3},{"damage":10,"enemies":"downfall:FleeingMerchant","floor":8,"turns":4},{"damage":33,"enemies":"Lagavulin","floor":9,"turns":6},{"damage":0,"enemies":"2 Fungi Beasts","floor":11,"turns":2},{"damage":9,"enemies":"Red Slaver","floor":12,"turns":4},{"damage":18,"enemies":"Gremlin Gang","floor":14,"turns":4},{"damage":7,"enemies":"3 Louse","floor":15,"turns":3},{"damage":31,"enemies":"downfall:Ironclad","floor":16,"turns":6},{"damage":30,"enemies":"Gremlin Leader","floor":19,"turns":5},{"damage":13,"enemies":"Shell Parasite","floor":20,"turns":3},{"damage":53,"enemies":"downfall:FleeingMerchant","floor":21,"turns":6},{"damage":32,"enemies":"Book of Stabbing","floor":22,"turns":4},{"damage":30,"enemies":"Chosen","floor":23,"turns":3},{"damage":86,"enemies":"Gremlin Leader","floor":26,"turns":6},{"damage":37,"enemies":"Shelled Parasite and Fungi","floor":28,"turns":4},{"damage":0,"enemies":"Snecko","floor":29,"turns":3},{"damage":28,"enemies":"Snake Plant","floor":30,"turns":4},{"damage":24,"enemies":"downfall:FleeingMerchant","floor":31,"turns":4},{"damage":51,"enemies":"Centurion and Healer","floor":32,"turns":7},{"damage":61,"enemies":"downfall:Watcher","floor":33,"turns":7},{"damage":6,"enemies":"3 Darklings","floor":36,"turns":4},{"damage":13,"enemies":"3 Shapes","floor":38,"turns":3},{"damage":142,"enemies":"Orin","floor":39,"turns":13}],"seed_played":"1256601741791389927","potions_obtained":[{"floor":3,"key":"Fire Potion"},{"floor":5,"key":"SneckoOil"},{"floor":9,"key":"Energy Potion"},{"floor":11,"key":"Strength Potion"},{"floor":16,"key":"LiquidMemories"},{"floor":20,"key":"PowerPotion"},{"floor":28,"key":"DistilledChaos"},{"floor":30,"key":"Swift Potion"},{"floor":32,"key":"EssenceOfSteel"},{"floor":33,"key":"GamblersBrew"}],"is_trial":false,"path_per_floor":["R","M","M","R","E","M","T","$","E","R","M","M","?","M","M","B",null,"R","E","M","$","E","M","T","R","E","R","M","M","M","$","M","B",null,"R","M","R","M","?"],"character_chosen":"THE_CHAMP","items_purchased":["PreservedInsect","champ:DefensiveStyle"],"campfire_rested":0,"item_purchase_floors":[31,31],"current_hp_per_floor":[81,75,75,75,69,69,69,69,46,46,46,46,46,41,41,20,73,73,67,67,54,49,69,69,79,46,46,46,73,81,87,85,94,99,99,100,100,100,0,0],"gold":232,"neow_bonus":"THREE_CARDS","is_daily":false,"chose_seed":false,"campfire_upgraded":7,"win_rate":0.0,"timestamp":1608186440,"path_taken":["R","M","M","R","E","M","T","$","E","R","M","M","?","M","M","BOSS","R","E","M","$","E","M","T","R","E","R","M","M","M","$","M","BOSS","R","M","R","M","?"],"items_purchased_type":["Relic","Card"],"build_version":"2020-12-13","purchased_purges":1,"victory":false,"max_hp_per_floor":[90,90,90,90,90,90,90,90,90,90,90,90,90,90,90,90,90,90,90,90,90,90,90,90,100,100,100,100,100,100,100,100,100,100,100,100,100,100,100,100],"card_choices":[{"not_picked":["champ:DefensiveShout","champ:CrookedStrike"],"picked":"champ:Haymaker","floor":0},{"not_picked":["champ:RecklessLeap","champ:Haymaker"],"picked":"champ:Balance","floor":2},{"not_picked":["champ:Control","champ:BladeFlurry"],"picked":"champ:ShieldWall","floor":3},{"not_picked":["champ:PreciseThrust","champ:FaceSlap"],"picked":"champ:FlashCut","floor":5},{"not_picked":["champ:PreciseThrust","champ:PerfectedStrike","champ:FalseCounter"],"picked":"SKIP","floor":6},{"not_picked":["champ:RageSigil","champ:RapidStrikes"],"picked":"champ:BerserkerStyle","floor":8},{"not_picked":["champ:ViciousMockery","champ:FalseCounter"],"picked":"champ:AdrenalArmor","floor":9},{"not_picked":["champ:CalledShot","champ:SwordSigil"],"picked":"champ:GladiatorStyle","floor":11},{"not_picked":["champ:RageSigil","champ:BerserkersShout"],"picked":"champ:Encircle","floor":12},{"not_picked":["champ:FightOn","champ:DeathBlow"],"picked":"champ:CrownThrow","floor":14},{"not_picked":["champ:SwordSigil","champ:GladiatorsShout"],"picked":"champ:RisingSlash","floor":15},{"not_picked":["champ:MurderStrike","champ:LastStand"],"picked":"champ:Devastate","floor":16},{"not_picked":["champ:RecklessLeap","champ:FocusedDefense"],"picked":"champ:RageSigil+1","floor":19},{"not_picked":["champ:GladiatorsShout","champ:Balance","champ:SwordSigil"],"picked":"SKIP","floor":20},{"not_picked":["champ:BerserkersShout","champ:DefensiveShout","champ:AdrenalArmor"],"picked":"SKIP","floor":21},{"not_picked":["champ:BladeFlurry","champ:Encircle","champ:SwordSigil"],"picked":"SKIP","floor":22},{"not_picked":["champ:RecklessLeap","champ:Duel"],"picked":"champ:BringItOn+1","floor":23},{"not_picked":["champ:FlashCut","champ:DefensiveShout","champ:StanceDance"],"picked":"SKIP","floor":26},{"not_picked":["champ:BringItOn","champ:FocusedBerserking"],"picked":"champ:DefensiveStyle","floor":28},{"not_picked":["champ:PreciseThrust+1","champ:Control"],"picked":"champ:ShieldThrow","floor":29},{"not_picked":["champ:BerserkersShout+1","champ:StanceDance"],"picked":"champ:Circumvent+1","floor":30},{"not_picked":["champ:Shatter+1","champ:Duel","champ:EnragedBash"],"picked":"SKIP","floor":31},{"not_picked":["champ:StanceDance","champ:Control+1"],"picked":"champ:GutPunch","floor":32},{"not_picked":["champ:Devastate","champ:CrownThrow"],"picked":"champ:LastStand","floor":33},{"not_picked":["champ:StanceDance","champ:AdrenalArmor","champ:BladeFlurry"],"picked":"SKIP","floor":36},{"not_picked":["champ:FlashCut","champ:ShieldSigil"],"picked":"champ:Circumvent+1","floor":38}],"player_experience":2343045,"relics_obtained":[{"floor":5,"key":"champ:DefensiveTrainingManual"},{"floor":7,"key":"Akabeko"},{"floor":9,"key":"StoneCalendar"},{"floor":19,"key":"Bottled Lightning"},{"floor":22,"key":"Toy Ornithopter"},{"floor":26,"key":"CeramicFish"}],"event_choices":[{"damage_healed":0,"gold_gain":0,"player_choice":"Grow","damage_taken":0,"max_hp_gain":0,"max_hp_loss":0,"event_name":"Living Wall","floor":13,"gold_loss":0,"cards_upgraded":["champ:Balance"]},{"damage_healed":0,"gold_gain":0,"player_choice":"Fight","damage_taken":0,"max_hp_gain":0,"max_hp_loss":0,"event_name":"OrinTheCat","floor":39,"gold_loss":0}],"is_beta":false,"boss_relics":[{"not_picked":["Fusion Hammer","Runic Pyramid"],"picked":"Pandora\u0027s Box"},{"not_picked":["Runic Dome","Cursed Key"],"picked":"sneckomod:SneckoTalon"}],"items_purged_floors":[8],"is_endless":false,"potions_floor_spawned":[3,5,9,11,16,20,28,30,32,33],"killed_by":"Orin","ascension_level":10}}