{"host":"oiai0qxasotny765","time":1608193816,"event":{"mods":["2.2 Compatiblity","AchievementEnabler","BaseMod","Colored Map","Minty Spire (QoL Compilation)","Permanent Neow","Relic Stats","StSLib","SuperFastMode","everything is the same but u backflip on backflip"],"gold_per_floor":[112,112,112,123,123,123,135,135,135,145,29,47,47,77,77,150,150,168,58,71,71,71],"floor_reached":21,"playtime":609,"items_purged":["Defend_G"],"score":313,"play_id":"f51ebc57-0e7d-40f2-923c-b63218bcbc05","local_time":"20201217173016","is_ascension_mode":true,"campfire_choices":[{"data":"Blade Dance","floor":6,"key":"SMITH"},{"data":"Neutralize","floor":8,"key":"SMITH"},{"floor":15,"key":"REST"}],"circlet_count":0,"master_deck":["AscendersBane","Strike_G","Strike_G","Strike_G+1","Defend_G","Defend_G","Defend_G","Survivor","Neutralize+1","Well Laid Plans","Dagger Throw","Blade Dance+1","Escape Plan","Eviscerate","Dagger Spray","Storm of Steel"],"relics":["Ring of the Snake","Smiling Mask","Odd Mushroom","Runic Pyramid"],"acts_visited":["Exordium","TheCity"],"potions_floor_usage":[16],"damage_taken":[{"damage":2.0,"enemies":"Small Slimes","floor":1.0,"turns":6.0},{"damage":0.0,"enemies":"Jaw Worm","floor":4.0,"turns":4.0},{"damage":1,"enemies":"Cultist","floor":7,"turns":3},{"damage":1,"enemies":"Looter","floor":10,"turns":4},{"damage":13,"enemies":"Gremlin Gang","floor":12,"turns":6},{"damage":3,"enemies":"The Mushroom Lair","floor":14,"turns":4},{"damage":8,"enemies":"Slime Boss","floor":16,"turns":7},{"damage":30,"enemies":"Shell Parasite","floor":18,"turns":5},{"damage":36,"enemies":"2 Thieves","floor":20,"turns":4},{"damage":9,"enemies":"Cultist and Chosen","floor":21,"turns":2}],"seed_played":"99087735910593502","potions_obtained":[{"floor":1.0,"key":"FairyPotion"},{"floor":3.0,"key":"DistilledChaos"},{"floor":7,"key":"CultistPotion"},{"floor":16,"key":"Ancient Potion"}],"is_trial":false,"path_per_floor":["M","?","?","M","?","R","M","R","T","M","$","M","?","?","R","B",null,"M","?","M","M"],"character_chosen":"THE_SILENT","items_purchased":["Escape Plan"],"campfire_rested":1,"item_purchase_floors":[11],"current_hp_per_floor":[57,50,50,50,50,50,49,49,49,48,48,35,9,6,25,17,54,24,24,9,0,0],"gold":71,"neow_bonus":"TRANSFORM_CARD","is_daily":false,"chose_seed":false,"campfire_upgraded":2,"win_rate":0.0,"timestamp":1608193816,"path_taken":["M","?","?","?","?","R","M","R","T","M","$","?","?","?","R","BOSS","M","?","?","M"],"items_purchased_type":["Card"],"build_version":"2020-12-13","purchased_purges":1,"victory":false,"max_hp_per_floor":[66,66,66,66,66,66,66,66,66,66,66,66,66,66,66,66,66,66,66,66,66,66],"relic_stats":{"counters":[10,45],"Smiling Mask":0,"obtain_stats":[{"Odd Mushroom":14,"Smiling Mask":13,"Ring of the Snake":0,"Runic Pyramid":17},{"Odd Mushroom":6,"Smiling Mask":5,"Ring of the Snake":0,"Runic Pyramid":7},{"Odd Mushroom":27,"Smiling Mask":23,"Ring of the Snake":0,"Runic Pyramid":34}],"Ring of the Snake":[20]},"card_choices":[{"not_picked":["Backstab","Backflip"],"picked":"Dagger Throw","floor":1.0},{"not_picked":["Footwork","Dodge and Roll"],"picked":"Blade Dance","floor":4.0},{"not_picked":["Terror","Deadly Poison","Underhanded Strike"],"picked":"SKIP","floor":7},{"not_picked":["Infinite Blades","Outmaneuver","Concentrate"],"picked":"SKIP","floor":10},{"not_picked":["Choke","Crippling Poison"],"picked":"Eviscerate","floor":12},{"not_picked":["Cloak And Dagger","Bane"],"picked":"Dagger Spray","floor":14},{"not_picked":["Corpse Explosion","Doppelganger"],"picked":"Storm of Steel","floor":16},{"not_picked":["Deflect","Dagger Throw","Flying Knee"],"picked":"SKIP","floor":18},{"not_picked":["Dodge and Roll","Deadly Poison","Dagger Spray+1"],"picked":"SKIP","floor":20}],"player_experience":268314,"relics_obtained":[{"floor":14,"key":"Odd Mushroom"}],"event_choices":[{"cards_removed":["Strike_G"],"damage_healed":0.0,"max_hp_gain":0.0,"max_hp_loss":0.0,"gold_gain":0.0,"event_name":"Golden Wing","player_choice":"Card Removal","floor":2.0,"gold_loss":0.0,"damage_taken":7.0},{"damage_healed":0.0,"max_hp_gain":0.0,"max_hp_loss":0.0,"gold_gain":0.0,"event_name":"Lab","player_choice":"Got Potions","floor":3.0,"gold_loss":0.0,"damage_taken":0.0},{"damage_healed":0,"gold_gain":0,"player_choice":"0 cards matched","damage_taken":0,"max_hp_gain":0,"max_hp_loss":0,"event_name":"Match and Keep!","floor":5,"gold_loss":0,"cards_obtained":[]},{"damage_healed":0,"gold_gain":0,"player_choice":"Success","damage_taken":26,"relics_obtained":["Smiling Mask"],"max_hp_gain":0,"max_hp_loss":0,"event_name":"Scrap Ooze","floor":13,"gold_loss":0},{"damage_healed":0,"gold_gain":0,"player_choice":"Fought Mushrooms","damage_taken":0,"max_hp_gain":0,"max_hp_loss":0,"event_name":"Mushrooms","floor":14,"gold_loss":0},{"cards_removed":["Strike_G"],"damage_healed":0,"gold_gain":0,"player_choice":"Upgrade and Remove","damage_taken":0,"max_hp_gain":0,"max_hp_loss":0,"event_name":"Designer","floor":19,"gold_loss":110,"cards_upgraded":["Strike_G"]}],"is_beta":false,"boss_relics":[{"not_picked":["Cursed Key","SlaversCollar"],"picked":"Runic Pyramid"}],"items_purged_floors":[11],"is_endless":false,"potions_floor_spawned":[1,7,12,14,16,18],"killed_by":"Cultist and Chosen","ascension_level":17}}