{"host":"ok3pmhc1fiz31noj","time":1608166185,"event":{"mods":["AchievementEnabler","BaseMod","Colored Map","Colored Powertips","Minty Spire (QoL Compilation)","Quick Restart","Relic Stats","Replay The Spire","StSLib"],"gold_per_floor":[111,111,125,50,50,50,106,171,194,249,249,249,149,224,224,224,224],"floor_reached":16,"playtime":389,"items_purged":["Strike_R","Regret"],"score":100,"play_id":"483e27a8-5cd3-46b9-b0cd-516955aba851","local_time":"20201217084945","is_ascension_mode":false,"campfire_choices":[{"data":"Searing Blow","floor":6,"key":"SMITH"},{"data":"Searing Blow+1","floor":12,"key":"SMITH"}],"circlet_count":0,"master_deck":["Strike_R","Strike_R","Strike_R","Strike_R","Defend_R","Defend_R","Defend_R","Defend_R","Bash","Clash","Searing Blow+3","Sickly","Clash+1"],"relics":["Burning Blood","NeowsBlessing","ReplayTheSpireMod:Ring of Challenge","Ring of Fury","Bronze Scales","Bag of Marbles","WingedGreaves","Replay:Bottled Eggs"],"acts_visited":["Exordium"],"potions_floor_usage":[16,16],"damage_taken":[{"damage":0,"enemies":"2 Louse","floor":1,"turns":1},{"damage":0,"enemies":"Cultist","floor":3,"turns":1},{"damage":1,"enemies":"Small Slimes","floor":7,"turns":1},{"damage":13,"enemies":"Looter","floor":8,"turns":3},{"damage":13,"enemies":"Exordium Wildlife","floor":10,"turns":4},{"damage":57,"enemies":"Lagavulin","floor":14,"turns":7},{"damage":55,"enemies":"The Guardian","floor":16,"turns":6}],"seed_played":"-1599462046008525968","potions_obtained":[{"floor":3,"key":"Milkshake"},{"floor":14,"key":"BloodPotion"}],"is_trial":false,"path_per_floor":["M","?","M","$","?","R","M","M","T","M","?","R","$","E","R_BF","B"],"character_chosen":"IRONCLAD","items_purchased":[],"campfire_rested":0,"item_purchase_floors":[],"current_hp_per_floor":[80,80,80,80,80,80,80,73,73,66,66,66,66,15,39,0,0],"gold":224,"neow_bonus":"THREE_ENEMY_KILL","is_daily":false,"chose_seed":false,"campfire_upgraded":2,"win_rate":0.0,"timestamp":1608166185,"path_taken":["M","?","?","?","?","R","M","M","T","M","?","R","$","E","R_BF","BOSS"],"items_purchased_type":[],"build_version":"2020-12-13","purchased_purges":2,"victory":false,"max_hp_per_floor":[80,80,80,80,80,80,80,80,80,80,80,80,80,80,80,80,80],"relic_stats":{"counters":[7,23],"Bronze Scales":[39],"obtain_stats":[{"NeowsBlessing":0,"Bronze Scales":9,"Ring of Fury":5,"WingedGreaves":14,"Bag of Marbles":11,"ReplayTheSpireMod:Ring of Challenge":5,"Replay:Bottled Eggs":14,"Burning Blood":0},{"NeowsBlessing":0,"Bronze Scales":4,"Ring of Fury":2,"WingedGreaves":6,"Bag of Marbles":5,"ReplayTheSpireMod:Ring of Challenge":2,"Replay:Bottled Eggs":6,"Burning Blood":0},{"NeowsBlessing":0,"Bronze Scales":6,"Ring of Fury":2,"WingedGreaves":17,"Bag of Marbles":10,"ReplayTheSpireMod:Ring of Challenge":2,"Replay:Bottled Eggs":17,"Burning Blood":0}],"Burning Blood":19},"card_choices":[{"not_picked":["Sword Boomerang","Sever Soul"],"picked":"Clash","floor":1},{"not_picked":["Body Slam","Cleave"],"picked":"Searing Blow","floor":3},{"not_picked":["Havoc","ReplayTheSpireMod:LeadingStrike"],"picked":"Clash","floor":7},{"not_picked":["Dark Embrace","Replay:Undeath\u0027s Touch","Eclipse"],"picked":"SKIP","floor":8},{"not_picked":["Life Link","ReplayTheSpireMod:Strike From Hell","Twin Strike"],"picked":"SKIP","floor":10},{"not_picked":["Intimidate","Headbutt","Defy Death"],"picked":"SKIP","floor":14}],"player_experience":130857,"relics_obtained":[{"floor":5,"key":"ReplayTheSpireMod:Ring of Challenge"},{"floor":5,"key":"Ring of Fury"},{"floor":9,"key":"Bronze Scales"},{"floor":14,"key":"WingedGreaves"},{"floor":14,"key":"Replay:Bottled Eggs"}],"event_choices":[{"damage_healed":0,"gold_gain":0,"player_choice":"Ignored","damage_taken":0,"max_hp_gain":0,"max_hp_loss":0,"event_name":"NoteForYourself","floor":2,"gold_loss":0},{"damage_healed":0,"gold_gain":0,"player_choice":"Box","damage_taken":0,"relics_obtained":["Bag of Marbles"],"max_hp_gain":0,"max_hp_loss":0,"event_name":"Big Fish","floor":11,"gold_loss":0,"cards_obtained":["Regret"]}],"is_beta":false,"boss_relics":[],"items_purged_floors":[4,13],"is_endless":false,"potions_floor_spawned":[3,14],"killed_by":"The Guardian","ascension_level":0}}