{"host":"y76clbnovzmw9ubx","time":1608214457,"event":{"mods":["AchievementEnabler","BaseMod","Minty Spire (QoL Compilation)","Permanent Neow","Relic Stats"],"gold_per_floor":[109,121,121,134,157,157,70,106,158,158,72,72,106,120,120,216,216,229,154,154,154,169,210,228,228,254,293,145,145,145],"floor_reached":29,"playtime":1538,"items_purged":["Strike_G+1"],"score":592,"play_id":"7c37cc37-c152-40b3-a03e-a502a180a8df","local_time":"20201217091417","is_ascension_mode":true,"campfire_choices":[{"data":"Noxious Fumes","floor":6,"key":"SMITH"},{"floor":12,"key":"REST"},{"data":"Footwork","floor":15,"key":"SMITH"},{"floor":25,"key":"REST"}],"circlet_count":0,"master_deck":["AscendersBane","Strike_G+1","Strike_G+1","Strike_G+1","Defend_G+1","Defend_G+1","Defend_G+1","Defend_G+1","Defend_G+1","Survivor","Neutralize","Leg Sweep+1","Sucker Punch","Noxious Fumes+1","Deadly Poison","Footwork+1","Footwork","Heel Hook","Corpse Explosion","Cloak And Dagger","Footwork","Backflip","PiercingWail+1"],"relics":["Ring of the Snake","Centennial Puzzle","Golden Idol","Pear","Toy Ornithopter","Fusion Hammer","Ancient Tea Set","MawBank"],"acts_visited":["Exordium","TheCity"],"potions_floor_usage":[8,16,27,29,29],"damage_taken":[{"damage":2,"enemies":"2 Louse","floor":1,"turns":3},{"damage":0,"enemies":"Jaw Worm","floor":2,"turns":6},{"damage":6,"enemies":"Small Slimes","floor":4,"turns":4},{"damage":3,"enemies":"Exordium Wildlife","floor":5,"turns":5},{"damage":8,"enemies":"Lagavulin","floor":8,"turns":6},{"damage":2,"enemies":"3 Sentries","floor":13,"turns":8},{"damage":1,"enemies":"3 Louse","floor":14,"turns":5},{"damage":27,"enemies":"Hexaghost","floor":16,"turns":11},{"damage":5,"enemies":"Shell Parasite","floor":18,"turns":7},{"damage":1,"enemies":"Spheric Guardian","floor":22,"turns":4},{"damage":22,"enemies":"Book of Stabbing","floor":23,"turns":8},{"damage":12,"enemies":"Chosen and Byrds","floor":24,"turns":7},{"damage":35,"enemies":"Slavers","floor":27,"turns":5},{"damage":21,"enemies":"Gremlin Leader","floor":29,"turns":6}],"seed_played":"7492049303310497797","potions_obtained":[{"floor":2,"key":"Poison Potion"},{"floor":4,"key":"Dexterity Potion"},{"floor":14,"key":"Strength Potion"},{"floor":16,"key":"BlessingOfTheForge"},{"floor":27,"key":"Dexterity Potion"}],"is_trial":false,"path_per_floor":["M","M","?","M","M","R","$","E","T","?","$","R","E","M","R","B",null,"M","?","?","?","M","E","M","R","T","E","$","E"],"character_chosen":"THE_SILENT","items_purchased":["Footwork","Footwork","CunningPotion"],"campfire_rested":2,"item_purchase_floors":[7,11,28],"current_hp_per_floor":[57,57,57,51,48,48,48,50,50,29,29,50,48,47,47,25,59,54,54,54,54,53,31,19,40,40,10,10,0,0],"gold":145,"neow_bonus":"RANDOM_COMMON_RELIC","is_daily":false,"chose_seed":false,"campfire_upgraded":2,"win_rate":0.0,"timestamp":1608214457,"path_taken":["M","M","?","M","M","R","$","E","T","?","$","R","E","M","R","BOSS","M","?","?","?","?","E","M","R","T","E","$","E"],"items_purchased_type":["Card","Card","Potion"],"build_version":"2020-12-13","purchased_purges":1,"victory":false,"max_hp_per_floor":[66,66,60,60,60,60,60,70,70,70,70,70,70,70,70,70,70,70,70,70,70,70,70,70,70,70,70,70,70,70],"relic_stats":{"Centennial Puzzle":[39],"counters":[14,85],"Golden Idol":70,"MawBank":12,"obtain_stats":[{"Centennial Puzzle":0,"Pear":8,"Golden Idol":3,"Fusion Hammer":17,"Ancient Tea Set":26,"MawBank":27,"Toy Ornithopter":13,"Ring of the Snake":0},{"Centennial Puzzle":0,"Pear":5,"Golden Idol":2,"Fusion Hammer":8,"Ancient Tea Set":12,"MawBank":13,"Toy Ornithopter":6,"Ring of the Snake":0},{"Centennial Puzzle":0,"Pear":24,"Golden Idol":9,"Fusion Hammer":48,"Ancient Tea Set":74,"MawBank":79,"Toy Ornithopter":32,"Ring of the Snake":0}],"Toy Ornithopter":20,"Ring of the Snake":[28]},"card_choices":[{"not_picked":["Outmaneuver","Distraction"],"picked":"Leg Sweep","floor":1},{"not_picked":["Underhanded Strike","Expertise"],"picked":"Sucker Punch","floor":2},{"not_picked":["Sucker Punch","Dagger Throw"],"picked":"Noxious Fumes","floor":4},{"not_picked":["Expertise","Blade Dance"],"picked":"Deadly Poison","floor":5},{"not_picked":["Backflip","Acrobatics","Underhanded Strike"],"picked":"SKIP","floor":8},{"not_picked":["Burst","Finisher"],"picked":"Heel Hook","floor":13},{"not_picked":["Concentrate","Flying Knee","Blade Dance"],"picked":"SKIP","floor":14},{"not_picked":["Burst","Tools of the Trade"],"picked":"Corpse Explosion","floor":16},{"not_picked":["Prepared","Dagger Throw"],"picked":"Cloak And Dagger","floor":18},{"not_picked":["Acrobatics","Bane"],"picked":"Footwork","floor":22},{"not_picked":["Blade Dance","Glass Knife","Tactician"],"picked":"SKIP","floor":23},{"not_picked":["Deadly Poison","Acrobatics"],"picked":"Backflip","floor":24},{"not_picked":["Quick Slash","Eviscerate"],"picked":"PiercingWail+1","floor":27}],"player_experience":2890543,"relics_obtained":[{"floor":8,"key":"Pear"},{"floor":13,"key":"Toy Ornithopter"},{"floor":26,"key":"Ancient Tea Set"},{"floor":27,"key":"MawBank"}],"event_choices":[{"damage_healed":0,"gold_gain":0,"player_choice":"Lose Max HP","damage_taken":0,"relics_obtained":["Golden Idol"],"max_hp_gain":0,"max_hp_loss":6,"event_name":"Golden Idol","floor":3,"gold_loss":0},{"damage_healed":0,"gold_gain":0,"player_choice":"Entered Light","damage_taken":21,"max_hp_gain":0,"max_hp_loss":0,"event_name":"Shining Light","floor":10,"gold_loss":0,"cards_upgraded":["Leg Sweep","Defend_G"]},{"cards_removed":["Strike_G"],"damage_healed":0,"gold_gain":0,"player_choice":"Gave Gold","damage_taken":0,"max_hp_gain":0,"max_hp_loss":0,"event_name":"Beggar","floor":19,"gold_loss":75},{"damage_healed":0,"gold_gain":0,"player_choice":"Simplicity","damage_taken":0,"max_hp_gain":0,"max_hp_loss":0,"event_name":"Back to Basics","floor":20,"gold_loss":0,"cards_upgraded":["Strike_G","Strike_G","Strike_G","Strike_G","Defend_G","Defend_G","Defend_G","Defend_G"]},{"damage_healed":0,"gold_gain":0,"player_choice":"Ignored","damage_taken":0,"max_hp_gain":0,"max_hp_loss":0,"event_name":"The Mausoleum","floor":21,"gold_loss":0}],"is_beta":false,"boss_relics":[{"not_picked":["Tiny House","Empty Cage"],"picked":"Fusion Hammer"}],"items_purged_floors":[28],"is_endless":false,"potions_floor_spawned":[2,4,5,14,16,23,24,27],"killed_by":"Gremlin Leader","ascension_level":20}}