{"host":"g76rhe4j5kh9hdf9","time":1608246283,"event":{"mods":["Act Like it!","BaseMod","Better Third Choice","GifTheSpireLib","Minty Spire (QoL Compilation)","Relic Stats","Robot Space Explorer","Spicy Shops","StSLib"],"gold_per_floor":[119,119,138,66,66,66,100,100,100,119,194,205,205,205,205,300,300,315,330,255,272,289,319,319,349,349,349,378,378,72,83,83,184,184,204,215,215,234,134,163,176,209,286,319,347,359,13,24,24,24,24,24,24,49,49],"floor_reached":56,"playtime":2691,"items_purged":["RobotSpaceExplorer:Defend","RobotSpaceExplorer:Strike","RobotSpaceExplorer:Defend"],"score":1785,"play_id":"3bd80c81-1a0b-4fba-b460-329505d164d3","local_time":"20201217150443","is_ascension_mode":true,"campfire_choices":[{"data":"RobotSpaceExplorer:ExhaustFan","floor":6.0,"key":"SMITH"},{"floor":8.0,"key":"RECALL"},{"data":"RobotSpaceExplorer:ShovelStrike","floor":13,"key":"SMITH"},{"data":"RobotSpaceExplorer:Strike","floor":15,"key":"SMITH"},{"data":"RobotSpaceExplorer:BlastShield","floor":24,"key":"SMITH"},{"floor":27,"key":"REST"},{"floor":29,"key":"REST"},{"data":"RobotSpaceExplorer:Strike","floor":32,"key":"SMITH"},{"data":"RobotSpaceExplorer:Scan","floor":49,"key":"SMITH"},{"floor":52,"key":"REST"}],"circlet_count":0,"master_deck":["RobotSpaceExplorer:Strike+1","RobotSpaceExplorer:Scan+1","RobotSpaceExplorer:MiniLasers+1","RobotSpaceExplorer:ExhaustFan+1","RobotSpaceExplorer:ShovelStrike+1","RobotSpaceExplorer:ShovelStrike+1","RobotSpaceExplorer:BlastShield+1","RobotSpaceExplorer:ChargingLaser+1","RobotSpaceExplorer:ShockMissile+1","RobotSpaceExplorer:DualCore+1","RobotSpaceExplorer:MiniBoosters"],"relics":["Sozu","Whetstone","Art of War","Happy Flower","Ice Cream","Runic Pyramid","Torii","RobotSpaceExplorer:PlasmaHourglass","WingedGreaves","Molten Egg 2","Centennial Puzzle","TungstenRod","SlaversCollar","Ornamental Fan","MealTicket","Boot","Smiling Mask","Medical Kit","OrangePellets","HornCleat"],"acts_visited":["Exordium","TheCity","TheBeyond","TheEnding"],"potions_floor_usage":[],"damage_taken":[{"damage":0.0,"enemies":"2 Louse","floor":1.0,"turns":3.0},{"damage":0.0,"enemies":"Small Slimes","floor":3.0,"turns":3.0},{"damage":6.0,"enemies":"Lagavulin","floor":7.0,"turns":5.0},{"damage":0.0,"enemies":"Cultist","floor":10.0,"turns":3.0},{"damage":0,"enemies":"3 Louse","floor":12,"turns":3},{"damage":22,"enemies":"Hexaghost","floor":16,"turns":8},{"damage":5,"enemies":"2 Thieves","floor":18,"turns":4},{"damage":0,"enemies":"Spheric Guardian","floor":19,"turns":3},{"damage":12,"enemies":"Snecko","floor":21,"turns":4},{"damage":1,"enemies":"Centurion and Healer","floor":22,"turns":3},{"damage":22,"enemies":"Slavers","floor":23,"turns":3},{"damage":18,"enemies":"Book of Stabbing","floor":25,"turns":4},{"damage":22,"enemies":"Slavers","floor":28,"turns":4},{"damage":0,"enemies":"Snake Plant","floor":31,"turns":5},{"damage":0,"enemies":"Automaton","floor":33,"turns":7},{"damage":0,"enemies":"3 Shapes","floor":35,"turns":4},{"damage":0,"enemies":"3 Darklings","floor":36,"turns":3},{"damage":0,"enemies":"Writhing Mass","floor":38,"turns":4},{"damage":0,"enemies":"Reptomancer","floor":40,"turns":2},{"damage":0,"enemies":"Transient","floor":41,"turns":4},{"damage":0,"enemies":"Giant Head","floor":42,"turns":2},{"damage":0,"enemies":"Nemesis","floor":44,"turns":3},{"damage":0,"enemies":"Reptomancer","floor":45,"turns":2},{"damage":0,"enemies":"Jaw Worm Horde","floor":46,"turns":3},{"damage":0,"enemies":"Writhing Mass","floor":48,"turns":3},{"damage":0,"enemies":"Time Eater","floor":50,"turns":4},{"damage":0,"enemies":"Shield and Spear","floor":54,"turns":3},{"damage":0,"enemies":"The Heart","floor":55,"turns":5}],"seed_played":"-7446064710412800552","potions_obtained":[],"is_trial":false,"path_per_floor":["M","?","M","$","?","R","E","R","T","M","?","M","R","T","R","B",null,"M","M","$","M","M","E","R","E","T","R","E","R","$","M","R","B",null,"M","M","?","M","$","E","M","E","T","E","E","M","$","M","R","B",null,"R","$","E","B",null],"character_chosen":"RobotSpaceExplorer","items_purchased":["Whetstone","TungstenRod","Medical Kit","OrangePellets"],"campfire_rested":3,"item_purchase_floors":[4,30,47,47],"current_hp_per_floor":[75,75,75,75,68,68,62,62,62,62,51,51,51,51,51,29,75,70,70,70,58,57,35,35,17,17,39,17,39,39,39,39,39,75,75,75,75,75,75,75,75,75,75,75,75,75,75,75,75,75,75,75,75,75,75],"gold":49,"neow_bonus":"BOSS_RELIC","is_daily":false,"chose_seed":false,"campfire_upgraded":6,"win_rate":0.0,"timestamp":1608246283,"path_taken":["M","?","M","$","?","R","E","R","T","M","?","M","R","?","R","BOSS","M","M","$","M","M","E","R","E","T","R","E","R","$","M","R","BOSS","M","M","?","M","$","E","?","E","T","E","E","M","$","M","R","BOSS","R","$","E","BOSS"],"items_purchased_type":["Relic","Relic","Relic","Relic"],"build_version":"2020-12-13","purchased_purges":3,"victory":true,"max_hp_per_floor":[75,75,75,75,75,75,75,75,75,75,75,75,75,75,75,75,75,75,75,75,75,75,75,75,75,75,75,75,75,75,75,75,75,75,75,75,75,75,75,75,75,75,75,75,75,75,75,75,75,75,75,75,75,75,75],"relic_stats":{"Happy Flower":[31],"Torii":15,"counters":[28,104],"Whetstone":["RobotSpaceExplorer:MiniLasers","RobotSpaceExplorer:ShovelStrike"],"Boot":[59],"Smiling Mask":75,"Medical Kit":[5],"Sozu":12,"OrangePellets":[5],"Centennial Puzzle":[0],"Ornamental Fan":[204],"MealTicket":0,"Art of War":[5],"obtain_stats":[{"Ice Cream":14,"Happy Flower":9,"Torii":18,"RobotSpaceExplorer:PlasmaHourglass":23,"RobotSpaceExplorer:RoboCore":0,"Whetstone":4,"Boot":44,"Smiling Mask":45,"Medical Kit":47,"Sozu":0,"SlaversCollar":34,"OrangePellets":47,"Centennial Puzzle":28,"HornCleat":54,"Ornamental Fan":40,"Molten Egg 2":26,"MealTicket":42,"WingedGreaves":25,"Art of War":7,"TungstenRod":30,"Runic Pyramid":17},{"Ice Cream":5,"Happy Flower":3,"Torii":7,"RobotSpaceExplorer:PlasmaHourglass":11,"RobotSpaceExplorer:RoboCore":0,"Whetstone":2,"Boot":22,"Smiling Mask":23,"Medical Kit":24,"Sozu":0,"SlaversCollar":15,"OrangePellets":24,"Centennial Puzzle":13,"HornCleat":27,"Ornamental Fan":19,"Molten Egg 2":12,"MealTicket":21,"WingedGreaves":12,"Art of War":3,"TungstenRod":13,"Runic Pyramid":6},{"Ice Cream":17,"Happy Flower":11,"Torii":29,"RobotSpaceExplorer:PlasmaHourglass":42,"RobotSpaceExplorer:RoboCore":0,"Whetstone":6,"Boot":84,"Smiling Mask":86,"Medical Kit":89,"Sozu":0,"SlaversCollar":62,"OrangePellets":89,"Centennial Puzzle":50,"HornCleat":99,"Ornamental Fan":75,"Molten Egg 2":46,"MealTicket":81,"WingedGreaves":46,"Art of War":11,"TungstenRod":50,"Runic Pyramid":25}],"TungstenRod":9},"card_choices":[{"not_picked":["RobotSpaceExplorer:ScrapMissile","RobotSpaceExplorer:StarDust"],"picked":"RobotSpaceExplorer:ExhaustFan","floor":1.0},{"not_picked":["RobotSpaceExplorer:FreezeRay","RobotSpaceExplorer:SwiftStep"],"picked":"RobotSpaceExplorer:ShovelStrike","floor":3.0},{"not_picked":["RobotSpaceExplorer:SelfCleaning","RobotSpaceExplorer:Probe","RobotSpaceExplorer:StunGrenade"],"picked":"SKIP","floor":7.0},{"not_picked":["RobotSpaceExplorer:MiniDrones","RobotSpaceExplorer:Electropulse"],"picked":"RobotSpaceExplorer:ShovelStrike","floor":10.0},{"not_picked":["RobotSpaceExplorer:MiniDrones","RobotSpaceExplorer:MakeshiftVolley","RobotSpaceExplorer:GlueShot"],"picked":"SKIP","floor":12},{"not_picked":["RobotSpaceExplorer:Multitool","RobotSpaceExplorer:Accelerator"],"picked":"RobotSpaceExplorer:Exploration","floor":16},{"not_picked":["RobotSpaceExplorer:ShockKick","RobotSpaceExplorer:ImprovisedAttack+1","RobotSpaceExplorer:Blitz"],"picked":"SKIP","floor":18},{"not_picked":["RobotSpaceExplorer:Reload","RobotSpaceExplorer:ImprovisedAttack","RobotSpaceExplorer:Ammunition"],"picked":"SKIP","floor":19},{"not_picked":["RobotSpaceExplorer:FranticSearch","RobotSpaceExplorer:IronShell+1","RobotSpaceExplorer:Blitz+1"],"picked":"SKIP","floor":21},{"not_picked":["RobotSpaceExplorer:Ammunition+1","RobotSpaceExplorer:Electropulse","RobotSpaceExplorer:MetalStrike+1"],"picked":"SKIP","floor":22},{"not_picked":["RobotSpaceExplorer:Fix","RobotSpaceExplorer:Autoloader"],"picked":"RobotSpaceExplorer:BlastShield","floor":23},{"not_picked":["RobotSpaceExplorer:PowerCollector","RobotSpaceExplorer:GlueShot","RobotSpaceExplorer:ShockKick"],"picked":"SKIP","floor":25},{"not_picked":["RobotSpaceExplorer:ImprovisedAttack+1","RobotSpaceExplorer:FranticSearch","RobotSpaceExplorer:Ammunition"],"picked":"SKIP","floor":28},{"not_picked":["RobotSpaceExplorer:FrostMissile+1","RobotSpaceExplorer:SurgingStrike+1","RobotSpaceExplorer:Electropulse+1"],"picked":"SKIP","floor":31},{"not_picked":["RobotSpaceExplorer:DroneSwarm","RobotSpaceExplorer:Asteroid+1"],"picked":"RobotSpaceExplorer:ChargingLaser+1","floor":33},{"not_picked":["RobotSpaceExplorer:ScrapMissile+1","RobotSpaceExplorer:Probe+1","RobotSpaceExplorer:IronShell+1"],"picked":"SKIP","floor":35},{"not_picked":["RobotSpaceExplorer:GlueShot+1","RobotSpaceExplorer:MetalStrike+1","RobotSpaceExplorer:SurgingStrike+1"],"picked":"SKIP","floor":36},{"not_picked":["RobotSpaceExplorer:ImprovisedAttack+1","RobotSpaceExplorer:FrostMissile+1"],"picked":"RobotSpaceExplorer:ShockMissile+1","floor":38},{"not_picked":["RobotSpaceExplorer:Ammunition+1","RobotSpaceExplorer:SurgingShield+1","RobotSpaceExplorer:GlueShot+1"],"picked":"SKIP","floor":40},{"not_picked":["RobotSpaceExplorer:Ammunition+1","RobotSpaceExplorer:SurgingShield+1","RobotSpaceExplorer:GlueShot+1"],"picked":"SKIP","floor":40},{"not_picked":["RobotSpaceExplorer:ToxicBomb","RobotSpaceExplorer:Ammunition+1","RobotSpaceExplorer:Fix"],"picked":"SKIP","floor":41},{"not_picked":["RobotSpaceExplorer:FreezingShield+1","RobotSpaceExplorer:PowerGlove","RobotSpaceExplorer:Probe+1"],"picked":"SKIP","floor":42},{"not_picked":["RobotSpaceExplorer:LuckyStrike+1","RobotSpaceExplorer:FranticSearch","RobotSpaceExplorer:ShockKick+1"],"picked":"SKIP","floor":44},{"not_picked":["RobotSpaceExplorer:Electropulse+1","RobotSpaceExplorer:MetalStrike+1"],"picked":"RobotSpaceExplorer:DualCore+1","floor":45},{"not_picked":["RobotSpaceExplorer:Pulsar","RobotSpaceExplorer:StunGrenade+1"],"picked":"RobotSpaceExplorer:Wormhole","floor":46},{"not_picked":["RobotSpaceExplorer:ScrapMissile+1","RobotSpaceExplorer:Discharger","RobotSpaceExplorer:SurgingShield"],"picked":"SKIP","floor":48},{"not_picked":["RobotSpaceExplorer:Wormhole","RobotSpaceExplorer:BigMissile+1"],"picked":"RobotSpaceExplorer:MiniBoosters","floor":54}],"player_experience":456996,"relics_obtained":[{"floor":7.0,"key":"Art of War"},{"floor":9.0,"key":"Happy Flower"},{"floor":14,"key":"Ice Cream"},{"floor":18,"key":"Torii"},{"floor":23,"key":"RobotSpaceExplorer:PlasmaHourglass"},{"floor":25,"key":"WingedGreaves"},{"floor":26,"key":"Molten Egg 2"},{"floor":28,"key":"Centennial Puzzle"},{"floor":40,"key":"Ornamental Fan"},{"floor":42,"key":"MealTicket"},{"floor":44,"key":"Boot"},{"floor":45,"key":"Smiling Mask"},{"floor":54,"key":"HornCleat"}],"event_choices":[{"cards_removed":["RobotSpaceExplorer:Defend"],"damage_healed":0.0,"max_hp_gain":0.0,"max_hp_loss":0.0,"gold_gain":0.0,"event_name":"Living Wall","player_choice":"Forget","floor":2.0,"gold_loss":0.0,"damage_taken":0.0},{"cards_removed":["RobotSpaceExplorer:Defend"],"damage_healed":0.0,"max_hp_gain":0.0,"max_hp_loss":0.0,"gold_gain":0.0,"event_name":"Golden Wing","player_choice":"Card Removal","floor":5.0,"gold_loss":0.0,"damage_taken":7.0},{"damage_healed":0.0,"max_hp_gain":0.0,"max_hp_loss":0.0,"gold_gain":75.0,"event_name":"betterThird:BetterGoop","player_choice":"Gold","floor":11.0,"gold_loss":0.0,"damage_taken":11.0},{"cards_removed":["RobotSpaceExplorer:Strike"],"damage_healed":0,"gold_gain":0,"player_choice":"Purged","damage_taken":0,"max_hp_gain":0,"max_hp_loss":0,"event_name":"Purifier","floor":37,"gold_loss":0}],"is_beta":false,"boss_relics":[{"not_picked":["SacredBark","RobotSpaceExplorer:Reprocessor"],"picked":"Runic Pyramid"},{"not_picked":["Coffee Dripper","Velvet Choker"],"picked":"SlaversCollar"}],"items_purged_floors":[20,39,47],"is_endless":false,"potions_floor_spawned":[7,19,22,25,33,38,40,42,44,45,46,54],"ascension_level":2}}