{"host":"ixbvfs3so5a39bhe","time":1608206575,"event":{"mods":["BaseMod","Minty Spire (QoL Compilation)","Quick Restart","StSLib"],"gold_per_floor":[119,135,310,87,87,121,121,121,121,121,121,149,162,178,178,283,283,299,199,212,212,212,247,247,257,257,257,274,274,149,181,181,282,282,301,351,351,366,61,61,93,93,119,144,0,0,0,0,0,0,0,0,0,28,28],"floor_reached":56,"playtime":3188,"items_purged":["Doubt","Regret","Parasite","Bash"],"score":1295,"play_id":"423f9dbf-fa7f-422d-a64d-3ca9f921d179","local_time":"20201217200255","is_ascension_mode":false,"campfire_choices":[{"data":"Demon Form","floor":7.0,"key":"SMITH"},{"floor":10.0,"key":"REST"},{"floor":15.0,"key":"RECALL"},{"data":"Ghostly","floor":24.0,"key":"SMITH"},{"data":"Ghostly","floor":29.0,"key":"SMITH"},{"data":"Ghostly","floor":32.0,"key":"SMITH"},{"data":"Limit Break","floor":40.0,"key":"SMITH"},{"data":"Ghostly","floor":42.0,"key":"SMITH"},{"data":"Apotheosis","floor":47.0,"key":"SMITH"},{"data":"Defend_R","floor":49.0,"key":"PURGE"},{"data":"Defend_R","floor":52.0,"key":"PURGE"}],"circlet_count":0,"master_deck":["Strike_R","Strike_R","Strike_R","Strike_R","Defend_R","Defend_R","Demon Form+1","Reaper","Ghostly+1","Ghostly+1","Ghostly+1","Ghostly+1","Ghostly+1","Limit Break+1","Apotheosis+1","Swift Strike+1","Dramatic Entrance+1"],"relics":["Burning Blood","Juzu Bracelet","Matryoshka","Oddly Smooth Stone","MealTicket","Bottled Tornado","Bag of Marbles","SlaversCollar","Singing Bowl","Red Skull","Nloth\u0027s Gift","Calipers","Black Star","Peace Pipe","Orichalcum","Molten Egg 2","Sundial","Self Forming Clay","Paper Frog","Red Mask","Anchor","Toy Ornithopter"],"acts_visited":["TheEnding"],"potions_floor_usage":[55,55],"damage_taken":[{"damage":14.0,"enemies":"2 Louse","floor":1.0,"turns":3.0},{"damage":13.0,"enemies":"Jaw Worm","floor":2.0,"turns":4.0},{"damage":50.0,"enemies":"3 Sentries","floor":6.0,"turns":10.0},{"damage":14.0,"enemies":"Lagavulin","floor":12.0,"turns":5.0},{"damage":7.0,"enemies":"Cultist","floor":13.0,"turns":4.0},{"damage":24.0,"enemies":"Looter","floor":14.0,"turns":4.0},{"damage":32.0,"enemies":"The Guardian","floor":16.0,"turns":8.0},{"damage":52.0,"enemies":"2 Thieves","floor":18.0,"turns":5.0},{"damage":64.0,"enemies":"3 Byrds","floor":20.0,"turns":7.0},{"damage":5.0,"enemies":"Gremlin Leader","floor":23.0,"turns":6.0},{"damage":24.0,"enemies":"Snake Plant","floor":25.0,"turns":6.0},{"damage":15.0,"enemies":"Snecko","floor":28.0,"turns":8.0},{"damage":8.0,"enemies":"Slavers","floor":31.0,"turns":7.0},{"damage":11.0,"enemies":"Automaton","floor":33.0,"turns":8.0},{"damage":29.0,"enemies":"Orb Walker","floor":35.0,"turns":6.0},{"damage":0.0,"enemies":"Mind Bloom Boss Battle","floor":36.0,"turns":10.0},{"damage":13.0,"enemies":"3 Shapes","floor":38.0,"turns":8.0},{"damage":7.0,"enemies":"Giant Head","floor":41.0,"turns":8.0},{"damage":0.0,"enemies":"Reptomancer","floor":44.0,"turns":6.0},{"damage":21.0,"enemies":"Awakened One","floor":50.0,"turns":9.0},{"damage":0.0,"enemies":"Shield and Spear","floor":54.0,"turns":8.0},{"damage":41,"enemies":"The Heart","floor":55,"turns":9}],"seed_played":"-5081194187371486949","potions_obtained":[{"floor":1.0,"key":"SteroidPotion"},{"floor":6.0,"key":"FearPotion"},{"floor":14.0,"key":"DuplicationPotion"},{"floor":18.0,"key":"FearPotion"},{"floor":23.0,"key":"Fruit Juice"},{"floor":25.0,"key":"GamblersBrew"},{"floor":28.0,"key":"Energy Potion"},{"floor":35.0,"key":"Weak Potion"},{"floor":36.0,"key":"Fire Potion"}],"is_trial":false,"path_per_floor":["M","M","?","$","?","E","R","?","T","R","?","E","M","M","R","B",null,"M","$","M","?","?","E","R","M","T","?","M","R","$","E","R","B",null,"M","?","?","M","$","R","E","R","T","E","?","?","R","?","R","B",null,"R","$","E","B",null],"character_chosen":"IRONCLAD","items_purchased":["Juzu Bracelet","Orichalcum"],"campfire_rested":1,"item_purchase_floors":[4,39],"current_hp_per_floor":[72,65,65,65,65,21,21,21,21,45,65,57,56,38,38,12,80,34,49,8,8,8,47,47,45,45,45,38,38,48,50,50,45,50,41,49,49,56,56,56,57,57,57,60,60,50,50,50,50,54,60,60,60,62,61],"gold":28,"neow_bonus":"ONE_RANDOM_RARE_CARD","is_daily":false,"chose_seed":false,"campfire_upgraded":7,"win_rate":0.0,"timestamp":1608206575,"path_taken":["M","M","?","$","?","E","R","?","T","R","?","E","M","M","R","BOSS","M","$","M","?","?","E","R","M","T","?","M","R","?","E","R","BOSS","M","?","?","M","$","R","E","R","T","E","?","?","R","?","R","BOSS","R","$","E","BOSS"],"items_purchased_type":["Relic","Relic"],"build_version":"2020-12-13","purchased_purges":4,"victory":true,"max_hp_per_floor":[80,80,80,80,80,80,80,80,80,80,80,80,80,80,80,80,80,80,80,80,40,40,47,47,49,49,49,51,51,48,50,50,50,50,52,54,54,56,56,56,58,58,58,60,60,60,60,60,60,60,60,60,60,62,62],"card_choices":[{"not_picked":["Feel No Pain","Wild Strike","Warcry"],"picked":"SKIP","floor":1.0},{"not_picked":["Headbutt","Warcry","Anger"],"picked":"SKIP","floor":2.0},{"not_picked":["Body Slam","Clash","Dark Embrace"],"picked":"SKIP","floor":6.0},{"not_picked":["Reckless Charge","Flex","Ghostly Armor"],"picked":"SKIP","floor":12.0},{"not_picked":["Whirlwind","Burning Pact","Spot Weakness"],"picked":"SKIP","floor":13.0},{"not_picked":["Flex","Feel No Pain","Searing Blow"],"picked":"SKIP","floor":14.0},{"not_picked":["Barricade","Fiend Fire"],"picked":"Reaper","floor":16.0},{"not_picked":["Perfected Strike","Pommel Strike","Metallicize"],"picked":"SKIP","floor":18.0},{"not_picked":["Dark Embrace","Body Slam","Havoc"],"picked":"SKIP","floor":20.0},{"not_picked":["Metallicize","Clash+1","Fiend Fire"],"picked":"Singing Bowl","floor":23.0},{"not_picked":["Sword Boomerang+1","Flex","Body Slam+1"],"picked":"Singing Bowl","floor":25.0},{"not_picked":["Body Slam+1","Dark Embrace","Hemokinesis"],"picked":"Singing Bowl","floor":28.0},{"not_picked":["Reaper","Disarm","Searing Blow"],"picked":"Singing Bowl","floor":31.0},{"not_picked":["Feed","Double Tap"],"picked":"Limit Break","floor":33.0},{"not_picked":["Pommel Strike+1","Hemokinesis","Perfected Strike+1"],"picked":"Singing Bowl","floor":35.0},{"not_picked":["Evolve+1","Dual Wield+1","Reaper"],"picked":"Singing Bowl","floor":36.0},{"not_picked":["Wild Strike+1","Shrug It Off+1","Power Through+1"],"picked":"Singing Bowl","floor":38.0},{"not_picked":["Dropkick+1","Infernal Blade","Flame Barrier+1"],"picked":"Singing Bowl","floor":41.0},{"not_picked":["Clash+1","Blood for Blood+1","Entrench"],"picked":"Singing Bowl","floor":44.0},{"not_picked":["Flash of Steel+1","Metamorphosis"],"picked":"Apotheosis","floor":46.0},{"not_picked":["Forethought","Bandage Up"],"picked":"Swift Strike+1","floor":46.0},{"not_picked":["Deep Breath","Mayhem"],"picked":"Dramatic Entrance+1","floor":46.0},{"not_picked":["Whirlwind+1","Battle Trance","Havoc"],"picked":"Singing Bowl","floor":54.0}],"player_experience":176761,"relics_obtained":[{"floor":6.0,"key":"Oddly Smooth Stone"},{"floor":9.0,"key":"MealTicket"},{"floor":9.0,"key":"Bottled Tornado"},{"floor":12.0,"key":"Bag of Marbles"},{"floor":23.0,"key":"Singing Bowl"},{"floor":26.0,"key":"Red Skull"},{"floor":26.0,"key":"Frozen Egg 2"},{"floor":31.0,"key":"Calipers"},{"floor":36.0,"key":"Peace Pipe"},{"floor":41.0,"key":"Molten Egg 2"},{"floor":41.0,"key":"Sundial"},{"floor":44.0,"key":"Self Forming Clay"},{"floor":44.0,"key":"Paper Frog"},{"floor":54.0,"key":"Anchor"},{"floor":54.0,"key":"Toy Ornithopter"}],"event_choices":[{"damage_healed":0.0,"max_hp_gain":0.0,"max_hp_loss":0.0,"gold_gain":175.0,"event_name":"Liars Game","player_choice":"AGREE","floor":3.0,"gold_loss":0.0,"damage_taken":0.0,"cards_obtained":["Doubt"]},{"damage_healed":0.0,"max_hp_gain":0.0,"max_hp_loss":0.0,"gold_gain":0.0,"event_name":"Big Fish","player_choice":"Box","floor":5.0,"gold_loss":0.0,"damage_taken":0.0,"relics_obtained":["Matryoshka"],"cards_obtained":["Regret"]},{"damage_healed":0.0,"max_hp_gain":0.0,"max_hp_loss":0.0,"gold_gain":0.0,"event_name":"FaceTrader","player_choice":"Leave","floor":8.0,"gold_loss":0.0,"damage_taken":0.0},{"damage_healed":20.0,"max_hp_gain":0.0,"max_hp_loss":0.0,"gold_gain":0.0,"event_name":"Mushrooms","player_choice":"Healed and dodged fight","floor":11.0,"gold_loss":0.0,"damage_taken":0.0,"cards_obtained":["Parasite"]},{"damage_healed":0.0,"max_hp_gain":0.0,"max_hp_loss":40.0,"gold_gain":0.0,"event_name":"Ghosts","player_choice":"Became a Ghost","floor":21.0,"gold_loss":0.0,"damage_taken":0.0,"cards_obtained":["Ghostly","Ghostly","Ghostly","Ghostly","Ghostly"]},{"damage_healed":0.0,"max_hp_gain":0.0,"max_hp_loss":0.0,"gold_gain":0.0,"event_name":"Accursed Blacksmith","player_choice":"Forge","floor":22.0,"gold_loss":0.0,"damage_taken":0.0,"cards_upgraded":["Ghostly"]},{"damage_healed":0.0,"max_hp_gain":0.0,"max_hp_loss":0.0,"gold_gain":0.0,"event_name":"N\u0027loth","player_choice":"Traded Relic","floor":27.0,"relics_lost":["Frozen Egg 2"],"gold_loss":0.0,"damage_taken":0.0,"relics_obtained":["Nloth\u0027s Gift"]},{"damage_healed":0.0,"max_hp_gain":0.0,"max_hp_loss":0.0,"gold_gain":0.0,"event_name":"MindBloom","player_choice":"Fight","floor":36.0,"gold_loss":0.0,"damage_taken":0.0},{"damage_healed":0.0,"max_hp_gain":0.0,"max_hp_loss":0.0,"gold_gain":0.0,"event_name":"Mysterious Sphere","player_choice":"Ignored","floor":37.0,"gold_loss":0.0,"damage_taken":0.0},{"damage_healed":0.0,"max_hp_gain":0.0,"max_hp_loss":0.0,"gold_gain":0.0,"event_name":"Tomb of Lord Red Mask","player_choice":"Paid","floor":45.0,"gold_loss":144.0,"damage_taken":0.0,"relics_obtained":["Red Mask"]},{"damage_healed":0.0,"max_hp_gain":0.0,"max_hp_loss":0.0,"gold_gain":0.0,"event_name":"SensoryStone","player_choice":"Memory 3","floor":46.0,"gold_loss":0.0,"damage_taken":10.0},{"cards_removed":["Strike_R"],"damage_healed":0.0,"max_hp_gain":0.0,"max_hp_loss":0.0,"gold_gain":0.0,"event_name":"Falling","player_choice":"Removed Attack","floor":48.0,"gold_loss":0.0,"damage_taken":0.0}],"is_beta":false,"boss_relics":[{"not_picked":["Ectoplasm","Mark of Pain"],"picked":"SlaversCollar"},{"not_picked":["Snecko Eye","Black Blood"],"picked":"Black Star"}],"items_purged_floors":[4,19,30,39],"is_endless":false,"potions_floor_spawned":[1,6,14,18,23,25,28,35,36],"ascension_level":0}}