{"host":"mi0eibewekhugwl1","time":1608205632,"event":{"mods":["AchievementEnabler","BaseMod","Colored Map","Colored Powertips","DeckTracker","Keyboard Shortcuts","Minty Spire (QoL Compilation)","Quick Restart","Rare Cards Sparkle","Relic Stats","StSLib","SuperFastMode","everything is the same but u backflip on backflip"],"gold_per_floor":[117,117,117,133,157,157,184,184,184,33,44,44,63,81,81,157,157,176,226,126,126,146,146,164,181,181,181,181,16,48,9,9,9,9],"floor_reached":33,"playtime":571,"items_purged":["Strike_B"],"score":576,"play_id":"66615397-4355-48bb-97ae-4eba3ba1e9bb","local_time":"20201217204712","is_ascension_mode":true,"campfire_choices":[{"data":"Zap","floor":6,"key":"SMITH"},{"data":"Dualcast","floor":8,"key":"SMITH"},{"data":"Loop","floor":12,"key":"SMITH"},{"data":"Defragment","floor":15,"key":"SMITH"},{"data":"Storm","floor":23,"key":"SMITH"},{"floor":27,"key":"REST"},{"floor":32,"key":"REST"}],"circlet_count":0,"master_deck":["AscendersBane","Strike_B","Strike_B","Defend_B","Defend_B","Defend_B","Defend_B","Zap+1","Dualcast+1","Cold Snap","Loop+1","White Noise","Conserve Battery","Defragment+1","Storm+1","Core Surge","Heatsinks+1","Tempest","FTL","Loop"],"relics":["FrozenCore","NeowsBlessing","CultistMask","Centennial Puzzle","Darkstone Periapt","Thread and Needle","CaptainsWheel","OrangePellets","Pantograph"],"acts_visited":["Exordium","TheCity"],"potions_floor_usage":[18,20,25,25,30,33],"damage_taken":[{"damage":0,"enemies":"Cultist","floor":1,"turns":1},{"damage":0,"enemies":"Small Slimes","floor":4,"turns":1},{"damage":0,"enemies":"Gremlin Nob","floor":7,"turns":1},{"damage":1,"enemies":"Jaw Worm","floor":11,"turns":4},{"damage":3,"enemies":"Exordium Wildlife","floor":13,"turns":5},{"damage":8,"enemies":"Exordium Thugs","floor":14,"turns":5},{"damage":25,"enemies":"The Guardian","floor":16,"turns":8},{"damage":9,"enemies":"Chosen","floor":18,"turns":4},{"damage":0,"enemies":"2 Thieves","floor":20,"turns":5},{"damage":4,"enemies":"Snake Plant","floor":22,"turns":4},{"damage":26,"enemies":"Shelled Parasite and Fungi","floor":24,"turns":4},{"damage":21,"enemies":"Cultist and Chosen","floor":25,"turns":4},{"damage":25,"enemies":"Book of Stabbing","floor":30,"turns":5},{"damage":72,"enemies":"Collector","floor":33,"turns":12}],"seed_played":"6321192494883647593","potions_obtained":[{"floor":1,"key":"Ancient Potion"},{"floor":11,"key":"Energy Potion"},{"floor":18,"key":"Block Potion"},{"floor":24,"key":"AttackPotion"},{"floor":25,"key":"SpeedPotion"},{"floor":30,"key":"EssenceOfSteel"}],"is_trial":false,"path_per_floor":["M","?","?","M","T","R","E","R","T","$","M","R","M","M","R","B",null,"M","?","M","?","M","R","M","M","T","R","?","$","E","$","R","B"],"character_chosen":"DEFECT","items_purchased":["White Noise","OrangePellets","Loop"],"campfire_rested":2,"item_purchase_floors":[10,29,31],"current_hp_per_floor":[64,69,69,69,69,69,69,69,69,69,68,68,65,57,57,32,65,56,56,56,56,52,52,26,5,5,27,27,27,2,2,24,0,0],"gold":9,"neow_bonus":"THREE_ENEMY_KILL","is_daily":false,"chose_seed":false,"campfire_upgraded":5,"win_rate":0.0,"timestamp":1608205632,"path_taken":["M","?","?","?","?","R","E","R","T","?","M","R","M","M","R","BOSS","M","?","M","?","M","R","M","M","T","R","?","$","E","$","R","BOSS"],"items_purchased_type":["Card","Relic","Card"],"build_version":"2020-12-13","purchased_purges":1,"victory":false,"max_hp_per_floor":[71,76,76,76,76,76,76,76,76,76,76,76,76,76,76,76,76,76,76,76,76,76,76,76,76,76,76,76,76,76,76,76,76,76],"relic_stats":{"Darkstone Periapt":0,"OrangePellets":[0],"Centennial Puzzle":[30],"counters":[14,62],"Pantograph":25,"obtain_stats":[{"Darkstone Periapt":7,"OrangePellets":29,"Centennial Puzzle":5,"CaptainsWheel":26,"NeowsBlessing":0,"Pantograph":30,"Thread and Needle":9,"CultistMask":3,"Cracked Core":0,"FrozenCore":17},{"Darkstone Periapt":3,"OrangePellets":12,"Centennial Puzzle":2,"CaptainsWheel":12,"NeowsBlessing":0,"Pantograph":13,"Thread and Needle":3,"CultistMask":1,"Cracked Core":0,"FrozenCore":7},{"Darkstone Periapt":3,"OrangePellets":45,"Centennial Puzzle":2,"CaptainsWheel":45,"NeowsBlessing":0,"Pantograph":50,"Thread and Needle":3,"CultistMask":1,"Cracked Core":0,"FrozenCore":25}],"FrozenCore":[14]},"card_choices":[{"not_picked":["Reinforced Body","Force Field","Beam Cell"],"picked":"SKIP","floor":1},{"not_picked":["Gash","Steam"],"picked":"Cold Snap","floor":4},{"not_picked":["Coolheaded","Leap"],"picked":"Loop","floor":7},{"not_picked":["Fission","Rebound"],"picked":"Conserve Battery","floor":11},{"not_picked":["Go for the Eyes","Lockon"],"picked":"Defragment","floor":13},{"not_picked":["Conserve Battery","Beam Cell"],"picked":"Storm","floor":14},{"not_picked":["Seek","Machine Learning"],"picked":"Core Surge","floor":16},{"not_picked":["Doom and Gloom","Darkness"],"picked":"Heatsinks+1","floor":18},{"not_picked":["Darkness","Hello World","Barrage"],"picked":"SKIP","floor":20},{"not_picked":["Rebound","Coolheaded+1"],"picked":"Tempest","floor":22},{"not_picked":["Darkness","Turbo","Sweeping Beam"],"picked":"SKIP","floor":24},{"not_picked":["Turbo","Streamline","Doom and Gloom"],"picked":"SKIP","floor":25},{"not_picked":["Rebound","Turbo"],"picked":"FTL","floor":30}],"player_experience":1682704,"relics_obtained":[{"floor":5,"key":"Centennial Puzzle"},{"floor":7,"key":"Darkstone Periapt"},{"floor":9,"key":"Thread and Needle"},{"floor":26,"key":"CaptainsWheel"},{"floor":30,"key":"Pantograph"}],"event_choices":[{"damage_healed":0,"gold_gain":0,"player_choice":"Donut","damage_taken":0,"max_hp_gain":5,"max_hp_loss":0,"event_name":"Big Fish","floor":2,"gold_loss":0},{"damage_healed":0,"gold_gain":0,"player_choice":"Trade","damage_taken":0,"relics_obtained":["CultistMask"],"max_hp_gain":0,"max_hp_loss":0,"event_name":"FaceTrader","floor":3,"gold_loss":0},{"damage_healed":0,"gold_gain":50,"player_choice":"Stole From Cult","damage_taken":0,"max_hp_gain":0,"max_hp_loss":0,"event_name":"Nest","floor":19,"gold_loss":0},{"cards_removed":["Strike_B"],"damage_healed":0,"gold_gain":0,"player_choice":"Elegance","damage_taken":0,"max_hp_gain":0,"max_hp_loss":0,"event_name":"Back to Basics","floor":21,"gold_loss":0},{"damage_healed":0,"gold_gain":0,"player_choice":"Ignored","damage_taken":0,"max_hp_gain":0,"max_hp_loss":0,"event_name":"The Mausoleum","floor":28,"gold_loss":0}],"is_beta":false,"boss_relics":[{"not_picked":["Ectoplasm","Black Star"],"picked":"FrozenCore"}],"items_purged_floors":[10],"is_endless":false,"potions_floor_spawned":[1,11,14,18,24,25,30],"killed_by":"Collector","ascension_level":20}}