{"host":"un97lkyah1pp4w16","time":1608230326,"event":{"mods":["BaseMod","Colored Map","Colored Powertips","Minty Spire (QoL Compilation)","StSLib","SuperFastMode"],"gold_per_floor":[117,292,34,34,47,47,60,60,60,60,73,87,141,152,152,152,152],"floor_reached":16,"playtime":564,"items_purged":[],"score":92,"play_id":"884b5521-0e33-48e0-baa6-4173bdf41776","local_time":"20201218023846","is_ascension_mode":false,"campfire_choices":[{"floor":6,"key":"RECALL"},{"data":"Pommel Strike","floor":8,"key":"SMITH"},{"floor":15,"key":"REST"}],"circlet_count":0,"master_deck":["Strike_R","Strike_R","Strike_R","Strike_R","Defend_R","Defend_R","Defend_R","Defend_R","Bash","Shame","Dropkick","Doubt","True Grit","Bloodletting","Pommel Strike+1","Iron Wave","Uppercut","Anger"],"relics":["Burning Blood","Champion Belt","Paper Frog","Anchor"],"acts_visited":["Exordium"],"potions_floor_usage":[16,16],"damage_taken":[{"damage":6,"enemies":"Small Slimes","floor":1,"turns":4},{"damage":13,"enemies":"Jaw Worm","floor":5,"turns":6},{"damage":8,"enemies":"2 Louse","floor":7,"turns":3},{"damage":50,"enemies":"Lots of Slimes","floor":11,"turns":7},{"damage":10,"enemies":"Looter","floor":12,"turns":3},{"damage":2,"enemies":"3 Louse","floor":14,"turns":4},{"damage":51,"enemies":"The Guardian","floor":16,"turns":6}],"seed_played":"2855627501859157904","potions_obtained":[{"floor":7,"key":"Ancient Potion"},{"floor":12,"key":"Weak Potion"},{"floor":14,"key":"Dexterity Potion"}],"is_trial":false,"path_per_floor":["M","?","$","?","M","R","M","R","T","$","M","M","?","M","R","B"],"character_chosen":"IRONCLAD","items_purchased":["Paper Frog"],"campfire_rested":1,"item_purchase_floors":[3],"current_hp_per_floor":[80,80,80,80,73,73,71,71,71,71,27,23,23,27,51,0,0],"gold":152,"neow_bonus":"ONE_RARE_RELIC","is_daily":false,"chose_seed":false,"campfire_upgraded":1,"win_rate":0.0,"timestamp":1608230326,"path_taken":["M","?","$","?","M","R","M","R","T","$","M","M","?","M","R","BOSS"],"items_purchased_type":["Relic"],"build_version":"2020-12-13","purchased_purges":0,"victory":false,"max_hp_per_floor":[80,80,80,80,80,80,80,80,80,80,80,80,80,80,80,80,80],"card_choices":[{"not_picked":["True Grit","Burning Pact"],"picked":"Dropkick","floor":1},{"not_picked":["Warcry","Havoc"],"picked":"Bloodletting","floor":5},{"not_picked":["Flex","Twin Strike"],"picked":"Pommel Strike","floor":7},{"not_picked":["Clothesline","Rage"],"picked":"Iron Wave","floor":11},{"not_picked":["Warcry","Body Slam"],"picked":"Uppercut","floor":12},{"not_picked":["Thunderclap","Feel No Pain"],"picked":"Anger","floor":14}],"player_experience":94723,"relics_obtained":[{"floor":9,"key":"Anchor"}],"event_choices":[{"damage_healed":0,"gold_gain":175,"player_choice":"AGREE","damage_taken":0,"max_hp_gain":0,"max_hp_loss":0,"event_name":"Liars Game","floor":2,"gold_loss":0,"cards_obtained":["Doubt"]},{"damage_healed":0,"gold_gain":0,"cards_transformed":["Strike_R"],"player_choice":"Change","damage_taken":0,"max_hp_gain":0,"max_hp_loss":0,"event_name":"Living Wall","floor":4,"gold_loss":0,"cards_obtained":["True Grit"]},{"damage_healed":0,"gold_gain":54,"player_choice":"Gained Gold","damage_taken":0,"max_hp_gain":0,"max_hp_loss":0,"event_name":"Golden Wing","floor":13,"gold_loss":0}],"is_beta":false,"boss_relics":[],"items_purged_floors":[],"is_endless":false,"potions_floor_spawned":[7,12,14],"killed_by":"The Guardian","ascension_level":0}}