{"host":"r3d3rfw8zyydmocx","time":1608170468,"event":{"mods":["Aspiration","BaseMod","Colored Powertips","Conspire","Downfall","Hermit","Highlight Path","Hubris","Minty Spire (QoL Compilation)","Replay The Spire","StSLib"],"gold_per_floor":[99,113,113,130,130,141,141,168,168,201,201,217,20,40,50,50,50],"floor_reached":16,"playtime":1277,"items_purged":["Regret"],"score":137,"play_id":"dc4155cd-2e35-46e6-bde2-f8d97d1ebc44","local_time":"20201216180108","is_ascension_mode":false,"campfire_choices":[{"data":"champ:Strike","floor":1,"key":"PURGE"},{"data":"champ:CalledShot","floor":3,"key":"SMITH"},{"data":"champ:StanceDance","floor":5,"key":"SMITH"},{"data":"champ:Execute","floor":9,"key":"SMITH"}],"circlet_count":0,"master_deck":["Sadistic Nature+1","champ:Strike+1","champ:Strike+1","champ:Strike","champ:Defend","champ:Defend","champ:Defend","champ:Defend","champ:Execute+1","champ:Taunt","champ:CalledShot+1","champ:GladiatorsShout","champ:StanceDance+1","champ:FaceSlap+1","champ:RecklessLeap","champ:PerfectedStrike","champ:IronFortress","champ:DefensiveStyle","champ:DefensiveShout","champ:ArenaPreparation"],"relics":["champ:ChampionCrown","Matryoshka","hubris:TinFlute","Centennial Puzzle","Membership Card"],"acts_visited":["Exordium"],"potions_floor_usage":[10,10],"damage_taken":[{"damage":6,"enemies":"2 Louse","floor":2,"turns":3},{"damage":12,"enemies":"Cultist","floor":4,"turns":4},{"damage":12,"enemies":"conspire:RoseBush","floor":6,"turns":3},{"damage":31,"enemies":"3 Sentries","floor":8,"turns":9},{"damage":20,"enemies":"Gremlin Nob","floor":10,"turns":3},{"damage":12,"enemies":"Lots of Slimes","floor":12,"turns":3},{"damage":34,"enemies":"downfall:FleeingMerchant","floor":13,"turns":4},{"damage":8,"enemies":"Exordium Wildlife","floor":14,"turns":2},{"damage":1,"enemies":"2 Fungi Beasts","floor":15,"turns":3},{"damage":37,"enemies":"downfall:Ironclad","floor":16,"turns":2}],"seed_played":"-6522006959674046503","potions_obtained":[{"floor":2,"key":"Explosive Potion"},{"floor":8,"key":"Energy Potion"},{"floor":10,"key":"PowerPotion"},{"floor":14,"key":"BlessingOfTheForge"}],"is_trial":false,"path_per_floor":["R","M","R","M","R","M","T","E","R","E","?","M","$","M","M","B"],"character_chosen":"THE_CHAMP","items_purchased":["Membership Card"],"campfire_rested":0,"item_purchase_floors":[13],"current_hp_per_floor":[90,89,89,85,85,81,81,60,60,60,60,53,44,36,35,0,0],"gold":50,"neow_bonus":"THREE_CARDS","is_daily":false,"chose_seed":false,"campfire_upgraded":3,"win_rate":0.0,"timestamp":1608170468,"path_taken":["R","M","R","M","R","M","T","E","R","E","?","M","$","M","M","BOSS"],"items_purchased_type":["Relic"],"build_version":"2020-12-13","purchased_purges":1,"victory":false,"max_hp_per_floor":[90,90,90,90,90,90,90,90,90,90,90,90,90,90,90,90,90],"card_choices":[{"not_picked":["champ:BringItOn","champ:CrookedStrike"],"picked":"champ:CalledShot","floor":0},{"not_picked":["champ:GutPunch","champ:FanOfKnives"],"picked":"champ:GladiatorsShout","floor":2},{"not_picked":["champ:EndlessRage","champ:CrookedStrike"],"picked":"champ:StanceDance","floor":4},{"not_picked":["champ:RapidStrikes","champ:DeathBlow"],"picked":"champ:FaceSlap","floor":6},{"not_picked":["champ:SkillfulDodge","champ:DefensiveShout"],"picked":"champ:RecklessLeap","floor":8},{"not_picked":["champ:FlashCut","champ:GutPunch"],"picked":"champ:PerfectedStrike","floor":10},{"not_picked":["champ:BerserkersShout","champ:ShieldWall"],"picked":"champ:IronFortress","floor":12},{"not_picked":["champ:FocusedGladiator","champ:StanceDance"],"picked":"champ:DefensiveStyle","floor":13},{"not_picked":["champ:Encircle","champ:Shatter"],"picked":"champ:DefensiveShout","floor":14},{"not_picked":["champ:Encircle","champ:GutPunch"],"picked":"champ:ArenaPreparation","floor":15}],"player_experience":470591,"relics_obtained":[{"floor":7,"key":"Matryoshka"},{"floor":8,"key":"hubris:TinFlute"},{"floor":10,"key":"Centennial Puzzle"}],"event_choices":[],"is_beta":false,"boss_relics":[],"items_purged_floors":[13],"is_endless":false,"potions_floor_spawned":[2,8,10,14],"killed_by":"downfall:Ironclad","ascension_level":0}}