{"host":"xz534terrkr331jc","time":1608195325,"event":{"mods":["BaseMod","Better Third Choice","Downfall","Hermit","Jorbs\u0027s Wanderer Trilogy","Marisa????????","Minty Spire (QoL Compilation)","Shade Mod","StSLib","The Cursed","The Hierophant","The Servant 0.9.4","The Wild Card"],"gold_per_floor":[116,116,41,41,41,79,103,103,103,143,163,183,218,238,238,367,367,387,93,93,114,127,127,151,151,151,51,66,66,66,165,165,165,165],"floor_reached":33,"playtime":1574,"items_purged":["Strike_R","Defend_R"],"score":265,"play_id":"b6506464-999e-47a8-be5e-7d32b86d662f","local_time":"20201217095525","is_ascension_mode":false,"campfire_choices":[{"floor":8,"key":"REST"},{"floor":15,"key":"REST"},{"floor":23,"key":"RECALL"},{"floor":25,"key":"REST"},{"floor":29,"key":"REST"},{"floor":32,"key":"REST"}],"circlet_count":0,"master_deck":["Strike_R","Strike_R","Strike_R+1","Defend_R","Defend_R+1","Defend_R","Bash","Body Slam+1","Flex","Shrug It Off","Double Tap"],"relics":["Burning Blood","Golden Idol","Lizard Tail","Paper Frog","Incense Burner","Vajra","SacredBark","Torii"],"acts_visited":["Exordium","TheCity"],"potions_floor_usage":[11,13,24,33,33,33],"damage_taken":[{"damage":1,"enemies":"Cultist","floor":1,"turns":3},{"damage":37,"enemies":"Lagavulin","floor":6,"turns":9},{"damage":0,"enemies":"Small Slimes","floor":7,"turns":3},{"damage":24,"enemies":"Gremlin Nob","floor":10,"turns":4},{"damage":0,"enemies":"2 Louse","floor":11,"turns":1},{"damage":0,"enemies":"Red Slaver","floor":12,"turns":2},{"damage":8,"enemies":"Lagavulin","floor":13,"turns":5},{"damage":7,"enemies":"Blue Slaver","floor":14,"turns":2},{"damage":60,"enemies":"Slime Boss","floor":16,"turns":11},{"damage":11,"enemies":"2 Thieves","floor":18,"turns":4},{"damage":12,"enemies":"Spheric Guardian","floor":21,"turns":6},{"damage":3,"enemies":"Snecko","floor":22,"turns":6},{"damage":65,"enemies":"Chosen and Byrds","floor":24,"turns":9},{"damage":45,"enemies":"Cultist and Chosen","floor":28,"turns":7},{"damage":119,"enemies":"Automaton","floor":33,"turns":12}],"seed_played":"8376401109179120201","potions_obtained":[{"floor":6,"key":"Explosive Potion"},{"floor":7,"key":"Guardian:BlockOnCardUsePotion"},{"floor":10,"key":"Strength Potion"},{"floor":16,"key":"Fire Potion"},{"floor":21,"key":"SkillPotion"},{"floor":28,"key":"SpeedPotion"}],"is_trial":false,"path_per_floor":["M","?","$","?","?","E","M","R","T","E","M","M","E","M","R","B",null,"M","$","?","M","M","R","M","R","T","$","M","R","?","?","R","B"],"character_chosen":"IRONCLAD","items_purchased":["Torii"],"campfire_rested":5,"item_purchase_floors":[19],"current_hp_per_floor":[88,88,88,66,48,17,23,49,49,31,37,43,41,40,66,12,88,83,83,83,77,80,80,21,47,47,47,8,34,34,34,60,0,0],"gold":165,"neow_bonus":"TEN_PERCENT_HP_BONUS","is_daily":false,"chose_seed":false,"campfire_upgraded":0,"win_rate":0.0,"timestamp":1608195325,"path_taken":["M","?","?","?","?","E","M","R","T","E","M","M","E","M","R","BOSS","M","$","?","M","M","R","M","R","T","$","?","R","?","?","R","BOSS"],"items_purchased_type":["Relic"],"build_version":"2020-12-13","purchased_purges":2,"victory":false,"max_hp_per_floor":[88,88,88,88,88,88,88,88,88,88,88,88,88,88,88,88,88,88,88,88,88,88,88,88,88,88,88,88,88,88,88,88,88,88],"card_choices":[{"not_picked":["Iron Wave","Thunderclap"],"picked":"Body Slam","floor":1},{"not_picked":["Rupture","Cleave"],"picked":"Flex","floor":6},{"not_picked":["Havoc","Combust","Rage"],"picked":"SKIP","floor":7},{"not_picked":["Flex","Combust","Berserk"],"picked":"SKIP","floor":10},{"not_picked":["Sever Soul","Perfected Strike","Rupture"],"picked":"SKIP","floor":11},{"not_picked":["Twin Strike","Headbutt"],"picked":"Shrug It Off","floor":12},{"not_picked":["Second Wind","Wild Strike","Offering"],"picked":"SKIP","floor":13},{"not_picked":["Cleave","Rampage","Thunderclap"],"picked":"SKIP","floor":14},{"not_picked":["Reaper","Exhume"],"picked":"Double Tap","floor":16},{"not_picked":["Perfected Strike+1","Flex","Hemokinesis"],"picked":"SKIP","floor":18},{"not_picked":["True Grit","Sever Soul","Seeing Red+1"],"picked":"SKIP","floor":21},{"not_picked":["Thunderclap","Iron Wave+1","Havoc"],"picked":"SKIP","floor":22},{"not_picked":["Body Slam","Wild Strike","Perfected Strike"],"picked":"SKIP","floor":24},{"not_picked":["Bloodletting+1","Sword Boomerang","Sever Soul"],"picked":"SKIP","floor":28}],"player_experience":554814,"relics_obtained":[{"floor":6,"key":"Lizard Tail"},{"floor":9,"key":"Paper Frog"},{"floor":10,"key":"Incense Burner"},{"floor":13,"key":"Vajra"}],"event_choices":[{"damage_healed":0,"gold_gain":0,"player_choice":"Forge","damage_taken":0,"max_hp_gain":0,"max_hp_loss":0,"event_name":"Accursed Blacksmith","floor":2,"gold_loss":0,"cards_upgraded":["Body Slam"]},{"damage_healed":0,"gold_gain":0,"player_choice":"Take Damage","damage_taken":22,"relics_obtained":["Golden Idol"],"max_hp_gain":0,"max_hp_loss":0,"event_name":"Golden Idol","floor":4,"gold_loss":0},{"damage_healed":66,"gold_gain":0,"player_choice":"Upgrade","damage_taken":18,"max_hp_gain":0,"max_hp_loss":88,"event_name":"betterThird:BetterShining","floor":5,"gold_loss":0,"cards_upgraded":["Strike_R","Defend_R"]},{"cards_removed":["Strike_R"],"damage_healed":0,"gold_gain":0,"player_choice":"Offered Basic","damage_taken":0,"max_hp_gain":0,"max_hp_loss":0,"event_name":"Bonfire Elementals","floor":20,"gold_loss":0},{"damage_healed":0,"gold_gain":0,"player_choice":"Ignored","damage_taken":0,"max_hp_gain":0,"max_hp_loss":0,"event_name":"Ghosts","floor":30,"gold_loss":0},{"damage_healed":0,"gold_gain":99,"player_choice":"Steal","damage_taken":0,"max_hp_gain":0,"max_hp_loss":0,"event_name":"betterThird:BetterNest","floor":31,"gold_loss":0}],"is_beta":false,"boss_relics":[{"not_picked":["Tiny House","Pandora\u0027s Box"],"picked":"SacredBark"}],"items_purged_floors":[3,27],"is_endless":false,"potions_floor_spawned":[6,7,10,16,21,28],"killed_by":"Automaton","ascension_level":0}}