{"host":"lhth1efayex2023z","time":1608247406,"event":{"mods":["BaseMod","Colored Map","Googly Eyes","Minty Spire (QoL Compilation)","StSLib"],"gold_per_floor":[109,109,122,122,197,197,228,228,228,228,59,83,34,52,52,180,243,259,45,63,63,76,110,131,131,131,131,131],"floor_reached":27,"playtime":1066,"items_purged":["Injury"],"score":370,"play_id":"85e684de-3876-467e-b4a3-bded826571d9","local_time":"20201217162326","is_ascension_mode":true,"campfire_choices":[{"data":"Zap","floor":6.0,"key":"SMITH"},{"floor":8.0,"key":"REST"},{"data":"Scrape","floor":10.0,"key":"SMITH"},{"data":"Dualcast","floor":15.0,"key":"SMITH"},{"floor":25.0,"key":"REST"}],"circlet_count":0,"master_deck":["AscendersBane","Strike_B+1","Strike_B","Strike_B+1","Strike_B","Defend_B","Defend_B","Defend_B","Defend_B","Zap+1","Dualcast+1","Fission+1","Coolheaded","BootSequence+1","Scrape+1","Gash","Go for the Eyes","Electrodynamics","Go for the Eyes","White Noise","All For One","Gash","Hologram"],"relics":["Cracked Core","Golden Idol","Whetstone","Juzu Bracelet","Tiny House","SsserpentHead","Bag of Preparation","Sundial"],"acts_visited":["Exordium","TheCity"],"potions_floor_usage":[],"damage_taken":[{"damage":2.0,"enemies":"Jaw Worm","floor":1.0,"turns":3.0},{"damage":0.0,"enemies":"Cultist","floor":3.0,"turns":3.0},{"damage":36.0,"enemies":"Gremlin Nob","floor":7.0,"turns":4.0},{"damage":0.0,"enemies":"Small Slimes","floor":12.0,"turns":2.0},{"damage":0.0,"enemies":"3 Louse","floor":14.0,"turns":3.0},{"damage":19.0,"enemies":"Slime Boss","floor":16.0,"turns":8.0},{"damage":11.0,"enemies":"Spheric Guardian","floor":18.0,"turns":3.0},{"damage":0.0,"enemies":"Chosen","floor":20.0,"turns":2.0},{"damage":4.0,"enemies":"Snake Plant","floor":22.0,"turns":3.0},{"damage":36.0,"enemies":"Book of Stabbing","floor":23.0,"turns":5.0},{"damage":0.0,"enemies":"3 Cultists","floor":24.0,"turns":3.0},{"damage":50,"enemies":"Gremlin Leader","floor":27,"turns":5}],"seed_played":"-8315108706331343639","potions_obtained":[{"floor":1.0,"key":"ColorlessPotion"},{"floor":7.0,"key":"PowerPotion"},{"floor":17.0,"key":"Regen Potion"},{"floor":18.0,"key":"SpeedPotion"},{"floor":22.0,"key":"LiquidBronze"}],"is_trial":false,"path_per_floor":["M","?","M","?","?","R","E","R","T","R","$","M","$","M","R","B",null,"M","$","M","?","M","E","M","R","T","E"],"character_chosen":"DEFECT","items_purchased":["Gash","Go for the Eyes","Fire Potion","All For One","Gash"],"campfire_rested":2,"item_purchase_floors":[11,11,13,19,19],"current_hp_per_floor":[66,66,66,66,55,55,19,39,39,39,39,39,39,39,39,20,61,50,50,50,50,46,24,24,45,45,0,0],"gold":131,"neow_bonus":"THREE_RARE_CARDS","is_daily":false,"chose_seed":false,"campfire_upgraded":3,"win_rate":0.0,"timestamp":1608247406,"path_taken":["M","?","?","?","?","R","E","R","T","R","?","M","$","M","R","BOSS","M","$","M","?","M","E","M","R","T","E"],"items_purchased_type":["Card","Card","Potion","Card","Card"],"build_version":"2020-12-13","purchased_purges":1,"victory":false,"max_hp_per_floor":[68,68,68,68,68,68,68,68,68,68,68,68,68,68,68,68,73,73,73,73,73,73,73,73,73,73,73,73],"card_choices":[{"not_picked":["Multi-Cast","Buffer"],"picked":"Fission","floor":0.0},{"not_picked":["Hologram","Barrage"],"picked":"Coolheaded","floor":1.0},{"not_picked":["Stack","Fusion"],"picked":"BootSequence","floor":3.0},{"not_picked":["Leap","Fusion"],"picked":"Scrape","floor":7.0},{"not_picked":["Meteor Strike","Stack","Ball Lightning"],"picked":"SKIP","floor":12.0},{"not_picked":["Hologram","Barrage","Stack"],"picked":"SKIP","floor":14.0},{"not_picked":["Multi-Cast","Meteor Strike"],"picked":"Electrodynamics","floor":16.0},{"not_picked":["Cold Snap","Barrage"],"picked":"Go for the Eyes","floor":17.0},{"not_picked":["Auto Shields","Hologram"],"picked":"White Noise","floor":18.0},{"not_picked":["Sweeping Beam","Leap","Hologram"],"picked":"SKIP","floor":20.0},{"not_picked":["Sweeping Beam","Leap"],"picked":"Hologram","floor":20.0},{"not_picked":["Fusion","Consume","Rip and Tear"],"picked":"SKIP","floor":22.0},{"not_picked":["Hologram","Rebound","Streamline+1"],"picked":"SKIP","floor":23.0},{"not_picked":["Ball Lightning","Melter","Turbo"],"picked":"SKIP","floor":24.0}],"player_experience":362258,"relics_obtained":[{"floor":7.0,"key":"Whetstone"},{"floor":9.0,"key":"Juzu Bracelet"},{"floor":23.0,"key":"Bag of Preparation"},{"floor":26.0,"key":"Sundial"}],"event_choices":[{"damage_healed":0.0,"max_hp_gain":0.0,"max_hp_loss":0.0,"gold_gain":0.0,"event_name":"Upgrade Shrine","player_choice":"Upgraded","floor":2.0,"gold_loss":0.0,"damage_taken":0.0,"cards_upgraded":["Fission"]},{"damage_healed":0.0,"max_hp_gain":0.0,"max_hp_loss":0.0,"gold_gain":0.0,"event_name":"Golden Idol","player_choice":"Take Wound","floor":4.0,"gold_loss":0.0,"damage_taken":0.0,"relics_obtained":["Golden Idol"],"cards_obtained":["Injury"]},{"damage_healed":0.0,"max_hp_gain":0.0,"max_hp_loss":0.0,"gold_gain":75.0,"event_name":"World of Goop","player_choice":"Gather Gold","floor":5.0,"gold_loss":0.0,"damage_taken":11.0},{"damage_healed":0.0,"max_hp_gain":0.0,"max_hp_loss":0.0,"gold_gain":0.0,"event_name":"FaceTrader","player_choice":"Trade","floor":21.0,"gold_loss":0.0,"damage_taken":0.0,"relics_obtained":["SsserpentHead"]}],"is_beta":false,"boss_relics":[{"not_picked":["Coffee Dripper","Inserter"],"picked":"Tiny House"}],"items_purged_floors":[11],"is_endless":false,"potions_floor_spawned":[1,7,18,20,22],"killed_by":"Gremlin Leader","ascension_level":12}}