{"host":"utqe55yv0jihe4d6","time":1608223023,"event":{"mods":["2.2 Compatiblity","AchievementEnabler","BaseMod","Block Reminder","Colored Map","Colored Powertips","Minty Spire (QoL Compilation)","Quick Restart","Rare Cards Sparkle","Relic Stats","SuperFastMode"],"gold_per_floor":[113,138,153,153,228,228,258,271,271,284,295,295,330,355,355,428,428,441,441,452,16,33,33,63,78,78,78,95,95,122,142,142,219,219,233,251,251,251,93,93,121,121,121,141,168,168,197,209,209,209,209,209],"floor_reached":51,"playtime":1523,"items_purged":["Strike_G"],"score":1620,"play_id":"4169df63-107b-4ed3-9595-47456970bb32","local_time":"20201217113703","is_ascension_mode":true,"campfire_choices":[{"data":"Neutralize","floor":6.0,"key":"SMITH"},{"floor":12.0,"key":"REST"},{"data":"Malaise","floor":15.0,"key":"SMITH"},{"data":"Corpse Explosion","floor":23.0,"key":"SMITH"},{"data":"Ghostly","floor":29.0,"key":"SMITH"},{"data":"Infinite Blades","floor":32.0,"key":"SMITH"},{"data":"Ghostly","floor":40.0,"key":"SMITH"},{"data":"Blade Dance","floor":42.0,"key":"SMITH"},{"data":"Envenom","floor":46.0,"key":"SMITH"},{"floor":49.0,"key":"RECALL"}],"circlet_count":0,"master_deck":["AscendersBane","Strike_G","Strike_G","Strike_G","Strike_G+1","Defend_G+1","Defend_G","Defend_G","Defend_G+1","Defend_G","Survivor+1","Neutralize+1","Flying Knee","Blade Dance+1","Infinite Blades+1","Sucker Punch+1","Malaise+1","Corpse Explosion+1","Ghostly+1","Ghostly+1","Ghostly+1","PiercingWail","Phantasmal Killer","Backstab+1","Flash of Steel+1","Dagger Spray+1","Quick Slash+1","Envenom+1"],"relics":["Ring of the Snake","NeowsBlessing","Potion Belt","Molten Egg 2","Paper Crane","Centennial Puzzle","Busted Crown","Nloth\u0027s Gift","PreservedInsect","Singing Bowl","Blue Candle","Shuriken","Ninja Scroll","SacredBark","Bag of Marbles","Art of War","Du-Vu Doll"],"acts_visited":["Exordium","TheCity","TheBeyond"],"potions_floor_usage":[],"damage_taken":[{"damage":0.0,"enemies":"Cultist","floor":1.0,"turns":1.0},{"damage":0.0,"enemies":"Jaw Worm","floor":3.0,"turns":1.0},{"damage":0.0,"enemies":"Lagavulin","floor":7.0,"turns":1.0},{"damage":1.0,"enemies":"Small Slimes","floor":8.0,"turns":4.0},{"damage":0.0,"enemies":"Looter","floor":10.0,"turns":2.0},{"damage":1.0,"enemies":"2 Fungi Beasts","floor":11.0,"turns":4.0},{"damage":6.0,"enemies":"Gremlin Nob","floor":13.0,"turns":3.0},{"damage":8.0,"enemies":"The Guardian","floor":16.0,"turns":19.0},{"damage":3.0,"enemies":"Chosen","floor":18.0,"turns":6.0},{"damage":0.0,"enemies":"3 Byrds","floor":20.0,"turns":2.0},{"damage":13.0,"enemies":"Centurion and Healer","floor":22.0,"turns":6.0},{"damage":13.0,"enemies":"Gremlin Leader","floor":24.0,"turns":7.0},{"damage":10.0,"enemies":"3 Cultists","floor":25.0,"turns":3.0},{"damage":1.0,"enemies":"Cultist and Chosen","floor":28.0,"turns":5.0},{"damage":1.0,"enemies":"Slavers","floor":30.0,"turns":2.0},{"damage":0.0,"enemies":"Centurion and Healer","floor":31.0,"turns":5.0},{"damage":9.0,"enemies":"Champ","floor":33.0,"turns":10.0},{"damage":0.0,"enemies":"3 Shapes","floor":35.0,"turns":4.0},{"damage":2.0,"enemies":"Orb Walker","floor":36.0,"turns":4.0},{"damage":9.0,"enemies":"Reptomancer","floor":41.0,"turns":6.0},{"damage":2.0,"enemies":"Jaw Worm Horde","floor":44.0,"turns":2.0},{"damage":0.0,"enemies":"Nemesis","floor":45.0,"turns":1.0},{"damage":2.0,"enemies":"Giant Head","floor":47.0,"turns":5.0},{"damage":3.0,"enemies":"Spire Growth","floor":48.0,"turns":3.0},{"damage":3.0,"enemies":"Donu and Deca","floor":50.0,"turns":5.0},{"damage":26,"enemies":"Awakened One","floor":51,"turns":9}],"seed_played":"-5262327008392635185","potions_obtained":[{"floor":3.0,"key":"Strength Potion"},{"floor":7.0,"key":"PowerPotion"},{"floor":11.0,"key":"Block Potion"},{"floor":16.0,"key":"Fire Potion"},{"floor":22.0,"key":"DuplicationPotion"},{"floor":24.0,"key":"Poison Potion"},{"floor":25.0,"key":"Energy Potion"},{"floor":31.0,"key":"BlessingOfTheForge"},{"floor":36.0,"key":"Strength Potion"},{"floor":45.0,"key":"SpeedPotion"},{"floor":47.0,"key":"Swift Potion"},{"floor":48.0,"key":"SteroidPotion"}],"is_trial":false,"path_per_floor":["M","T","M","?","?","R","E","M","T","M","M","R","E","T","R","B",null,"M","?","M","$","M","R","E","M","T","?","M","R","E","M","R","B",null,"M","M","?","?","$","R","E","R","T","M","E","R","E","M","R","B","B"],"character_chosen":"THE_SILENT","items_purchased":["PreservedInsect","Singing Bowl","SteroidPotion","Dagger Spray+1"],"campfire_rested":1,"item_purchase_floors":[21,21,39,39],"current_hp_per_floor":[59,59,59,39,28,28,28,27,27,27,26,45,39,39,39,31,57,54,54,54,54,43,43,32,24,24,24,25,25,24,26,26,17,34,36,34,31,31,31,31,24,24,24,22,22,22,22,21,21,18,0,0],"gold":209,"neow_bonus":"THREE_ENEMY_KILL","is_daily":false,"chose_seed":false,"campfire_upgraded":8,"win_rate":0.0,"timestamp":1608223023,"path_taken":["M","?","M","?","?","R","E","M","T","M","M","R","E","?","R","BOSS","M","?","M","$","?","R","E","M","T","?","M","R","E","M","R","BOSS","M","M","?","?","$","R","E","R","T","M","E","R","E","M","R","BOSS","BOSS"],"items_purchased_type":["Relic","Relic","Potion","Card"],"build_version":"2020-12-13","purchased_purges":1,"victory":false,"max_hp_per_floor":[66,66,66,66,66,66,66,66,66,66,66,66,66,66,66,66,66,66,66,66,66,68,68,70,72,72,36,38,38,38,40,40,40,40,42,42,44,44,44,44,46,46,46,46,46,46,48,50,50,50,50,50],"relic_stats":{"Centennial Puzzle":[45],"Busted Crown":36,"Singing Bowl":20,"counters":[26,120],"Shuriken":[57],"Blue Candle":[0],"PreservedInsect":330,"Nloth\u0027s Gift":2,"Art of War":[1],"obtain_stats":[{"Potion Belt":7,"NeowsBlessing":0,"Singing Bowl":21,"Blue Candle":24,"SacredBark":34,"PreservedInsect":21,"War Paint":2,"Paper Crane":13,"Du-Vu Doll":47,"Centennial Puzzle":14,"Busted Crown":17,"Shuriken":26,"Ninja Scroll":30,"Molten Egg 2":9,"Nloth\u0027s Gift":19,"Bag of Marbles":41,"Art of War":45,"Ring of the Snake":0},{"Potion Belt":3,"NeowsBlessing":0,"Singing Bowl":10,"Blue Candle":12,"SacredBark":17,"PreservedInsect":10,"War Paint":1,"Paper Crane":7,"Du-Vu Doll":23,"Centennial Puzzle":7,"Busted Crown":8,"Shuriken":13,"Ninja Scroll":15,"Molten Egg 2":4,"Nloth\u0027s Gift":9,"Bag of Marbles":20,"Art of War":22,"Ring of the Snake":0},{"Potion Belt":3,"NeowsBlessing":0,"Singing Bowl":43,"Blue Candle":56,"SacredBark":81,"PreservedInsect":43,"War Paint":1,"Paper Crane":16,"Du-Vu Doll":103,"Centennial Puzzle":16,"Busted Crown":35,"Shuriken":59,"Ninja Scroll":66,"Molten Egg 2":7,"Nloth\u0027s Gift":41,"Bag of Marbles":95,"Art of War":98,"Ring of the Snake":0}],"Ring of the Snake":[52]},"card_choices":[{"not_picked":["Setup","Choke"],"picked":"Flying Knee","floor":1.0},{"not_picked":["Leg Sweep","Tactician"],"picked":"Blade Dance","floor":3.0},{"not_picked":["Acrobatics","Flying Knee"],"picked":"Infinite Blades","floor":7.0},{"not_picked":["Dagger Throw","Acrobatics","Bullet Time"],"picked":"SKIP","floor":8.0},{"not_picked":["Endless Agony+1","Terror"],"picked":"Sucker Punch+1","floor":10.0},{"not_picked":["Outmaneuver","Choke+1","Deadly Poison"],"picked":"SKIP","floor":11.0},{"not_picked":["Tactician","Flying Knee+1"],"picked":"Malaise","floor":13.0},{"not_picked":["Venomology","Adrenaline"],"picked":"Corpse Explosion","floor":16.0},{"not_picked":["Dodge and Roll"],"picked":"SKIP","floor":18.0},{"not_picked":["Deadly Poison"],"picked":"SKIP","floor":20.0},{"not_picked":["Calculated Gamble"],"picked":"Singing Bowl","floor":22.0},{"not_picked":["Slice+1"],"picked":"Singing Bowl","floor":24.0},{"not_picked":["Quick Slash+1"],"picked":"Singing Bowl","floor":25.0},{"not_picked":["Concentrate"],"picked":"Singing Bowl","floor":28.0},{"not_picked":[],"picked":"PiercingWail","floor":30.0},{"not_picked":["Flying Knee+1"],"picked":"Singing Bowl","floor":31.0},{"not_picked":[],"picked":"Phantasmal Killer","floor":33.0},{"not_picked":["Expertise"],"picked":"Singing Bowl","floor":35.0},{"not_picked":[],"picked":"Backstab+1","floor":36.0},{"not_picked":[],"picked":"Flash of Steel+1","floor":37.0},{"not_picked":["Mind Blast+1"],"picked":"Singing Bowl","floor":37.0},{"not_picked":["Calculated Gamble"],"picked":"Singing Bowl","floor":41.0},{"not_picked":[],"picked":"Quick Slash+1","floor":44.0},{"not_picked":[],"picked":"Envenom","floor":45.0},{"not_picked":["Corpse Explosion"],"picked":"Singing Bowl","floor":47.0},{"not_picked":["Outmaneuver"],"picked":"Singing Bowl","floor":48.0}],"player_experience":2779608,"relics_obtained":[{"floor":2.0,"key":"War Paint"},{"floor":7.0,"key":"Potion Belt"},{"floor":9.0,"key":"Molten Egg 2"},{"floor":13.0,"key":"Paper Crane"},{"floor":14.0,"key":"Centennial Puzzle"},{"floor":24.0,"key":"Blue Candle"},{"floor":26.0,"key":"Shuriken"},{"floor":30.0,"key":"Ninja Scroll"},{"floor":41.0,"key":"Bag of Marbles"},{"floor":45.0,"key":"Art of War"},{"floor":47.0,"key":"Du-Vu Doll"}],"event_choices":[{"damage_healed":0.0,"max_hp_gain":0.0,"max_hp_loss":0.0,"gold_gain":0.0,"event_name":"Shining Light","player_choice":"Entered Light","floor":4.0,"gold_loss":0.0,"damage_taken":20.0,"cards_upgraded":["Strike_G","Defend_G"]},{"damage_healed":0.0,"max_hp_gain":0.0,"max_hp_loss":0.0,"gold_gain":75.0,"event_name":"World of Goop","player_choice":"Gather Gold","floor":5.0,"gold_loss":0.0,"damage_taken":11.0},{"damage_healed":0.0,"max_hp_gain":0.0,"max_hp_loss":0.0,"gold_gain":0.0,"event_name":"N\u0027loth","player_choice":"Traded Relic","floor":19.0,"relics_lost":["War Paint"],"gold_loss":0.0,"damage_taken":0.0,"relics_obtained":["Nloth\u0027s Gift"]},{"damage_healed":0.0,"max_hp_gain":0.0,"max_hp_loss":36.0,"gold_gain":0.0,"event_name":"Ghosts","player_choice":"Became a Ghost","floor":27.0,"gold_loss":0.0,"damage_taken":0.0,"cards_obtained":["Ghostly","Ghostly","Ghostly"]},{"damage_healed":0.0,"max_hp_gain":0.0,"max_hp_loss":0.0,"gold_gain":0.0,"event_name":"SensoryStone","player_choice":"Memory 2","floor":37.0,"gold_loss":0.0,"damage_taken":5.0},{"damage_healed":0.0,"max_hp_gain":0.0,"max_hp_loss":0.0,"gold_gain":0.0,"event_name":"Upgrade Shrine","player_choice":"Upgraded","floor":38.0,"gold_loss":0.0,"damage_taken":0.0,"cards_upgraded":["Ghostly"]}],"is_beta":false,"boss_relics":[{"not_picked":["Ring of the Serpent","Tiny House"],"picked":"Busted Crown"},{"not_picked":["Calling Bell","Coffee Dripper"],"picked":"SacredBark"}],"items_purged_floors":[39],"is_endless":false,"potions_floor_spawned":[3,7,11,16,22,24,25,31,36,45,47,48],"killed_by":"Awakened One","ascension_level":20}}