{"host":"sav7uxregyirlf69","time":1608211486,"event":{"mods":["AchievementEnabler","BaseMod","Colored Map","DeckTracker","Keyboard Shortcuts","Minty Spire (QoL Compilation)","READ ME - Guardian Mod","StSLib","SuperFastMode"],"gold_per_floor":[119,131,131,141,141,141,156,156,205,220,249,264,279,299,299,299,299],"floor_reached":16,"playtime":252,"items_purged":[],"score":212,"play_id":"7c7977fd-bf95-4867-bd91-04654e79fd2f","local_time":"20201217222446","is_ascension_mode":true,"campfire_choices":[{"data":"Zap","floor":6,"key":"SMITH"},{"data":"Dualcast","floor":8,"key":"SMITH"},{"data":"Chaos","floor":15,"key":"SMITH"}],"circlet_count":0,"master_deck":["AscendersBane","Strike_B","Strike_B","Strike_B","Strike_B","Defend_B","Defend_B","Defend_B","Defend_B","Zap+1","Dualcast+1","Cold Snap","Hologram","Rebound","Beam Cell","Turbo","Chill","Go for the Eyes","Chaos+1"],"relics":["Cracked Core","NeowsBlessing","Strawberry","Boot","Bag of Preparation"],"acts_visited":["Exordium"],"potions_floor_usage":[11,16],"damage_taken":[{"damage":0,"enemies":"Cultist","floor":1,"turns":1},{"damage":0,"enemies":"2 Louse","floor":2,"turns":1},{"damage":0,"enemies":"Jaw Worm","floor":4,"turns":1},{"damage":14,"enemies":"3 Louse","floor":7,"turns":3},{"damage":1,"enemies":"Looter","floor":10,"turns":2},{"damage":14,"enemies":"Lagavulin","floor":11,"turns":6},{"damage":7,"enemies":"2 Fungi Beasts","floor":12,"turns":3},{"damage":6,"enemies":"Gremlin Gang","floor":13,"turns":6},{"damage":1,"enemies":"Blue Slaver","floor":14,"turns":4},{"damage":27,"enemies":"Hexaghost","floor":16,"turns":9}],"seed_played":"188803283739444163","potions_obtained":[{"floor":5,"key":"SteroidPotion"},{"floor":5,"key":"FocusPotion"},{"floor":12,"key":"Dexterity Potion"}],"is_trial":false,"path_per_floor":["M","M","?","M","?","R","M","R","T","M","E","M","M","M","R","B"],"character_chosen":"DEFECT","items_purchased":[],"campfire_rested":0,"item_purchase_floors":[],"current_hp_per_floor":[64,64,66,66,66,66,52,52,52,51,37,30,24,23,23,0,0],"gold":299,"neow_bonus":"THREE_ENEMY_KILL","is_daily":false,"chose_seed":false,"campfire_upgraded":3,"win_rate":0.0,"timestamp":1608211486,"path_taken":["M","?","?","M","?","R","M","R","T","M","E","?","M","?","R","BOSS"],"items_purchased_type":[],"build_version":"2020-12-13","purchased_purges":0,"victory":false,"max_hp_per_floor":[71,71,78,78,78,78,78,78,78,78,78,78,78,78,78,78,78],"card_choices":[{"not_picked":["Gash","Rebound"],"picked":"Cold Snap","floor":1},{"not_picked":["Steam","Turbo","Coolheaded"],"picked":"SKIP","floor":2},{"not_picked":["Reprogram","Turbo"],"picked":"Hologram","floor":4},{"not_picked":["Stack","Steam"],"picked":"Rebound","floor":7},{"not_picked":["Stack","Hyperbeam"],"picked":"Beam Cell","floor":10},{"not_picked":["Stack","Coolheaded"],"picked":"Turbo","floor":11},{"not_picked":["Fusion","Gash"],"picked":"Chill","floor":12},{"not_picked":["Conserve Battery","Redo"],"picked":"Go for the Eyes","floor":13},{"not_picked":["Rebound","Stack"],"picked":"Chaos","floor":14}],"player_experience":944207,"relics_obtained":[{"floor":9,"key":"Boot"},{"floor":11,"key":"Bag of Preparation"}],"event_choices":[{"damage_healed":0,"gold_gain":0,"player_choice":"Success","damage_taken":5,"relics_obtained":["Strawberry"],"max_hp_gain":0,"max_hp_loss":0,"event_name":"Scrap Ooze","floor":3,"gold_loss":0},{"damage_healed":0,"gold_gain":0,"player_choice":"Got Potions","damage_taken":0,"max_hp_gain":0,"max_hp_loss":0,"event_name":"Lab","floor":5,"gold_loss":0}],"is_beta":false,"boss_relics":[],"items_purged_floors":[],"is_endless":false,"potions_floor_spawned":[7,12,14],"killed_by":"Hexaghost","ascension_level":20}}