{"host":"p7bugujof0m50fiz","time":1608221018,"event":{"mods":["2.2 Compatiblity","BaseMod","Colored Map","Downfall","Infinite Spire","Minty Spire (QoL Compilation)","Replay The Spire","StSLib","The Construct"],"gold_per_floor":[112,212,230,230,74,105,118,136,161,186,196,196,196,214,214,317,317,333,353,353,19,19,19],"floor_reached":22,"playtime":1116,"items_purged":["Strike_G","infinitespire:Pacifist"],"score":225,"play_id":"b1b9bf1c-e471-400e-9148-f2032225f107","local_time":"20201217170338","is_ascension_mode":true,"campfire_choices":[{"data":"Accuracy","floor":15,"key":"SMITH"}],"circlet_count":0,"master_deck":["Strike_G","Strike_G+1","Strike_G","Strike_G","Defend_G","Defend_G","Defend_G","Defend_G","Defend_G","Survivor","Neutralize","Dagger Spray+1","Blade Dance","Accuracy+1","Cloak And Dagger","Storm of Steel+1","Quick Slash","Delirium","Burst","CommonCold","ReplayTheSpireMod:Splinters","expansioncontent:DonusPower"],"relics":["Coffee Dripper","Oddly Smooth Stone","Whetstone","Bronze Scales","ReplayTheSpireMod:Ring of Collecting","Potion Belt","Replay:Bottled Steam","infinitespire:Magic Flask","Nloth\u0027s Gift","TwistedFunnel"],"acts_visited":["Exordium","TheCity"],"potions_floor_usage":[6,22,22,22],"damage_taken":[{"damage":0,"enemies":"Small Slimes","floor":1,"turns":5},{"damage":3,"enemies":"infinitespire:Voidling","floor":3,"turns":5},{"damage":20,"enemies":"Lagavulin","floor":6,"turns":6},{"damage":0,"enemies":"Cultist","floor":7,"turns":3},{"damage":0,"enemies":"Exordium Wildlife","floor":8,"turns":2},{"damage":10,"enemies":"3 Sentries","floor":10,"turns":5},{"damage":13,"enemies":"3 Louse","floor":11,"turns":3},{"damage":1,"enemies":"Gremlin Gang","floor":14,"turns":2},{"damage":25,"enemies":"The Guardian","floor":16,"turns":11},{"damage":43,"enemies":"2 Thieves","floor":18,"turns":4},{"damage":21,"enemies":"Chosen","floor":19,"turns":5},{"damage":7,"enemies":"Centurion and Healer","floor":22,"turns":2}],"seed_played":"-1703664324463740292","potions_obtained":[{"floor":4,"key":"DistilledChaos"},{"floor":4,"key":"FairyPotion"},{"floor":4,"key":"SteroidPotion"},{"floor":7,"key":"Weak Potion"},{"floor":16,"key":"Swift Potion"}],"is_trial":false,"path_per_floor":["M","?","M","?","$","E","M","M","T","E","M","?","?","M","R","B",null,"M","M","?","$","M"],"character_chosen":"THE_SILENT","items_purchased":["Accuracy","expansioncontent:DonusPower","TwistedFunnel"],"campfire_rested":0,"item_purchase_floors":[5,21,21],"current_hp_per_floor":[70,70,67,67,67,47,47,47,47,37,24,24,24,23,23,21,70,27,6,6,6,0,0],"gold":19,"neow_bonus":"BOSS_RELIC","is_daily":false,"chose_seed":false,"campfire_upgraded":1,"win_rate":0.0,"timestamp":1608221018,"path_taken":["M","?","?","?","$","E","?","M","T","E","M","?","?","M","R","BOSS","M","?","?","$","M"],"items_purchased_type":["Card","Card","Relic"],"build_version":"2020-12-13","purchased_purges":2,"victory":false,"max_hp_per_floor":[70,70,70,70,70,70,70,70,70,70,70,70,70,70,70,70,70,70,70,70,70,70,70],"card_choices":[{"not_picked":["Dagger Throw","Heel Hook"],"picked":"Dagger Spray","floor":1},{"not_picked":["Poisoned Stab","Flying Knee"],"picked":"Blade Dance","floor":3},{"not_picked":["Unload","Atom Bomb","Predator"],"picked":"SKIP","floor":6},{"not_picked":["Crippling Poison","Bane"],"picked":"Cloak And Dagger","floor":7},{"not_picked":["Slice","Bane","Prepared"],"picked":"SKIP","floor":8},{"not_picked":["Grand Finale","Dodge and Roll"],"picked":"Storm of Steel","floor":10},{"not_picked":["Calculated Gamble","Sucker Punch"],"picked":"Quick Slash","floor":11},{"not_picked":["ReplayTheSpireMod:Tripwire","Dagger Throw","Sucker Punch"],"picked":"SKIP","floor":14},{"not_picked":["infinitespire:Neurotoxin","Bullet Time"],"picked":"Burst","floor":16},{"not_picked":["Pain","Slimebound:Icky"],"picked":"CommonCold","floor":17},{"not_picked":["Normality","ReplayTheSpireMod:Faulty Equipment"],"picked":"ReplayTheSpireMod:Splinters","floor":17},{"not_picked":["ReplayTheSpireMod:Faulty Equipment","CurseOfTheBell"],"picked":"infinitespire:Pacifist","floor":17},{"not_picked":["Hidden Blade","Bane","Underhanded Strike"],"picked":"SKIP","floor":18},{"not_picked":["Poisoned Stab","Concentrate","Well Laid Plans"],"picked":"SKIP","floor":19}],"player_experience":183421,"relics_obtained":[{"floor":6,"key":"Oddly Smooth Stone"},{"floor":9,"key":"Whetstone"},{"floor":10,"key":"Bronze Scales"},{"floor":12,"key":"ReplayTheSpireMod:Ring of Collecting"}],"event_choices":[{"damage_healed":0,"gold_gain":100,"player_choice":"Pray","damage_taken":0,"max_hp_gain":0,"max_hp_loss":0,"event_name":"Golden Shrine","floor":2,"gold_loss":0},{"damage_healed":0,"gold_gain":0,"player_choice":"Got Potions","damage_taken":0,"max_hp_gain":0,"max_hp_loss":0,"event_name":"Lab","floor":4,"gold_loss":0},{"damage_healed":0,"gold_gain":0,"player_choice":"Upgraded","damage_taken":0,"max_hp_gain":0,"max_hp_loss":0,"event_name":"Upgrade Shrine","floor":13,"gold_loss":0,"cards_upgraded":["Storm of Steel"]},{"damage_healed":0,"gold_gain":0,"player_choice":"Traded Relic","damage_taken":0,"relics_obtained":["Nloth\u0027s Gift"],"max_hp_gain":0,"max_hp_loss":0,"event_name":"N\u0027loth","floor":20,"relics_lost":["Replay:Ancient Bell"],"gold_loss":0}],"is_beta":false,"boss_relics":[{"not_picked":["Snecko Eye","ChewingGum"],"picked":"Replay:Ancient Bell"},{"not_picked":["Toy Ornithopter","ReplayTheSpireMod:TigerMarble"],"picked":"Potion Belt"},{"not_picked":["Sundial","Question Card"],"picked":"Replay:Bottled Steam"},{"not_picked":["Byrd Skull","Gambling Chip"],"picked":"infinitespire:Magic Flask"}],"items_purged_floors":[5,21],"is_endless":false,"potions_floor_spawned":[7,11,16],"killed_by":"Centurion and Healer","ascension_level":3}}