{"host":"gp6kafy53r5vaktt","time":1608228760,"event":{"mods":["BaseMod","Colored Map","Highlight Path","Minty Spire (QoL Compilation)"],"gold_per_floor":[118,193,209,229,239,272,272,11,37,50,63,88,88,114,114,209,209,220,232,232,75,85,85,113,473,473,493,493,518,547,569,581,696,708,732,763,700,712,723,749,765,798,825,825,544,544,544,558,558,558,558,558,53,87,87,87],"floor_reached":55,"playtime":5207,"items_purged":["Bite","Defend_R","Bite+1"],"score":906,"play_id":"1a375933-6833-4c88-8c75-6d642391d078","local_time":"20201217201240","is_ascension_mode":false,"campfire_choices":[{"data":"Armaments","floor":7.0,"key":"SMITH"},{"data":"True Grit","floor":13.0,"key":"SMITH"},{"data":"Uppercut","floor":15.0,"key":"SMITH"},{"data":"Barricade","floor":23.0,"key":"SMITH"},{"floor":28.0,"key":"REST"},{"data":"Entrench","floor":32.0,"key":"SMITH"},{"floor":44.0,"key":"RECALL"},{"floor":49.0,"key":"REST"},{"floor":52.0,"key":"REST"}],"circlet_count":0,"master_deck":["Defend_R+1","Defend_R+1","Defend_R+1","Bash+1","Armaments+1","Cleave+1","Metallicize+1","Seeing Red+1","Headbutt+1","Uppercut+1","True Grit+1","Barricade+1","Ghostly Armor+1","Twin Strike+1","Bite+1","Bite+1","Bite+1","Demon Form+1","Whirlwind+1","Pommel Strike+1","Ghostly Armor+1","Iron Wave+1","Disarm+1","Entrench+1","Offering+1","Rage+1","Shrug It Off+1","Warcry+1","Warcry+1","Body Slam+1","Master of Strategy"],"relics":["Burning Blood","Whetstone","Self Forming Clay","Red Skull","Odd Mushroom","PreservedInsect","Philosopher\u0027s Stone","Vajra","Bottled Flame","MawBank","SlaversCollar","The Courier","Bag of Preparation","Mark of the Bloom","Orichalcum","Pocketwatch"],"acts_visited":["Exordium","TheCity","TheBeyond","TheEnding"],"potions_floor_usage":[55,55],"damage_taken":[{"damage":13.0,"enemies":"Cultist","floor":1.0,"turns":5.0},{"damage":0.0,"enemies":"Small Slimes","floor":3.0,"turns":3.0},{"damage":1.0,"enemies":"2 Louse","floor":4.0,"turns":2.0},{"damage":0.0,"enemies":"Large Slime","floor":5.0,"turns":6.0},{"damage":40.0,"enemies":"Lagavulin","floor":6.0,"turns":7.0},{"damage":5.0,"enemies":"Exordium Thugs","floor":10.0,"turns":4.0},{"damage":11.0,"enemies":"Lots of Slimes","floor":11.0,"turns":3.0},{"damage":21.0,"enemies":"The Mushroom Lair","floor":12.0,"turns":4.0},{"damage":6.0,"enemies":"Gremlin Nob","floor":14.0,"turns":3.0},{"damage":15.0,"enemies":"Hexaghost","floor":16.0,"turns":7.0},{"damage":9.0,"enemies":"Shell Parasite","floor":18.0,"turns":6.0},{"damage":13.0,"enemies":"3 Byrds","floor":19.0,"turns":8.0},{"damage":13.0,"enemies":"Shelled Parasite and Fungi","floor":22.0,"turns":8.0},{"damage":20.0,"enemies":"Book of Stabbing","floor":24.0,"turns":7.0},{"damage":7.0,"enemies":"Cultist and Chosen","floor":27.0,"turns":6.0},{"damage":18.0,"enemies":"Slavers","floor":29.0,"turns":3.0},{"damage":10.0,"enemies":"Centurion and Healer","floor":30.0,"turns":11.0},{"damage":0.0,"enemies":"3 Cultists","floor":31.0,"turns":3.0},{"damage":0.0,"enemies":"Champ","floor":33.0,"turns":11.0},{"damage":20.0,"enemies":"3 Shapes","floor":35.0,"turns":4.0},{"damage":3.0,"enemies":"Orb Walker","floor":36.0,"turns":4.0},{"damage":6.0,"enemies":"4 Shapes","floor":38.0,"turns":9.0},{"damage":38.0,"enemies":"Jaw Worm Horde","floor":39.0,"turns":5.0},{"damage":18.0,"enemies":"Reptomancer","floor":40.0,"turns":27.0},{"damage":27.0,"enemies":"Transient","floor":41.0,"turns":5.0},{"damage":6.0,"enemies":"Giant Head","floor":42.0,"turns":6.0},{"damage":9.0,"enemies":"Writhing Mass","floor":48.0,"turns":6.0},{"damage":0.0,"enemies":"Awakened One","floor":50.0,"turns":11.0},{"damage":9.0,"enemies":"Shield and Spear","floor":54.0,"turns":6.0},{"damage":40,"enemies":"The Heart","floor":55,"turns":2}],"seed_played":"6093264967132036507","potions_obtained":[{"floor":5.0,"key":"Swift Potion"},{"floor":6.0,"key":"PowerPotion"},{"floor":11.0,"key":"BloodPotion"},{"floor":12.0,"key":"LiquidBronze"},{"floor":16.0,"key":"BlessingOfTheForge"},{"floor":18.0,"key":"Energy Potion"},{"floor":19.0,"key":"LiquidBronze"},{"floor":24.0,"key":"Block Potion"},{"floor":33.0,"key":"Regen Potion"},{"floor":35.0,"key":"Fire Potion"},{"floor":39.0,"key":"Fire Potion"},{"floor":40.0,"key":"SteroidPotion"},{"floor":48.0,"key":"DuplicationPotion"}],"is_trial":false,"path_per_floor":["M","?","M","M","M","E","R","$","T","M","M","?","R","E","R","B",null,"M","M","?","$","M","R","E","?","T","M","R","E","M","M","R","B",null,"M","M","$","M","M","E","M","E","T","R","$","?","?","M","R","B",null,"R","$","E","B"],"character_chosen":"IRONCLAD","items_purchased":["Self Forming Clay","Demon Form","Whirlwind","Shrug It Off","Warcry","Warcry","DistilledChaos","Dexterity Potion","Master of Strategy","EssenceOfSteel","SkillPotion","Orichalcum","Swift Potion"],"campfire_rested":3,"item_purchase_floors":[8,21,21,45,45,45,45,45,53,53,53,53,53],"current_hp_per_floor":[81,73,79,84,88,54,54,54,54,55,50,35,35,35,35,43,88,85,78,61,61,61,61,54,18,18,27,45,39,54,60,60,61,61,52,61,61,61,35,61,48,56,56,56,56,56,56,47,47,47,47,47,47,38,0,0],"gold":87,"neow_bonus":"TEN_PERCENT_HP_BONUS","is_daily":false,"chose_seed":false,"campfire_upgraded":5,"win_rate":0.0,"timestamp":1608228760,"path_taken":["M","?","M","M","M","E","R","?","T","M","M","?","R","E","R","BOSS","M","M","?","$","M","R","E","?","T","M","R","E","?","M","R","BOSS","M","M","$","M","M","E","?","E","T","R","$","?","?","M","R","BOSS","R","$","E","BOSS"],"items_purchased_type":["Relic","Card","Card","Card","Card","Card","Potion","Potion","Card","Potion","Potion","Relic","Potion"],"build_version":"2020-12-13","purchased_purges":3,"victory":false,"max_hp_per_floor":[88,88,88,88,88,88,88,88,88,88,88,88,88,88,88,88,88,88,88,61,61,61,61,61,61,61,61,61,61,61,61,61,61,61,61,61,61,61,61,61,61,61,61,61,61,61,61,61,61,61,61,61,61,61,61,61],"card_choices":[{"not_picked":["Perfected Strike","Evolve"],"picked":"Armaments","floor":1.0},{"not_picked":["Anger","Feel No Pain"],"picked":"Cleave","floor":3.0},{"not_picked":["Clothesline","Offering"],"picked":"Metallicize","floor":4.0},{"not_picked":["Infernal Blade","Anger"],"picked":"Seeing Red","floor":5.0},{"not_picked":["Dark Embrace","Thunderclap"],"picked":"Headbutt","floor":6.0},{"not_picked":["Armaments","Clash","Clothesline"],"picked":"SKIP","floor":10.0},{"not_picked":["Flex","Rage"],"picked":"Uppercut","floor":11.0},{"not_picked":["Cleave","Body Slam"],"picked":"True Grit","floor":12.0},{"not_picked":["Corruption","Hemokinesis","Heavy Blade"],"picked":"SKIP","floor":14.0},{"not_picked":["Fiend Fire","Berserk"],"picked":"Barricade","floor":16.0},{"not_picked":["Dark Embrace","Feel No Pain+1"],"picked":"Ghostly Armor","floor":18.0},{"not_picked":["Infernal Blade","Thunderclap"],"picked":"Twin Strike+1","floor":19.0},{"not_picked":["Dropkick","Heavy Blade"],"picked":"Pommel Strike+1","floor":22.0},{"not_picked":["Anger","Seeing Red"],"picked":"Ghostly Armor","floor":24.0},{"not_picked":["Sever Soul","Uppercut","Perfected Strike"],"picked":"SKIP","floor":27.0},{"not_picked":["Pommel Strike","Pummel"],"picked":"Iron Wave","floor":29.0},{"not_picked":["Heavy Blade+1","Pummel"],"picked":"Disarm","floor":30.0},{"not_picked":["Reaper","Second Wind"],"picked":"Entrench","floor":31.0},{"not_picked":["Corruption","Brutality"],"picked":"Offering","floor":33.0},{"not_picked":["Searing Blow+1","Clothesline+1","Twin Strike"],"picked":"SKIP","floor":35.0},{"not_picked":["Dark Embrace","Inflame"],"picked":"Rage+1","floor":36.0},{"not_picked":["Disarm","Wild Strike+1","Headbutt"],"picked":"SKIP","floor":38.0},{"not_picked":["Havoc","Anger","Thunderclap"],"picked":"SKIP","floor":39.0},{"not_picked":["Reckless Charge+1","Blood for Blood+1","Double Tap"],"picked":"SKIP","floor":40.0},{"not_picked":["Clash+1","Twin Strike","Fire Breathing+1"],"picked":"SKIP","floor":41.0},{"not_picked":["Cleave+1","Seeing Red","Brutality"],"picked":"SKIP","floor":42.0},{"not_picked":["Heavy Blade","Clash+1"],"picked":"Body Slam+1","floor":48.0},{"not_picked":["Sword Boomerang","Cleave+1","Berserk"],"picked":"SKIP","floor":54.0}],"player_experience":3181,"relics_obtained":[{"floor":6.0,"key":"Whetstone"},{"floor":9.0,"key":"Red Skull"},{"floor":12.0,"key":"Odd Mushroom"},{"floor":14.0,"key":"PreservedInsect"},{"floor":24.0,"key":"Vajra"},{"floor":26.0,"key":"Bottled Flame"},{"floor":29.0,"key":"MawBank"},{"floor":40.0,"key":"The Courier"},{"floor":42.0,"key":"Bag of Preparation"},{"floor":54.0,"key":"Pocketwatch"}],"event_choices":[{"damage_healed":0.0,"max_hp_gain":0.0,"max_hp_loss":0.0,"gold_gain":75.0,"event_name":"FaceTrader","player_choice":"Touch","floor":2.0,"gold_loss":0.0,"damage_taken":8.0},{"damage_healed":0.0,"max_hp_gain":0.0,"max_hp_loss":0.0,"gold_gain":0.0,"event_name":"Mushrooms","player_choice":"Fought Mushrooms","floor":12.0,"gold_loss":0.0,"damage_taken":0.0},{"damage_healed":0.0,"max_hp_gain":0.0,"max_hp_loss":27.0,"gold_gain":0.0,"event_name":"Vampires","player_choice":"Became a vampire","floor":20.0,"gold_loss":0.0,"damage_taken":0.0,"cards_obtained":["Bite","Bite","Bite","Bite","Bite"]},{"damage_healed":0.0,"max_hp_gain":0.0,"max_hp_loss":0.0,"gold_gain":360.0,"event_name":"Knowing Skull","player_choice":"GOLD GOLD GOLD GOLD ","floor":25.0,"potions_obtained":[],"gold_loss":0.0,"damage_taken":36.0,"cards_obtained":[]},{"damage_healed":0.0,"max_hp_gain":0.0,"max_hp_loss":0.0,"gold_gain":0.0,"event_name":"Mysterious Sphere","player_choice":"Ignored","floor":46.0,"gold_loss":0.0,"damage_taken":0.0},{"damage_healed":0.0,"max_hp_gain":0.0,"max_hp_loss":0.0,"gold_gain":0.0,"event_name":"MindBloom","player_choice":"Upgrade","floor":47.0,"gold_loss":0.0,"damage_taken":0.0,"cards_upgraded":["Defend_R","Defend_R","Defend_R","Bash","Cleave","Metallicize","Seeing Red","Headbutt","Ghostly Armor","Bite","Bite","Bite","Bite","Demon Form","Whirlwind","Ghostly Armor","Iron Wave","Disarm","Offering","Shrug It Off","Warcry","Warcry"],"relics_obtained":["Mark of the Bloom"]}],"is_beta":false,"boss_relics":[{"not_picked":["Cursed Key","Velvet Choker"],"picked":"Philosopher\u0027s Stone"},{"not_picked":["SacredBark","Runic Cube"],"picked":"SlaversCollar"}],"items_purged_floors":[37,45,53],"is_endless":false,"potions_floor_spawned":[5,6,11,12,16,18,19,24,33,35,39,40,48],"killed_by":"The Heart","ascension_level":0}}