{"host":"3jhxjeq8h3mqaq9s","time":1608175272,"event":{"mods":["BaseMod","Bestiary","Colored Map","Highlight Path","Minty Spire (QoL Compilation)","Rare Cards Sparkle","Relic Stats","StSLib","everything is the same but u backflip on backflip","slay the spire mod where everything is the same but ironclad has a cowboy hat"],"gold_per_floor":[118,13,33,50,70,70,87,120,145,177,187,214,214,249,249,349,349,364,216,216,233,243,243,277,277,277,305,404,18,46,61,61,61,61],"floor_reached":33,"playtime":1933,"items_purged":["Zap","Dualcast"],"score":419,"play_id":"f7713380-22e7-45bc-be23-f9ebea3a7b22","local_time":"20201216222112","is_ascension_mode":true,"campfire_choices":[{"data":"Reprogram","floor":6.0,"key":"SMITH"},{"floor":13.0,"key":"REST"},{"data":"Streamline","floor":15.0,"key":"SMITH"},{"data":"Buffer","floor":23.0,"key":"SMITH"},{"floor":25.0,"key":"REST"},{"floor":32.0,"key":"REST"}],"circlet_count":0,"master_deck":["Strike_B","Strike_B","Strike_B","Strike_B","Defend_B","Defend_B","Defend_B","Defend_B","Reprogram+1","Gash","Leap","Streamline+1","Conserve Battery","Skim","Compile Driver","Beam Cell","Rip and Tear","Echo Form","Buffer+1","Sweeping Beam","Reprogram","Beam Cell"],"relics":["Cracked Core","Anchor","Orichalcum","Strawberry","Omamori","Ice Cream","Nuclear Battery","Sundial","The Courier","Red Mask","Mango","Symbiotic Virus"],"acts_visited":["Exordium","TheCity"],"potions_floor_usage":[33],"damage_taken":[{"damage":0.0,"enemies":"Cultist","floor":1.0,"turns":4.0},{"damage":1.0,"enemies":"2 Louse","floor":3.0,"turns":4.0},{"damage":0.0,"enemies":"Small Slimes","floor":4.0,"turns":3.0},{"damage":4.0,"enemies":"3 Louse","floor":5.0,"turns":3.0},{"damage":6.0,"enemies":"Exordium Wildlife","floor":7.0,"turns":4.0},{"damage":23.0,"enemies":"Lagavulin","floor":8.0,"turns":9.0},{"damage":14.0,"enemies":"Gremlin Nob","floor":10.0,"turns":5.0},{"damage":6.0,"enemies":"Large Slime","floor":11.0,"turns":6.0},{"damage":7.0,"enemies":"3 Sentries","floor":12.0,"turns":8.0},{"damage":25.0,"enemies":"Lagavulin","floor":14.0,"turns":6.0},{"damage":3.0,"enemies":"Hexaghost","floor":16.0,"turns":8.0},{"damage":3.0,"enemies":"3 Byrds","floor":18.0,"turns":4.0},{"damage":11.0,"enemies":"Spheric Guardian","floor":21.0,"turns":4.0},{"damage":6.0,"enemies":"Shelled Parasite and Fungi","floor":22.0,"turns":6.0},{"damage":16.0,"enemies":"Book of Stabbing","floor":24.0,"turns":6.0},{"damage":46.0,"enemies":"Masked Bandits","floor":27.0,"turns":5.0},{"damage":22.0,"enemies":"Gremlin Leader","floor":30.0,"turns":7.0},{"damage":12.0,"enemies":"Snecko","floor":31.0,"turns":5.0},{"damage":54,"enemies":"Collector","floor":33,"turns":5}],"seed_played":"5455414586175304850","potions_obtained":[{"floor":4.0,"key":"PotionOfCapacity"},{"floor":8.0,"key":"EssenceOfSteel"},{"floor":12.0,"key":"Strength Potion"},{"floor":14.0,"key":"Explosive Potion"},{"floor":21.0,"key":"FearPotion"},{"floor":24.0,"key":"Regen Potion"},{"floor":30.0,"key":"FearPotion"},{"floor":31.0,"key":"Block Potion"}],"is_trial":false,"path_per_floor":["M","$","M","M","M","R","M","E","T","E","M","E","R","E","R","B",null,"M","$","?","M","M","R","E","R","T","?","?","$","E","M","R","B"],"character_chosen":"DEFECT","items_purchased":["Gash","Leap","DuplicationPotion","Reprogram","Mango"],"campfire_rested":3,"item_purchase_floors":[2,2,19,29,29],"current_hp_per_floor":[82,82,81,81,77,77,71,48,48,41,35,28,54,29,29,26,73,70,70,70,59,53,53,37,63,63,29,29,43,21,9,39,0,0],"gold":61,"neow_bonus":"TEN_PERCENT_HP_BONUS","is_daily":false,"chose_seed":false,"campfire_upgraded":3,"win_rate":0.0,"timestamp":1608175272,"path_taken":["M","$","M","M","?","R","M","E","T","E","M","E","R","E","R","BOSS","M","$","?","M","M","R","E","R","T","?","?","$","E","M","R","BOSS"],"items_purchased_type":["Card","Card","Potion","Card","Relic"],"build_version":"2020-12-13","purchased_purges":2,"victory":false,"max_hp_per_floor":[82,82,82,82,82,82,82,82,82,89,89,89,89,89,89,89,89,89,89,89,89,89,89,89,89,89,89,89,103,103,103,103,103,103],"relic_stats":{"counters":[19,102],"Sundial":[6],"Orichalcum":[90],"obtain_stats":[{"Ice Cream":14,"Anchor":8,"Sundial":20,"Strawberry":10,"Mango":29,"The Courier":24,"Omamori":12,"Red Mask":27,"Orichalcum":9,"Cracked Core":0,"Symbiotic Virus":30,"Nuclear Battery":17},{"Ice Cream":10,"Anchor":6,"Sundial":12,"Strawberry":7,"Mango":16,"The Courier":15,"Omamori":9,"Red Mask":16,"Orichalcum":6,"Cracked Core":0,"Symbiotic Virus":17,"Nuclear Battery":11},{"Ice Cream":52,"Anchor":27,"Sundial":64,"Strawberry":32,"Mango":85,"The Courier":80,"Omamori":46,"Red Mask":85,"Orichalcum":27,"Cracked Core":0,"Symbiotic Virus":92,"Nuclear Battery":60}]},"card_choices":[{"not_picked":["Hologram","Turbo"],"picked":"Reprogram","floor":1.0},{"not_picked":["Cold Snap","Compile Driver"],"picked":"Streamline","floor":3.0},{"not_picked":["Capacitor","Tempest","Stack"],"picked":"SKIP","floor":4.0},{"not_picked":["Streamline","Go for the Eyes"],"picked":"Conserve Battery","floor":5.0},{"not_picked":["BootSequence","Static Discharge","Coolheaded"],"picked":"SKIP","floor":7.0},{"not_picked":["Loop","Turbo"],"picked":"Skim","floor":8.0},{"not_picked":["Ball Lightning","Stack"],"picked":"Compile Driver","floor":10.0},{"not_picked":["Coolheaded","Rainbow"],"picked":"Beam Cell","floor":11.0},{"not_picked":["Go for the Eyes","Hologram"],"picked":"Rip and Tear","floor":12.0},{"not_picked":["Compile Driver","Cold Snap"],"picked":"Echo Form","floor":14.0},{"not_picked":["Machine Learning","Reboot"],"picked":"Buffer","floor":16.0},{"not_picked":["Recycle","Steam+1","Ball Lightning"],"picked":"SKIP","floor":18.0},{"not_picked":["Gash","Skim+1"],"picked":"Sweeping Beam","floor":21.0},{"not_picked":["Hologram","Redo","Storm+1"],"picked":"SKIP","floor":22.0},{"not_picked":["Redo","Ball Lightning","Stack"],"picked":"SKIP","floor":24.0},{"not_picked":["Steam","Ball Lightning"],"picked":"Beam Cell","floor":30.0},{"not_picked":["Force Field","Lockon","Defragment+1"],"picked":"SKIP","floor":31.0}],"player_experience":2435079,"relics_obtained":[{"floor":8.0,"key":"Anchor"},{"floor":9.0,"key":"Orichalcum"},{"floor":10.0,"key":"Strawberry"},{"floor":12.0,"key":"Omamori"},{"floor":14.0,"key":"Ice Cream"},{"floor":24.0,"key":"The Courier"},{"floor":27.0,"key":"Red Mask"},{"floor":30.0,"key":"Symbiotic Virus"}],"event_choices":[{"damage_healed":0.0,"max_hp_gain":0.0,"max_hp_loss":0.0,"gold_gain":0.0,"event_name":"The Mausoleum","player_choice":"Opened","floor":20.0,"gold_loss":0.0,"damage_taken":0.0,"relics_obtained":["Sundial"]},{"damage_healed":0.0,"max_hp_gain":0.0,"max_hp_loss":0.0,"gold_gain":0.0,"event_name":"Masked Bandits","player_choice":"Fought Bandits","floor":27.0,"gold_loss":0.0,"damage_taken":0.0},{"damage_healed":0.0,"max_hp_gain":0.0,"max_hp_loss":0.0,"gold_gain":99.0,"event_name":"Nest","player_choice":"Stole From Cult","floor":28.0,"gold_loss":0.0,"damage_taken":0.0}],"is_beta":false,"boss_relics":[{"not_picked":["Black Star","Velvet Choker"],"picked":"Nuclear Battery"}],"items_purged_floors":[19,29],"is_endless":false,"potions_floor_spawned":[4,8,12,14,21,24,30,31],"killed_by":"Collector","ascension_level":5}}