{"host":"mcdusr64esz012l0","time":1608201984,"event":{"mods":["BaseMod","Minty Spire (QoL Compilation)","Relic Stats"],"gold_per_floor":[109,109,34,54,69,104,104,129,129,129,143,163,163,183,183,262,262,262,262],"floor_reached":18,"playtime":542,"items_purged":[],"score":374,"play_id":"f242eece-a3d1-4c84-b250-7409adc1250e","local_time":"20201217054624","is_ascension_mode":true,"campfire_choices":[{"data":"TalkToTheHand","floor":7,"key":"SMITH"},{"data":"Blasphemy","floor":10,"key":"SMITH"},{"data":"CrushJoints","floor":13,"key":"SMITH"},{"floor":15,"key":"REST"}],"circlet_count":0,"master_deck":["AscendersBane","Eruption","Vigilance","ReachHeaven","TalkToTheHand+1","SandsOfTime","WheelKick","Blasphemy+1","CrushJoints+1","DeusExMachina","WheelKick","Omniscience","Halt","Vault","SpiritShield","Collect"],"relics":["PureWater","NeowsBlessing","Turnip","Darkstone Periapt","CaptainsWheel","Pandora\u0027s Box"],"acts_visited":["Exordium","TheCity"],"potions_floor_usage":[11,14,16],"damage_taken":[{"damage":0,"enemies":"Cultist","floor":1,"turns":1},{"damage":0,"enemies":"Small Slimes","floor":4,"turns":1},{"damage":0,"enemies":"Jaw Worm","floor":5,"turns":1},{"damage":18,"enemies":"Lagavulin","floor":6,"turns":6},{"damage":2,"enemies":"Gremlin Nob","floor":8,"turns":3},{"damage":20,"enemies":"Gremlin Gang","floor":11,"turns":3},{"damage":0,"enemies":"Blue Slaver","floor":12,"turns":3},{"damage":14,"enemies":"Lots of Slimes","floor":14,"turns":3},{"damage":27,"enemies":"Hexaghost","floor":16,"turns":5},{"damage":99999,"enemies":"Chosen","floor":18,"turns":4}],"seed_played":"-8766440294869127600","potions_obtained":[{"floor":1,"key":"LiquidMemories"},{"floor":4,"key":"Strength Potion"},{"floor":8,"key":"Regen Potion"},{"floor":12,"key":"Strength Potion"}],"is_trial":false,"path_per_floor":["M","?","?","M","M","E","R","E","T","R","M","M","R","M","R","B",null,"M"],"character_chosen":"WATCHER","items_purchased":[],"campfire_rested":1,"item_purchase_floors":[],"current_hp_per_floor":[61,61,61,61,61,43,43,41,41,41,30,30,30,16,36,9,53,0,0],"gold":262,"neow_bonus":"THREE_ENEMY_KILL","is_daily":false,"chose_seed":false,"campfire_upgraded":3,"win_rate":0.0,"timestamp":1608201984,"path_taken":["M","?","?","?","?","E","R","E","T","R","M","M","R","M","R","BOSS","M"],"items_purchased_type":[],"build_version":"2020-12-13","purchased_purges":0,"victory":false,"max_hp_per_floor":[68,68,68,68,68,68,68,68,68,68,68,68,68,68,68,68,68,68,68],"relic_stats":{"Darkstone Periapt":0,"counters":[10,29],"Pandora\u0027s Box":["WheelKick","Omniscience","Halt","Vault","SpiritShield","Collect"],"Turnip":[0],"obtain_stats":[{"Darkstone Periapt":8,"CaptainsWheel":9,"NeowsBlessing":0,"Pandora\u0027s Box":17,"Turnip":6,"PureWater":0},{"Darkstone Periapt":5,"CaptainsWheel":5,"NeowsBlessing":0,"Pandora\u0027s Box":9,"Turnip":4,"PureWater":0},{"Darkstone Periapt":12,"CaptainsWheel":12,"NeowsBlessing":0,"Pandora\u0027s Box":26,"Turnip":9,"PureWater":0}]},"card_choices":[{"not_picked":["EmptyBody","FlyingSleeves"],"picked":"ReachHeaven","floor":1},{"not_picked":["Worship","Conclude"],"picked":"TalkToTheHand","floor":4},{"not_picked":["Crescendo","Vengeance"],"picked":"SandsOfTime","floor":5},{"not_picked":["SandsOfTime","Indignation"],"picked":"WheelKick","floor":6},{"not_picked":["Collect","EmptyFist"],"picked":"Blasphemy","floor":8},{"not_picked":["ThirdEye","FlurryOfBlows"],"picked":"CrushJoints","floor":11},{"not_picked":["SignatureMove","Consecrate","ThirdEye"],"picked":"SKIP","floor":12},{"not_picked":["FollowUp","FlurryOfBlows","BowlingBash"],"picked":"SKIP","floor":14},{"not_picked":["Devotion","Judgement"],"picked":"DeusExMachina","floor":16}],"player_experience":991113,"relics_obtained":[{"floor":6,"key":"Turnip"},{"floor":8,"key":"Darkstone Periapt"},{"floor":9,"key":"CaptainsWheel"}],"event_choices":[{"cards_removed":["Strike_P"],"damage_healed":0,"gold_gain":0,"player_choice":"Forget","damage_taken":0,"max_hp_gain":0,"max_hp_loss":0,"event_name":"Living Wall","floor":2,"gold_loss":0},{"cards_removed":["Strike_P"],"damage_healed":0,"gold_gain":0,"player_choice":"Card Removal","damage_taken":0,"max_hp_gain":0,"max_hp_loss":0,"event_name":"The Cleric","floor":3,"gold_loss":75}],"is_beta":false,"boss_relics":[{"not_picked":["VioletLotus","Runic Pyramid"],"picked":"Pandora\u0027s Box"}],"items_purged_floors":[],"is_endless":false,"potions_floor_spawned":[1,4,8,12],"killed_by":"Chosen","ascension_level":18}}