{"host":"mcdusr64esz012l0","time":1608215465,"event":{"mods":["BaseMod","Minty Spire (QoL Compilation)","Relic Stats"],"gold_per_floor":[111,121,1,19,34,34,34,34,60,60,85,85,96,171,171,246,246,263,281,281,50,50,50,70,103,183,209,229,229,229,263,263,342,342,354,217,233,252,252,282,282,293,318,336,367,367,367,367,367,367,367,367],"floor_reached":51,"playtime":3199,"items_purged":["Concentrate"],"score":1476,"play_id":"3182cf8e-05d0-47e1-b980-b2a021986e21","local_time":"20201217093105","is_ascension_mode":true,"campfire_choices":[{"data":"Footwork","floor":6.0,"key":"SMITH"},{"data":"Dash","floor":8.0,"key":"SMITH"},{"data":"Skewer","floor":12.0,"key":"SMITH"},{"floor":15.0,"key":"REST"},{"floor":23.0,"key":"REST"},{"floor":30.0,"key":"REST"},{"data":"Adrenaline","floor":32.0,"key":"SMITH"},{"floor":41,"key":"RECALL"},{"data":"Footwork","floor":47,"key":"SMITH"},{"data":"Burst","floor":49,"key":"SMITH"}],"circlet_count":0,"master_deck":["AscendersBane","Survivor","Neutralize","Dash+1","Skewer+1","Flash of Steel","Backflip","All Out Attack","Footwork+1","Caltrops","Venomology","Sucker Punch","Slice","Riddle With Holes","Adrenaline+1","Calculated Gamble","Dagger Throw","Backstab","Dodge and Roll","Burst+1","Leg Sweep","Noxious Fumes+1","Deflect","Deadly Poison+1","Venomology","Backstab","Well Laid Plans","Backflip","PiercingWail","Footwork+1","Adrenaline"],"relics":["WristBlade","Potion Belt","Bag of Preparation","Pandora\u0027s Box","Art of War","Darkstone Periapt","Toy Ornithopter","Strawberry","SacredBark","Juzu Bracelet","Eternal Feather"],"acts_visited":["Exordium","TheCity","TheBeyond"],"potions_floor_usage":[40,40,42,42,42,44,45,45,45,50,50,50,50,50,51],"damage_taken":[{"damage":4.0,"enemies":"Jaw Worm","floor":1.0,"turns":8.0},{"damage":0.0,"enemies":"2 Louse","floor":2.0,"turns":3.0},{"damage":5.0,"enemies":"Cultist","floor":4.0,"turns":4.0},{"damage":1.0,"enemies":"Exordium Thugs","floor":5.0,"turns":4.0},{"damage":6.0,"enemies":"Lagavulin","floor":11.0,"turns":5.0},{"damage":4.0,"enemies":"Large Slime","floor":13.0,"turns":6.0},{"damage":46.0,"enemies":"Slime Boss","floor":16.0,"turns":14.0},{"damage":12.0,"enemies":"Shell Parasite","floor":18.0,"turns":3.0},{"damage":0.0,"enemies":"Spheric Guardian","floor":19.0,"turns":3.0},{"damage":2.0,"enemies":"Snake Plant","floor":24.0,"turns":4.0},{"damage":40.0,"enemies":"Gremlin Leader","floor":25.0,"turns":10.0},{"damage":1.0,"enemies":"Book of Stabbing","floor":27.0,"turns":4.0},{"damage":10.0,"enemies":"3 Cultists","floor":28.0,"turns":6.0},{"damage":13.0,"enemies":"Gremlin Leader","floor":31.0,"turns":7.0},{"damage":23.0,"enemies":"Collector","floor":33.0,"turns":8.0},{"damage":6.0,"enemies":"3 Darklings","floor":35.0,"turns":6.0},{"damage":4.0,"enemies":"Orb Walker","floor":37.0,"turns":3.0},{"damage":2.0,"enemies":"Sphere and 2 Shapes","floor":38.0,"turns":6.0},{"damage":0,"enemies":"Nemesis","floor":40,"turns":1},{"damage":13,"enemies":"Transient","floor":42,"turns":6},{"damage":21,"enemies":"4 Shapes","floor":44,"turns":3},{"damage":51,"enemies":"Reptomancer","floor":45,"turns":9},{"damage":68,"enemies":"Awakened One","floor":50,"turns":20},{"damage":26,"enemies":"Time Eater","floor":51,"turns":3}],"seed_played":"9029879260301574020","potions_obtained":[{"floor":1.0,"key":"Energy Potion"},{"floor":2.0,"key":"ColorlessPotion"},{"floor":13.0,"key":"SteroidPotion"},{"floor":16.0,"key":"LiquidBronze"},{"floor":19.0,"key":"SneckoOil"},{"floor":24.0,"key":"GamblersBrew"},{"floor":27.0,"key":"EntropicBrew"},{"floor":28.0,"key":"ColorlessPotion"},{"floor":37.0,"key":"LiquidMemories"},{"floor":42,"key":"GhostInAJar"},{"floor":44,"key":"PowerPotion"}],"is_trial":false,"path_per_floor":["M","M","$","M","M","R","?","R","T","?","E","R","M","?","R","B",null,"M","M","?","$","$","R","M","E","T","E","M","?","R","E","R","B",null,"M","$","M","M","?","E","R","M","T","M","E","?","R","?","R","B","B"],"character_chosen":"THE_SILENT","items_purchased":["Flash of Steel","Backflip","Leg Sweep","Noxious Fumes","Well Laid Plans","Backflip"],"campfire_rested":3,"item_purchase_floors":[3,3,21,21,36,36],"current_hp_per_floor":[55,55,55,50,49,49,54,54,54,47,41,41,37,26,47,1,54,42,42,42,42,42,63,61,21,21,20,15,15,36,30,30,37,68,77,77,78,78,74,74,74,74,74,58,22,22,40,40,58,15,0,0],"gold":367,"neow_bonus":"BOSS_RELIC","is_daily":false,"chose_seed":false,"campfire_upgraded":6,"win_rate":0.0,"timestamp":1608215465,"path_taken":["M","M","$","M","M","R","?","R","T","?","E","R","M","?","R","BOSS","M","M","?","?","$","R","?","E","T","E","M","?","R","E","R","BOSS","M","$","?","M","?","E","R","M","T","M","E","?","R","?","R","BOSS","BOSS"],"items_purchased_type":["Card","Card","Card","Card","Card","Card"],"build_version":"2020-12-13","purchased_purges":1,"victory":false,"max_hp_per_floor":[66,66,66,66,66,66,71,71,71,71,71,71,71,71,71,71,71,71,71,71,71,71,71,71,71,71,71,71,71,71,78,78,78,78,78,78,78,78,74,74,74,74,74,74,74,74,74,74,74,74,74,74],"relic_stats":{"Darkstone Periapt":0,"counters":[24,146],"Pandora\u0027s Box":["Sucker Punch","Slice","Accuracy","Riddle With Holes","Adrenaline","Calculated Gamble","Dagger Throw","Backstab","Concentrate"],"Eternal Feather":36,"Bag of Preparation":[38],"Art of War":[8],"Juzu Bracelet":1,"obtain_stats":[{"Potion Belt":9,"Darkstone Periapt":26,"WristBlade":0,"Strawberry":31,"SacredBark":34,"Pandora\u0027s Box":17,"Eternal Feather":45,"Bag of Preparation":11,"Art of War":25,"Juzu Bracelet":40,"Toy Ornithopter":27,"Ring of the Snake":0},{"Potion Belt":4,"Darkstone Periapt":11,"WristBlade":0,"Strawberry":14,"SacredBark":15,"Pandora\u0027s Box":7,"Eternal Feather":22,"Bag of Preparation":5,"Art of War":11,"Juzu Bracelet":19,"Toy Ornithopter":12,"Ring of the Snake":0},{"Potion Belt":19,"Darkstone Periapt":64,"WristBlade":0,"Strawberry":81,"SacredBark":89,"Pandora\u0027s Box":44,"Eternal Feather":123,"Bag of Preparation":24,"Art of War":64,"Juzu Bracelet":105,"Toy Ornithopter":68,"Ring of the Snake":0}],"Toy Ornithopter":120},"card_choices":[{"not_picked":["Choke","Well Laid Plans"],"picked":"Dash","floor":1.0},{"not_picked":["Outmaneuver","Flying Knee"],"picked":"Skewer","floor":2.0},{"not_picked":["Eviscerate","Terror"],"picked":"All Out Attack","floor":4.0},{"not_picked":["Prepared","Backflip"],"picked":"Footwork","floor":5.0},{"not_picked":["All Out Attack","Bouncing Flask","Acrobatics"],"picked":"SKIP","floor":11.0},{"not_picked":["Poisoned Stab","Finisher"],"picked":"Caltrops","floor":13.0},{"not_picked":["Unload","Doppelganger"],"picked":"Venomology","floor":16.0},{"not_picked":["Masterful Stab","Underhanded Strike"],"picked":"Dodge and Roll","floor":18.0},{"not_picked":["All Out Attack","Dagger Throw+1"],"picked":"Burst","floor":19.0},{"not_picked":["Outmaneuver","Dagger Throw","Tactician"],"picked":"SKIP","floor":24.0},{"not_picked":["Flying Knee","Well Laid Plans"],"picked":"Deflect","floor":25.0},{"not_picked":["Flechettes+1","Concentrate"],"picked":"Deadly Poison+1","floor":27.0},{"not_picked":["Bane","Slice","All Out Attack"],"picked":"SKIP","floor":28.0},{"not_picked":["Dagger Spray","Flying Knee","Underhanded Strike+1"],"picked":"SKIP","floor":31.0},{"not_picked":["A Thousand Cuts","Wraith Form v2"],"picked":"Venomology","floor":33.0},{"not_picked":["Flying Knee","PiercingWail"],"picked":"Backstab","floor":35.0},{"not_picked":["Concentrate","Dash"],"picked":"PiercingWail","floor":37.0},{"not_picked":["Masterful Stab","Predator+1","Flechettes+1"],"picked":"SKIP","floor":38.0},{"not_picked":["Backstab+1","All Out Attack"],"picked":"Footwork","floor":40},{"not_picked":["Well Laid Plans","Dagger Spray+1","Dagger Throw"],"picked":"SKIP","floor":42},{"not_picked":["Slice+1","Blade Dance+1","Distraction"],"picked":"SKIP","floor":44},{"not_picked":["Choke","Backflip+1"],"picked":"Adrenaline","floor":45}],"player_experience":992553,"relics_obtained":[{"floor":9.0,"key":"Potion Belt"},{"floor":11.0,"key":"Bag of Preparation"},{"floor":25.0,"key":"Art of War"},{"floor":26.0,"key":"Darkstone Periapt"},{"floor":27.0,"key":"Toy Ornithopter"},{"floor":31.0,"key":"Strawberry"},{"floor":40,"key":"Juzu Bracelet"},{"floor":45,"key":"Eternal Feather"}],"event_choices":[{"damage_healed":0.0,"max_hp_gain":5.0,"max_hp_loss":0.0,"gold_gain":0.0,"event_name":"Big Fish","player_choice":"Donut","floor":7.0,"gold_loss":0.0,"damage_taken":0.0},{"cards_removed":["Strike_G"],"damage_healed":0.0,"max_hp_gain":0.0,"max_hp_loss":0.0,"gold_gain":0.0,"event_name":"Golden Wing","player_choice":"Card Removal","floor":10.0,"gold_loss":0.0,"damage_taken":7.0},{"damage_healed":0.0,"max_hp_gain":0.0,"max_hp_loss":0.0,"gold_gain":75.0,"event_name":"World of Goop","player_choice":"Gather Gold","floor":14.0,"gold_loss":0.0,"damage_taken":11.0},{"cards_removed":["Accuracy"],"damage_healed":0.0,"max_hp_gain":0.0,"max_hp_loss":0.0,"gold_gain":0.0,"event_name":"Purifier","player_choice":"Purged","floor":20.0,"gold_loss":0.0,"damage_taken":0.0},{"damage_healed":0.0,"max_hp_gain":0.0,"max_hp_loss":0.0,"gold_gain":0.0,"event_name":"Accursed Blacksmith","player_choice":"Forge","floor":29.0,"gold_loss":0.0,"damage_taken":0.0,"cards_upgraded":["Noxious Fumes"]},{"damage_healed":0.0,"max_hp_gain":0.0,"max_hp_loss":4.0,"gold_gain":0.0,"event_name":"Winding Halls","player_choice":"Max HP","floor":39.0,"gold_loss":0.0,"damage_taken":0.0},{"damage_healed":0,"gold_gain":0,"player_choice":"Ignored","damage_taken":0,"max_hp_gain":0,"max_hp_loss":0,"event_name":"SecretPortal","floor":46,"gold_loss":0},{"damage_healed":0,"gold_gain":0,"player_choice":"Ignored","damage_taken":0,"max_hp_gain":0,"max_hp_loss":0,"event_name":"Tomb of Lord Red Mask","floor":48,"gold_loss":0}],"is_beta":false,"boss_relics":[{"not_picked":["Ectoplasm","Runic Dome"],"picked":"Pandora\u0027s Box"},{"not_picked":["Black Star","Busted Crown"],"picked":"SacredBark"}],"items_purged_floors":[21],"is_endless":false,"potions_floor_spawned":[1,2,13,16,19,24,27,28,37,42,44],"killed_by":"Time Eater","ascension_level":20}}