{"host":"q2l6xtlpu05lrop8","time":1608181796,"event":{"mods":["AchievementEnabler","Act Like it!","BaseMod","Colored Map","Googly Eyes","Hallownest","Minty Spire (QoL Compilation)","StSLib","The Bug Knight","The IronCluck","slay the spire mod where everything is the same but ironclad has a cowboy hat"],"gold_per_floor":[119,119,119,119,136,164,11,11,37,37,49,49,69,79,79,180,180,190,203,353,205,219,252,172,172,172,172,191,191,71,71,71,166,166,184,198,47,57,57,57,87,98,98,98,258,258,274,286,286,384],"floor_reached":51,"playtime":6797,"items_purged":["HollowMod:NailStrikeStart","Parasite"],"score":795,"play_id":"97048dfe-0929-43a7-bdf4-9dd6a18a5d35","local_time":"20201216210956","is_ascension_mode":false,"campfire_choices":[{"data":"HollowMod:InfectedAttack","floor":10,"key":"SMITH"},{"data":"HollowMod:PureNailStrike","floor":12,"key":"SMITH"},{"data":"HollowMod:ZotesMagnificence","floor":15,"key":"SMITH"},{"data":"HollowMod:DungDefenderAura","floor":25,"key":"SMITH"},{"data":"HollowMod:NewJinnsSoul","floor":27,"key":"SMITH"},{"floor":29,"key":"REST"},{"data":"HollowMod:HornetsHelp","floor":32,"key":"SMITH"},{"floor":40,"key":"REST"},{"data":"HollowMod:SoulSplash","floor":44,"key":"SMITH"},{"data":"HollowMod:CornifersMapStart","floor":46,"key":"SMITH"},{"data":"HollowMod:MothsMistake","floor":49,"key":"SMITH"}],"circlet_count":0,"master_deck":["HollowMod:NailStrikeStart","HollowMod:NailStrikeStart","HollowMod:NailStrikeStart","HollowMod:QuickDashStart","HollowMod:QuickDashStart","HollowMod:QuickDashStart","HollowMod:QuickDashStart","HollowMod:FocusHealStart+1","HollowMod:PogoStrike","HollowMod:MantisMark","HollowMod:SharpenedNail","HollowMod:InfectedAttack+1","HollowMod:NewJinnsSoul+1","HollowMod:HuntersJournal","HollowMod:PureNailStrike+1","HollowMod:ZotesMagnificence+1","HollowMod:NewInfectedGuardian","HollowMod:BaldurShell","HollowMod:DungDefenderAura+1","HollowMod:MothsMistake+1","HollowMod:Hiveblood","HollowMod:SoulStrike+1","Hallownest:skillCityofTearsMap","HollowMod:SoulSplash+1","HollowMod:DoubleDash+1","HollowMod:HornetsHelp+1","HollowMod:Weaversong","HollowMod:CrystalDash+1","HollowMod:CornifersMapStart+1","HollowMod:RecoilStrike+1","Hallownest:curseDreamersLament"],"relics":["HollowMod:VesselMask","NeowsBlessing","Ornamental Fan","Hallownest:DreamNailRelic","Nunchaku","Cursed Key","Potion Belt","Kunai","SacredBark","Blue Candle","Dead Branch","Hallownest:GodTamersBeastRelic"],"acts_visited":["Exordium","Hallownest:Greenpath","Hallownest:CityofTears"],"potions_floor_usage":[36,41,45,48,50,50,50,50],"damage_taken":[{"damage":0,"enemies":"Hallownest:2_Baldur","floor":1,"turns":1},{"damage":0,"enemies":"2_ Uuma","floor":5,"turns":1},{"damage":0,"enemies":"Hallownest:eliteVengeflyKing","floor":6,"turns":1},{"damage":1,"enemies":"Hallownest:2_MossCreeps","floor":11,"turns":4},{"damage":1,"enemies":"Hallownest:Wandering_and_Horned","floor":13,"turns":4},{"damage":8,"enemies":"Hallownest:Guard_and_Warrior","floor":14,"turns":4},{"damage":42,"enemies":"Hallownest:BossFalseKnight","floor":16,"turns":8},{"damage":1,"enemies":"Hallownest:2_Mistakes","floor":18,"turns":4},{"damage":6,"enemies":"Hallownest:Guard_and_Sentry","floor":19,"turns":4},{"damage":24,"enemies":"Hallownest:monsterMisterMushroom","floor":22,"turns":6},{"damage":45,"enemies":"Hallownest:eliteSoulWarrior","floor":23,"turns":7},{"damage":24,"enemies":"Hallownest:2_Flukemon","floor":28,"turns":9},{"damage":56,"enemies":"Hallownest:BossMantisLord","floor":33,"turns":11},{"damage":44,"enemies":"Hallownest:2_Littles","floor":35,"turns":12},{"damage":5,"enemies":"Hallownest:Shield_Heavy","floor":36,"turns":7},{"damage":40,"enemies":"Hallownest:Shield_Sturdy","floor":38,"turns":6},{"damage":13,"enemies":"Hallownest:eliteCollector","floor":41,"turns":14},{"damage":23,"enemies":"Hallownest:Slobbering_and_Violent","floor":42,"turns":8},{"damage":15,"enemies":"Hallownest:Slobbering_and_Violent","floor":45,"turns":7},{"damage":1,"enemies":"Hallownest:Slobbering_and_Violent","floor":45,"turns":6},{"damage":44,"enemies":"Hallownest:Slobbering_and_Violent","floor":45,"turns":12},{"damage":0,"enemies":"Hallownest:Slobbering_and_Violent","floor":45,"turns":2},{"damage":13,"enemies":"Hallownest:2_Soldiers_and_1_Guardian","floor":47,"turns":6},{"damage":13,"enemies":"Hallownest:monsterPrimalAspid","floor":48,"turns":5},{"damage":23,"enemies":"Hallownest:BossGreyPrinceZote","floor":50,"turns":6}],"seed_played":"-8050368425757906753","potions_obtained":[{"floor":1,"key":"Dexterity Potion"},{"floor":6,"key":"Energy Potion"},{"floor":11,"key":"Ancient Potion"},{"floor":33,"key":"SteroidPotion"},{"floor":36,"key":"SpeedPotion"},{"floor":38,"key":"Dexterity Potion"},{"floor":41,"key":"SneckoOil"},{"floor":47,"key":"CultistPotion"},{"floor":48,"key":"BlessingOfTheForge"},{"floor":50,"key":"GamblersBrew"}],"is_trial":false,"path_per_floor":["M","$","?","?","M","E","$","?","T","R","M","R","M","M","R","B",null,"M","M","?","$","M","E","?","R","T","R","M","R","$","?","R","B",null,"M","M","$","M","?","R","E","M","T","R","?","R","M","M","R","B",null],"character_chosen":"THE_BUGKNIGHT","items_purchased":["HollowMod:InfectedAttack","HollowMod:NewJinnsSoul","HollowMod:HuntersJournal","HollowMod:DungDefenderAura","HollowMod:MothsMistake","HollowMod:SoulSplash","HollowMod:CornifersMapStart"],"campfire_rested":2,"item_purchase_floors":[7,7,7,21,21,30,37],"current_hp_per_floor":[75,75,75,75,75,75,75,75,75,75,75,75,75,73,73,31,75,74,72,72,72,55,34,34,34,34,34,37,59,59,59,59,30,75,56,57,57,38,38,59,72,68,68,68,51,51,62,55,55,32],"gold":384,"neow_bonus":"THREE_ENEMY_KILL","is_daily":false,"chose_seed":false,"campfire_upgraded":9,"win_rate":0.0,"timestamp":1608181796,"path_taken":["M","$","?","?","?","E","$","?","T","R","M","R","M","M","R","BOSS","M","M","?","$","M","E","?","R","T","R","M","R","$","?","R","BOSS","M","M","$","M","?","R","E","M","T","R","?","R","M","M","R","BOSS"],"items_purchased_type":["Card","Card","Card","Card","Card","Card","Card"],"build_version":"2020-12-13","purchased_purges":2,"victory":true,"max_hp_per_floor":[75,75,75,75,75,75,75,75,75,75,75,75,75,75,75,75,75,75,75,75,75,75,75,75,75,75,75,75,75,75,75,75,75,75,75,75,72,72,72,72,72,72,72,72,72,72,72,72,72,72],"card_choices":[{"not_picked":["HollowMod:QuirrelsAssistance","HollowMod:RecoilStrike"],"picked":"HollowMod:MantisMark","floor":1},{"not_picked":["HollowMod:TaintedHusks","HollowMod:PerfectDash"],"picked":"HollowMod:SharpenedNail","floor":5},{"not_picked":["HollowMod:HowlingWraiths","HollowMod:RecoilStrike","HollowMod:MonarchWings"],"picked":"SKIP","floor":6},{"not_picked":["HollowMod:HowlingWraiths","HollowMod:RecoilStrike","HollowMod:MonarchWings"],"picked":"SKIP","floor":6},{"not_picked":["HollowMod:AbyssShriek","HollowMod:NewJinnsSoul"],"picked":"HollowMod:PureNailStrike","floor":11},{"not_picked":["HollowMod:CycloneSlash","HollowMod:HeavyBlow","HollowMod:HowlingWraiths"],"picked":"SKIP","floor":13},{"not_picked":["HollowMod:CycloneSlash","HollowMod:HeavyBlow","HollowMod:HowlingWraiths"],"picked":"SKIP","floor":13},{"not_picked":["HollowMod:SiblingsShadow","HollowMod:NewLittleFool"],"picked":"HollowMod:ZotesMagnificence","floor":14},{"not_picked":["HollowMod:ElderbugsWisdom","HollowMod:ZotesMagnificence"],"picked":"HollowMod:NewInfectedGuardian","floor":16},{"not_picked":["HollowMod:HeavyBlow","HollowMod:MonarchWings+1","HollowMod:VengefulVoid"],"picked":"SKIP","floor":18},{"not_picked":["HollowMod:SiblingsSouls","HollowMod:InfectedAttack"],"picked":"HollowMod:BaldurShell","floor":19},{"not_picked":["HollowMod:HowlingWraiths","HollowMod:DreamGate"],"picked":"HollowMod:Hiveblood","floor":22},{"not_picked":["HollowMod:ChannelNail+1","HollowMod:HowlingWraiths+1"],"picked":"HollowMod:SoulStrike+1","floor":23},{"not_picked":["HollowMod:BlackTendrils+1","HollowMod:ChannelNail+1","HollowMod:InfectedAttack"],"picked":"SKIP","floor":28},{"not_picked":["HollowMod:SoulSplash","HollowMod:LifebloodCocoon"],"picked":"HollowMod:DoubleDash+1","floor":31},{"not_picked":["HollowMod:SoulEater+1","HollowMod:MonarchWings"],"picked":"HollowMod:HornetsHelp","floor":31},{"not_picked":["HollowMod:theNailsmith","HollowMod:AwokenDreamNail"],"picked":"HollowMod:Weaversong","floor":33},{"not_picked":["HollowMod:DungDefenderAura","HollowMod:DoubleDash+1"],"picked":"HollowMod:CrystalDash+1","floor":35},{"not_picked":["HollowMod:WraithStrike","HollowMod:BlackTendrils","HollowMod:DoubleDash"],"picked":"SKIP","floor":36},{"not_picked":["HollowMod:NewJinnsSoul+1","HollowMod:ShapeofUnn","HollowMod:QuirrelsAssistance"],"picked":"SKIP","floor":38},{"not_picked":["HollowMod:MonarchWings","HollowMod:FastStrike+1"],"picked":"HollowMod:RecoilStrike+1","floor":41},{"not_picked":["HollowMod:CrystalDash+1","HollowMod:HowlingWraiths+1","HollowMod:DescendingDark"],"picked":"SKIP","floor":42},{"not_picked":["HollowMod:AbyssShriek","HollowMod:NewLittleFool","HollowMod:CrystalDash"],"picked":"SKIP","floor":47},{"not_picked":["HollowMod:ShadowDash","HollowMod:HeavyBlow","HollowMod:SoulSplash"],"picked":"SKIP","floor":48}],"player_experience":783422,"relics_obtained":[{"floor":6,"key":"Ornamental Fan"},{"floor":9,"key":"Nunchaku"},{"floor":23,"key":"Potion Belt"},{"floor":26,"key":"Kunai"},{"floor":41,"key":"Blue Candle"},{"floor":43,"key":"Dead Branch"}],"event_choices":[],"is_beta":false,"boss_relics":[{"not_picked":["Fusion Hammer","Pandora\u0027s Box"],"picked":"Cursed Key"},{"not_picked":["Runic Dome","Velvet Choker"],"picked":"SacredBark"}],"items_purged_floors":[30,37],"is_endless":false,"potions_floor_spawned":[1,6,11,16,22,33,36,38,41,47,48,50],"ascension_level":0}}