{"host":"jgyoyy5iuhtvyvtg","time":1608186010,"event":{"mods":["2.2 Compatiblity","BaseMod","Challenge The Spire","Colored Map","Conspire","Downfall","Hermit","Highlight Path","Infinite Spire","Lobotomy","LobotomyExtend","Minty Spire (QoL Compilation)","Quick Restart","Replay The Spire","Spikes Relics","StSLib","The Construct","The Disciple","The Jungle","Yuri Mod"],"gold_per_floor":[99,99,99,126,139,139,163,163,178,209,209,223,9,27,38,141,441,441,441,441,441,459,491,517,528,528,528,528,528,546,646,660,759,759,759,770,770,798,898,245,245,245,259,289,289,289,289,289,306,306],"floor_reached":51,"playtime":4950,"items_purged":["Amnesia","Doubt","Intolerance"],"score":879,"play_id":"7cab3ddf-ccd4-4dc7-8765-85ec726a477e","local_time":"20201216222010","is_ascension_mode":false,"campfire_choices":[{"data":"champ:Taunt","floor":1.0,"key":"SMITH"},{"data":"infinitespire:Fortify","floor":3.0,"key":"SMITH"},{"data":"champ:Execute","floor":8.0,"key":"SMITH"},{"data":"champ:EndlessRage","floor":18.0,"key":"SMITH"},{"data":"champ:HoldFirm","floor":21.0,"key":"SMITH"},{"data":"champ:MurderStrike","floor":27.0,"key":"SMITH"},{"data":"champ:AdrenalArmor","floor":35.0,"key":"SMITH"},{"data":"champ:IronFortress","floor":37.0,"key":"SMITH"},{"data":"champ:IgnorePain","floor":42,"key":"SMITH"}],"circlet_count":0,"master_deck":["champ:Strike","champ:Defend","champ:Defend","champ:Defend","champ:Defend","champ:Taunt+1","champ:MurderStrike+1","infinitespire:Fortify+1","champ:FlashCut","champ:AdrenalArmor+1","champ:IronFortress+1","champ:EndlessRage+1","champ:IronFortress","champ:HoldFirm+1","champ:RageSigil","champ:DefensiveShout","champ:DefensiveStyle","champ:TornadoPunch","champ:BringItOn","champ:IgnorePain+1","champ:IgnorePain+1","champ:GladiatorStyle","champ:BerserkerStyle","Ghostly+1","Ghostly+1","Ghostly+1","Ghostly+1","Ghostly+1","champ:BringItOn+1","champ:Balance+1","champ:Aggression+1","champ:HoldFirm+1","champ:FalseCounter+1","champ:IronFortress+1","champ:PerfectForm+1","champ:Lariat+1","champ:Circumvent+1","infinitespire:Execution+1","Ghostly+1","Ghostly+1","Ghostly+1","Ghostly+1","Ghostly+1","champ:Haymaker+1","Madness+1","Reforge+1","champ:Improvising","champ:EnchantCrown+1","infinitespire:TheBestDefense+1"],"relics":["champ:ChampionCrown","Pantograph","LetterFromLob","SpikesRelics:DaevaFist","champ:DefensiveTrainingManual","BargainBundle","Replay:Ancient Bell","Bronze Scales","Toxic Egg 2","Old Coin","The Courier","Omamori","Ancient Tea Set","champ:BlackKnightHelmet","Chameleon Ring","Astrolabe","PreservedInsect","CherryCoatedStake","Bag of Marbles","ShockBauble","Dream Catcher","conspire:Dentures","Philosopher\u0027s Stone","Bottled Lightning"],"acts_visited":["Exordium","TheCity","TheBeyond"],"potions_floor_usage":[40,50,51],"damage_taken":[{"damage":33.0,"enemies":"Lagavulin","floor":4.0,"turns":8.0},{"damage":5.0,"enemies":"Small Slimes","floor":5.0,"turns":4.0},{"damage":2.0,"enemies":"conspire:RoseBush","floor":9.0,"turns":3.0},{"damage":12.0,"enemies":"Gremlin Nob","floor":10.0,"turns":4.0},{"damage":0.0,"enemies":"2 Louse","floor":12.0,"turns":2.0},{"damage":7.0,"enemies":"downfall:FleeingMerchant","floor":13.0,"turns":4.0},{"damage":12.0,"enemies":"Exordium Wildlife","floor":14.0,"turns":6.0},{"damage":17.0,"enemies":"Large Slime","floor":15.0,"turns":6.0},{"damage":40.0,"enemies":"downfall:Watcher","floor":16.0,"turns":11.0},{"damage":43.0,"enemies":"3 Byrds","floor":22.0,"turns":4.0},{"damage":40.0,"enemies":"Nightmare","floor":23.0,"turns":11.0},{"damage":9.0,"enemies":"3 Cultists","floor":25.0,"turns":6.0},{"damage":29.0,"enemies":"Centurion and Healer","floor":30.0,"turns":12.0},{"damage":17.0,"enemies":"Centurion and Healer","floor":31.0,"turns":14.0},{"damage":7.0,"enemies":"conspire:HollyBat","floor":32.0,"turns":9.0},{"damage":11.0,"enemies":"downfall:Silent","floor":33.0,"turns":11.0},{"damage":14.0,"enemies":"3 Darklings","floor":36.0,"turns":8.0},{"damage":32.0,"enemies":"Reptomancer","floor":38.0,"turns":12.0},{"damage":26.0,"enemies":"infinitespire:Three Voidlings","floor":39.0,"turns":7.0},{"damage":59.0,"enemies":"Nightmare_Alpha","floor":39.0,"turns":14.0},{"damage":9,"enemies":"downfall:FleeingMerchant","floor":40,"turns":4},{"damage":0,"enemies":"Orb Walker","floor":43,"turns":5},{"damage":27,"enemies":"Giant Head","floor":44,"turns":10},{"damage":5,"enemies":"Writhing Mass","floor":49,"turns":6},{"damage":28,"enemies":"downfall:Ironclad","floor":50,"turns":12},{"damage":28,"enemies":"Malkuth","floor":51,"turns":10},{"damage":14,"enemies":"Netzach","floor":51,"turns":10},{"damage":11,"enemies":"Chesed","floor":51,"turns":8},{"damage":93,"enemies":"Binah","floor":51,"turns":42}],"seed_played":"277542422650734498","potions_obtained":[{"floor":9.0,"key":"ColorlessPotion"},{"floor":12.0,"key":"Strength Potion"},{"floor":14.0,"key":"EntropicBrew"},{"floor":23.0,"key":"Explosive Potion"},{"floor":32.0,"key":"FairyPotion"}],"is_trial":false,"path_per_floor":["R","?","R","E","M","?","T","R","M","E","?","M","$","M","M","B",null,"R","$","?","R","M","NM","T","M","?","R","?","T","M","?","M","B",null,"R","M","R","E","?","?","T","R","M","E","?","T","AVR","?","M","B",null],"character_chosen":"THE_CHAMP","items_purchased":["BargainBundle","champ:RageSigil","champ:DefensiveShout","champ:DefensiveStyle","champ:TornadoPunch","PowerPotion","EssenceOfSteel","Bag of Marbles","Madness+1","Reforge+1","Swift Potion","Weak Potion","Fruit Juice","Swift Potion"],"campfire_rested":0,"item_purchase_floors":[13,13,13,13,13,13,13,40,40,40,40,40,40,40],"current_hp_per_floor":[90,68,68,45,45,90,90,90,90,83,83,83,85,80,71,90,90,90,90,90,90,50,28,28,22,22,22,22,22,29,34,34,45,45,45,40,40,43,22,29,29,29,29,29,29,29,29,29,27,12],"gold":306,"neow_bonus":"ONE_RANDOM_RARE_CARD","is_daily":false,"chose_seed":false,"campfire_upgraded":9,"win_rate":0.0,"timestamp":1608186010,"path_taken":["R","?","R","E","M","?","T","R","M","E","?","M","$","?","M","BOSS","R","$","?","R","M","NM","T","M","?","R","?","?","?","?","M","BOSS","R","M","R","E","?","?","T","R","M","E","?","?","AVR","?","M","BOSS"],"items_purchased_type":["Relic","Card","Card","Card","Card","Potion","Potion","Relic","Card","Card","Potion","Potion","Potion","Potion"],"build_version":"2020-12-13","purchased_purges":3,"victory":true,"max_hp_per_floor":[90,90,90,90,90,90,90,90,90,90,90,90,90,90,90,90,90,90,90,90,90,90,90,90,90,45,45,45,45,45,45,45,45,45,45,45,45,45,22,29,29,29,29,29,29,29,29,29,29,29],"card_choices":[{"not_picked":["infinitespire:NeuralNetwork","ReplayTheSpireMod:Chaos Vortex"],"picked":"infinitespire:Fortify","floor":2.0},{"not_picked":["champ:BladeFlurry","champ:Haymaker"],"picked":"champ:FlashCut","floor":4.0},{"not_picked":["champ:Circumvent","champ:BladeFlurry"],"picked":"champ:AdrenalArmor","floor":5.0},{"not_picked":["champ:ArenaPreparation","champ:SwordSigil"],"picked":"champ:IronFortress","floor":9.0},{"not_picked":["champ:HeartStrike","champ:RecklessLeap"],"picked":"champ:EndlessRage","floor":10.0},{"not_picked":["champ:AdrenalArmor","champ:FlashCut"],"picked":"champ:IronFortress","floor":12.0},{"not_picked":["champ:Duel","champ:AdrenalArmor"],"picked":"champ:HoldFirm","floor":13.0},{"not_picked":["champ:GladiatorsShout","champ:BladeFlurry"],"picked":"champ:BringItOn","floor":14.0},{"not_picked":["champ:CrookedStrike","champ:SwordSigil","champ:DefensiveShout"],"picked":"SKIP","floor":15.0},{"not_picked":["champ:EnchantShield","champ:HeavySlash"],"picked":"champ:IgnorePain","floor":16.0},{"not_picked":["ReplayTheSpireMod:Faulty Equipment","Sickly"],"picked":"Intolerance","floor":17.0},{"not_picked":["ReplayTheSpireMod:Splinters","yuri:MarkovCurse"],"picked":"Doubt","floor":17.0},{"not_picked":["infinitespire:Pacifist","Looming Evil"],"picked":"Hatred","floor":17.0},{"not_picked":["champ:Backstep+1","champ:BringItOn+1"],"picked":"champ:IgnorePain+1","floor":22.0},{"not_picked":["champ:GladiatorsShout+1","champ:CalledShot"],"picked":"champ:GladiatorStyle","floor":23.0},{"not_picked":["champ:FlashCut","champ:Encircle"],"picked":"champ:BerserkerStyle","floor":25.0},{"not_picked":["champ:Circumvent+1","champ:BerserkerStyle"],"picked":"champ:BringItOn+1","floor":30.0},{"not_picked":["champ:DefensiveShout+1","champ:RageSigil+1"],"picked":"champ:Balance+1","floor":31.0},{"not_picked":["champ:ShieldSigil+1","champ:Circumvent+1"],"picked":"champ:Aggression+1","floor":32.0},{"not_picked":["champ:Devastate","champ:MurderStrike"],"picked":"champ:HoldFirm+1","floor":33.0},{"not_picked":["champ:BladeFlurry","champ:Riposte+1"],"picked":"champ:Lariat+1","floor":36.0},{"not_picked":["champ:BerserkersShout+1","champ:BladeFlurry"],"picked":"champ:Circumvent+1","floor":38.0},{"not_picked":["infinitespire:Starlight","infinitespire:SealOfDarkness+"],"picked":"infinitespire:Execution","floor":39},{"not_picked":["champ:Circumvent+1","champ:DefensiveShout+1"],"picked":"champ:Haymaker+1","floor":40},{"not_picked":["champ:Circumvent+1","champ:ShieldWall+1"],"picked":"champ:Improvising","floor":43},{"not_picked":["champ:Circumvent+1","champ:RisingSlash+1"],"picked":"champ:EnchantCrown+1","floor":44},{"not_picked":["champ:ShieldSigil+1","champ:Backstep+1","champ:PerfectedStrike"],"picked":"SKIP","floor":49}],"player_experience":3133658,"relics_obtained":[{"floor":4.0,"key":"Pantograph"},{"floor":4.0,"key":"LetterFromLob"},{"floor":7.0,"key":"SpikesRelics:DaevaFist"},{"floor":10.0,"key":"champ:DefensiveTrainingManual"},{"floor":23.0,"key":"The Courier"},{"floor":24.0,"key":"Omamori"},{"floor":29.0,"key":"Ancient Tea Set"},{"floor":31.0,"key":"champ:BlackKnightHelmet"},{"floor":31.0,"key":"Chameleon Ring"},{"floor":38.0,"key":"PreservedInsect"},{"floor":39,"key":"CherryCoatedStake"},{"floor":41,"key":"ShockBauble"},{"floor":44,"key":"Dream Catcher"},{"floor":46,"key":"conspire:Dentures"}],"event_choices":[{"damage_healed":0.0,"max_hp_gain":0.0,"max_hp_loss":45.0,"gold_gain":0.0,"event_name":"Ghosts","player_choice":"Became a Ghost","floor":26.0,"gold_loss":0.0,"damage_taken":0.0,"cards_obtained":["Ghostly","Ghostly","Ghostly","Ghostly","Ghostly"]},{"damage_healed":0,"gold_gain":0,"player_choice":"Became a Ghost","damage_taken":0,"max_hp_gain":0,"max_hp_loss":23,"event_name":"Ghosts","floor":39,"gold_loss":0,"cards_obtained":["Ghostly","Ghostly","Ghostly","Ghostly","Ghostly"]},{"cards_removed":["champ:Execute"],"damage_healed":0,"gold_gain":0,"player_choice":"Removed Attack","damage_taken":0,"max_hp_gain":0,"max_hp_loss":0,"event_name":"Falling","floor":45,"gold_loss":0}],"is_beta":false,"boss_relics":[{"not_picked":["Kintsugi","ChewingGum"],"picked":"Replay:Ancient Bell"},{"not_picked":["infinitespire:Lucky Rock","Boot"],"picked":"Bronze Scales"},{"not_picked":["infinitespire:Eraser","Singing Bowl"],"picked":"Toxic Egg 2"},{"not_picked":["WizardHat","conspire:Boomerang"],"picked":"Old Coin"},{"not_picked":["Runic Pyramid","Painkiller Herb"],"picked":"Astrolabe"}],"items_purged_floors":[13,40,47],"is_endless":false,"potions_floor_spawned":[9,12,14,22,23,32,39,43,44],"ascension_level":0}}