{"host":"mi0eibewekhugwl1","time":1608225710,"event":{"mods":["AchievementEnabler","BaseMod","Colored Map","Colored Powertips","DeckTracker","Keyboard Shortcuts","Minty Spire (QoL Compilation)","Quick Restart","Rare Cards Sparkle","Relic Stats","StSLib","SuperFastMode","everything is the same but u backflip on backflip"],"gold_per_floor":[115,115,1,1,1,42,65,65,65,65,26,45,69,52,52,151,151,172,185,110,110,135,135,155,155,182,182,182],"floor_reached":27,"playtime":506,"items_purged":["Strike_G"],"score":476,"play_id":"7d1452d9-a20a-4cb5-803b-5ee5e0d0c7cc","local_time":"20201218022150","is_ascension_mode":true,"campfire_choices":[{"data":"Dagger Spray","floor":8,"key":"SMITH"},{"data":"Noxious Fumes","floor":10,"key":"SMITH"},{"data":"Masterful Stab","floor":15,"key":"SMITH"},{"floor":23,"key":"REST"},{"data":"Cloak And Dagger","floor":25,"key":"SMITH"}],"circlet_count":0,"master_deck":["AscendersBane","Strike_G+1","Strike_G+1","Strike_G+1","Strike_G+1","Defend_G+1","Defend_G+1","Defend_G+1","Defend_G+1","Defend_G+1","Survivor","Neutralize","Dagger Spray+1","Noxious Fumes+1","Riddle With Holes","Masterful Stab+1","Footwork","Noxious Fumes","Endless Agony","Adrenaline","Cloak And Dagger+1","Terror","Regret"],"relics":["Ring of the Snake","NeowsBlessing","Golden Idol","MealTicket","White Beast Statue","Ornamental Fan","Cursed Key","Snake Skull"],"acts_visited":["Exordium","TheCity"],"potions_floor_usage":[16,27,27],"damage_taken":[{"damage":0,"enemies":"Jaw Worm","floor":1,"turns":1},{"damage":0,"enemies":"3 Sentries","floor":6,"turns":1},{"damage":0,"enemies":"Small Slimes","floor":7,"turns":1},{"damage":0,"enemies":"Cultist","floor":12,"turns":3},{"damage":5,"enemies":"Red Slaver","floor":13,"turns":4},{"damage":5,"enemies":"Exordium Thugs","floor":14,"turns":4},{"damage":52,"enemies":"Slime Boss","floor":16,"turns":8},{"damage":25,"enemies":"Chosen","floor":18,"turns":5},{"damage":7,"enemies":"Spheric Guardian","floor":19,"turns":5},{"damage":8,"enemies":"Centurion and Healer","floor":22,"turns":8},{"damage":15,"enemies":"Shelled Parasite and Fungi","floor":24,"turns":5},{"damage":33,"enemies":"Cultist and Chosen","floor":27,"turns":3}],"seed_played":"-7790859583385108471","potions_obtained":[{"floor":7,"key":"SpeedPotion"},{"floor":12,"key":"FairyPotion"},{"floor":14,"key":"CunningPotion"},{"floor":16,"key":"EssenceOfSteel"},{"floor":18,"key":"Ancient Potion"}],"is_trial":false,"path_per_floor":["M","?","$","?","?","E","M","R","T","R","$","M","M","M","R","B",null,"M","M","$","?","M","R","M","R","T","M"],"character_chosen":"THE_SILENT","items_purchased":["Noxious Fumes","Riddle With Holes","Footwork"],"campfire_rested":1,"item_purchase_floors":[3,3,11],"current_hp_per_floor":[59,36,36,18,40,40,40,40,40,40,55,55,50,45,45,19,54,29,22,37,37,29,48,33,33,33,0,0],"gold":182,"neow_bonus":"THREE_ENEMY_KILL","is_daily":false,"chose_seed":false,"campfire_upgraded":4,"win_rate":0.0,"timestamp":1608225710,"path_taken":["M","?","$","?","?","E","M","R","T","R","$","M","M","?","R","BOSS","M","?","$","?","M","R","M","R","T","M"],"items_purchased_type":["Card","Card","Card"],"build_version":"2020-12-13","purchased_purges":1,"victory":false,"max_hp_per_floor":[66,66,66,66,66,66,66,66,66,66,66,66,66,66,66,66,66,66,66,66,66,66,66,66,66,66,66,66],"relic_stats":{"counters":[12,48],"Golden Idol":63,"Ornamental Fan":[76],"MealTicket":30,"Snake Skull":[4],"Cursed Key":1,"obtain_stats":[{"NeowsBlessing":0,"Golden Idol":2,"Ornamental Fan":9,"MealTicket":4,"Snake Skull":26,"Cursed Key":17,"White Beast Statue":6,"Ring of the Snake":0},{"NeowsBlessing":0,"Golden Idol":1,"Ornamental Fan":3,"MealTicket":1,"Snake Skull":11,"Cursed Key":7,"White Beast Statue":2,"Ring of the Snake":0},{"NeowsBlessing":0,"Golden Idol":1,"Ornamental Fan":3,"MealTicket":1,"Snake Skull":45,"Cursed Key":22,"White Beast Statue":2,"Ring of the Snake":0}],"Ring of the Snake":[25]},"card_choices":[{"not_picked":["Leg Sweep","Flying Knee"],"picked":"Dagger Spray","floor":1},{"not_picked":["Underhanded Strike","Setup"],"picked":"Masterful Stab","floor":6},{"not_picked":["Quick Slash","Deflect","Grand Finale"],"picked":"SKIP","floor":7},{"not_picked":["Caltrops","Quick Slash"],"picked":"Noxious Fumes","floor":12},{"not_picked":["Heel Hook","Cloak And Dagger","Accuracy"],"picked":"SKIP","floor":13},{"not_picked":["Flying Knee","Dodge and Roll"],"picked":"Endless Agony","floor":14},{"not_picked":["Unload","Burst"],"picked":"Adrenaline","floor":16},{"not_picked":["Deadly Poison","Sucker Punch"],"picked":"Cloak And Dagger","floor":18},{"not_picked":["Dagger Throw","Distraction","PiercingWail"],"picked":"SKIP","floor":19},{"not_picked":["Endless Agony","PiercingWail","Setup"],"picked":"SKIP","floor":22},{"not_picked":["Noxious Fumes","Corpse Explosion"],"picked":"Terror","floor":24}],"player_experience":1690411,"relics_obtained":[{"floor":6,"key":"White Beast Statue"},{"floor":9,"key":"Ornamental Fan"},{"floor":26,"key":"Snake Skull"}],"event_choices":[{"damage_healed":0,"gold_gain":0,"player_choice":"Take Damage","damage_taken":23,"relics_obtained":["Golden Idol"],"max_hp_gain":0,"max_hp_loss":0,"event_name":"Golden Idol","floor":2,"gold_loss":0},{"damage_healed":0,"gold_gain":0,"player_choice":"Success","damage_taken":18,"relics_obtained":["MealTicket"],"max_hp_gain":0,"max_hp_loss":0,"event_name":"Scrap Ooze","floor":4,"gold_loss":0},{"damage_healed":22,"gold_gain":0,"player_choice":"Banana","damage_taken":0,"max_hp_gain":0,"max_hp_loss":0,"event_name":"Big Fish","floor":5,"gold_loss":0},{"damage_healed":0,"gold_gain":0,"player_choice":"Simplicity","damage_taken":0,"max_hp_gain":0,"max_hp_loss":0,"event_name":"Back to Basics","floor":21,"gold_loss":0,"cards_upgraded":["Strike_G","Strike_G","Strike_G","Strike_G","Defend_G","Defend_G","Defend_G","Defend_G","Defend_G"]}],"is_beta":false,"boss_relics":[{"not_picked":["Ectoplasm","Tiny House"],"picked":"Cursed Key"}],"items_purged_floors":[20],"is_endless":false,"potions_floor_spawned":[7,12,13,14,16,18,19,22,24],"killed_by":"Cultist and Chosen","ascension_level":20}}