{"host":"f0gpob8hq9vgebej","time":1608166384,"event":{"mods":["AchievementEnabler","BaseMod","Googly Eyes","Minty Spire (QoL Compilation)","Quick Restart","SuperFastMode"],"gold_per_floor":[10,28,38,56,131,131,143,153,178,178,192,192,225,240,240,343,343,359,4,16,16,16,16],"floor_reached":22,"playtime":4963,"items_purged":["Strike_G"],"score":285,"play_id":"795c3c05-b781-48fb-bd46-f1824c308248","local_time":"20201217095304","is_ascension_mode":true,"campfire_choices":[{"data":"Dash","floor":6,"key":"SMITH"},{"data":"Cloak And Dagger","floor":10,"key":"SMITH"},{"data":"Calculated Gamble","floor":15,"key":"SMITH"}],"circlet_count":0,"master_deck":["AscendersBane","Strike_G","Strike_G","Strike_G","Defend_G","Defend_G","Defend_G","Defend_G","Survivor","Neutralize","Acrobatics","Dash+1","Accuracy","PiercingWail","Cloak And Dagger+1","Prepared","Noxious Fumes","Calculated Gamble+1","Envenom","Cloak And Dagger","Tactician","Accuracy","Master of Strategy"],"relics":["Ring of the Snake","MealTicket","Ice Cream","Black Star"],"acts_visited":["Exordium","TheCity"],"potions_floor_usage":[13,16,16,16],"damage_taken":[{"damage":0,"enemies":"Jaw Worm","floor":1,"turns":4},{"damage":7,"enemies":"Small Slimes","floor":2,"turns":7},{"damage":0,"enemies":"Cultist","floor":3,"turns":4},{"damage":0,"enemies":"3 Louse","floor":4,"turns":2},{"damage":1,"enemies":"Large Slime","floor":7,"turns":7},{"damage":7,"enemies":"Exordium Thugs","floor":8,"turns":9},{"damage":7,"enemies":"Blue Slaver","floor":11,"turns":4},{"damage":29,"enemies":"3 Sentries","floor":13,"turns":11},{"damage":0,"enemies":"Looter","floor":14,"turns":4},{"damage":14,"enemies":"Hexaghost","floor":16,"turns":14},{"damage":50,"enemies":"Spheric Guardian","floor":18,"turns":9},{"damage":23,"enemies":"Shell Parasite","floor":20,"turns":8},{"damage":0,"enemies":"3 Cultists","floor":22,"turns":2}],"seed_played":"-7167612755885192248","potions_obtained":[{"floor":2,"key":"Regen Potion"},{"floor":3,"key":"GamblersBrew"},{"floor":4,"key":"ColorlessPotion"},{"floor":13,"key":"CunningPotion"},{"floor":14,"key":"BlessingOfTheForge"}],"is_trial":false,"path_per_floor":["M","M","M","M","?","R","M","M","T","R","M","?","E","M","R","B",null,"M","$","M","?","M"],"character_chosen":"THE_SILENT","items_purchased":["Tactician","Accuracy","Master of Strategy"],"campfire_rested":0,"item_purchase_floors":[19,19,19],"current_hp_per_floor":[63,56,56,56,45,45,44,37,37,37,30,70,51,51,51,37,62,12,27,4,4,4,4],"gold":16,"neow_bonus":"REMOVE_TWO","is_daily":false,"chose_seed":false,"campfire_upgraded":3,"win_rate":0.0,"timestamp":1608166384,"path_taken":["M","M","M","M","?","R","M","M","T","R","M","?","E","M","R","BOSS","M","$","?","?","M"],"items_purchased_type":["Card","Card","Card"],"build_version":"2020-12-13","purchased_purges":1,"victory":false,"max_hp_per_floor":[70,70,70,70,70,70,70,70,70,70,70,70,70,70,70,70,70,70,70,70,70,70,70],"card_choices":[{"not_picked":["Deflect","Dash"],"picked":"Acrobatics","floor":1},{"not_picked":["Acrobatics","Heel Hook"],"picked":"Dash","floor":2},{"not_picked":["Choke","Sucker Punch"],"picked":"All Out Attack","floor":3},{"not_picked":["Noxious Fumes","Blade Dance"],"picked":"Accuracy","floor":4},{"not_picked":["Underhanded Strike","Bouncing Flask"],"picked":"PiercingWail","floor":7},{"not_picked":["Acrobatics","Terror"],"picked":"Cloak And Dagger","floor":8},{"not_picked":["Setup","Terror"],"picked":"Prepared","floor":11},{"not_picked":["Doppelganger","Dodge and Roll"],"picked":"Noxious Fumes","floor":13},{"not_picked":["Deadly Poison","Sucker Punch"],"picked":"Calculated Gamble","floor":14},{"not_picked":["Wraith Form v2","Burst"],"picked":"Envenom","floor":16},{"not_picked":["Deflect","Endless Agony+1"],"picked":"Cloak And Dagger","floor":18},{"not_picked":["Acrobatics","Masterful Stab+1","Flechettes+1"],"picked":"SKIP","floor":20}],"player_experience":163673,"relics_obtained":[{"floor":9,"key":"MealTicket"},{"floor":13,"key":"Ice Cream"}],"event_choices":[{"damage_healed":0,"gold_gain":75,"player_choice":"Gather Gold","damage_taken":11,"max_hp_gain":0,"max_hp_loss":0,"event_name":"World of Goop","floor":5,"gold_loss":0},{"cards_removed":["All Out Attack"],"damage_healed":40,"gold_gain":0,"player_choice":"Offered Uncommon","damage_taken":0,"max_hp_gain":0,"max_hp_loss":0,"event_name":"Bonfire Elementals","floor":12,"gold_loss":0}],"is_beta":false,"boss_relics":[{"not_picked":["Coffee Dripper","Tiny House"],"picked":"Black Star"}],"items_purged_floors":[19],"is_endless":false,"potions_floor_spawned":[2,3,4,13,14],"killed_by":"3 Cultists","ascension_level":10}}