{"host":"4cz9gr89nglr7k8k","time":1608243953,"event":{"mods":["BaseMod","Minty Spire (QoL Compilation)","Relic Stats","Slay-I"],"gold_per_floor":[114,128,35,110,35,35,60,60,60,89,89,34,47,77,77,155,155,174,174,174,174,71,71,58,58,82,82,31,31,31,46,46,122,122,135,135,135],"floor_reached":36,"playtime":960,"items_purged":["Writhe"],"score":759,"play_id":"52983865-ae48-4289-8e91-e76cd302931c","local_time":"20201217232553","is_ascension_mode":true,"campfire_choices":[{"data":"Defragment","floor":6,"key":"SMITH"},{"data":"Static Discharge","floor":8,"key":"SMITH"},{"floor":11,"key":"REST"},{"data":"Streamline","floor":15,"key":"SMITH"},{"floor":23,"key":"REST"},{"floor":25,"key":"REST"},{"data":"Creative AI","floor":27,"key":"SMITH"},{"data":"Hello World","floor":30,"key":"SMITH"},{"floor":32,"key":"REST"}],"circlet_count":0,"master_deck":["AscendersBane","Strike_B+1","Strike_B+1","Strike_B+1","Strike_B+1","Defend_B+1","Defend_B+1","Defend_B+1","Zap","Dualcast","Loop","Static Discharge+1","Defragment+1","Beam Cell","Undo","Hello World+1","Streamline+1","Conserve Battery","Creative AI+1","Cold Snap","Turbo","Leap","Streamline","Gash","Electrodynamics","Conserve Battery"],"relics":["Cracked Core","NeowsBlessing","Turnip","MealTicket","Juzu Bracelet","SlaversCollar","FossilizedHelix","Shuriken","Orichalcum","Fusion Hammer"],"acts_visited":["Exordium","TheCity","TheBeyond"],"potions_floor_usage":[10,16,18,31],"damage_taken":[{"damage":0,"enemies":"Small Slimes","floor":1,"turns":1},{"damage":0,"enemies":"Jaw Worm","floor":2,"turns":1},{"damage":0,"enemies":"Lagavulin","floor":7,"turns":1},{"damage":12,"enemies":"3 Sentries","floor":10,"turns":5},{"damage":8,"enemies":"2 Louse","floor":13,"turns":2},{"damage":44,"enemies":"The Guardian","floor":16,"turns":11},{"damage":38,"enemies":"3 Byrds","floor":18,"turns":4},{"damage":11,"enemies":"2 Thieves","floor":24,"turns":5},{"damage":30,"enemies":"Chosen and Byrds","floor":31,"turns":5},{"damage":26,"enemies":"Champ","floor":33,"turns":9},{"damage":44,"enemies":"3 Darklings","floor":35,"turns":4},{"damage":21,"enemies":"Orb Walker","floor":36,"turns":4}],"seed_played":"8216801868504473366","potions_obtained":[{"floor":7,"key":"FocusPotion"},{"floor":10,"key":"PowerPotion"},{"floor":13,"key":"Block Potion"},{"floor":18,"key":"DistilledChaos"}],"is_trial":false,"path_per_floor":["M","M","$","?","?","R","E","R","T","E","R","$","M","?","R","B",null,"M","?","?","?","$","R","M","R","T","R","$","?","R","M","R","B",null,"M","M"],"character_chosen":"DEFECT","items_purchased":["Defragment","Beam Cell","Streamline","Turbo","Streamline"],"campfire_rested":4,"item_purchase_floors":[3,3,12,22,28],"current_hp_per_floor":[64,64,64,53,53,53,53,53,53,41,62,71,63,63,63,19,58,20,20,34,34,49,70,59,71,71,71,71,71,71,41,62,36,62,18,0,0],"gold":135,"neow_bonus":"THREE_ENEMY_KILL","is_daily":false,"chose_seed":false,"campfire_upgraded":5,"win_rate":0.0,"timestamp":1608243953,"path_taken":["M","M","$","?","?","R","E","R","T","E","R","$","M","?","R","BOSS","M","?","?","?","$","R","M","R","T","R","$","?","R","M","R","BOSS","M","M"],"items_purchased_type":["Card","Card","Card","Card","Card"],"build_version":"2020-12-13","purchased_purges":1,"victory":false,"max_hp_per_floor":[71,71,71,71,71,71,71,71,71,71,71,71,71,71,71,71,71,71,71,71,71,71,71,71,71,71,71,71,71,71,71,71,71,71,71,71,71],"relic_stats":{"counters":[12,51],"Shuriken":[3],"MealTicket":24,"Turnip":[4],"Juzu Bracelet":1,"Orichalcum":[36],"obtain_stats":[{"SlaversCollar":17,"NeowsBlessing":0,"Shuriken":21,"MealTicket":9,"Turnip":7,"Fusion Hammer":34,"Juzu Bracelet":10,"Orichalcum":26,"Cracked Core":0,"FossilizedHelix":19},{"SlaversCollar":6,"NeowsBlessing":0,"Shuriken":7,"MealTicket":3,"Turnip":3,"Fusion Hammer":10,"Juzu Bracelet":4,"Orichalcum":8,"Cracked Core":0,"FossilizedHelix":7},{"SlaversCollar":20,"NeowsBlessing":0,"Shuriken":24,"MealTicket":3,"Turnip":3,"Fusion Hammer":43,"Juzu Bracelet":8,"Orichalcum":29,"Cracked Core":0,"FossilizedHelix":24}]},"card_choices":[{"not_picked":["Compile Driver","Conserve Battery"],"picked":"Loop","floor":1},{"not_picked":["Redo","Heatsinks"],"picked":"Static Discharge","floor":2},{"not_picked":["Darkness","Stack"],"picked":"Undo","floor":7},{"not_picked":["Melter","Steam"],"picked":"Hello World","floor":10},{"not_picked":["Reinforced Body","Auto Shields"],"picked":"Conserve Battery","floor":13},{"not_picked":["Reboot","Meteor Strike"],"picked":"Creative AI","floor":16},{"not_picked":["Steam","Redo"],"picked":"Cold Snap","floor":18},{"not_picked":["Steam Power","Redo"],"picked":"Leap","floor":24},{"not_picked":["Rebound","Streamline"],"picked":"Gash","floor":31},{"not_picked":["Buffer","Biased Cognition"],"picked":"Electrodynamics","floor":33},{"not_picked":["Compile Driver","Storm"],"picked":"Conserve Battery","floor":35}],"player_experience":1449184,"relics_obtained":[{"floor":7,"key":"Turnip"},{"floor":9,"key":"MealTicket"},{"floor":10,"key":"Juzu Bracelet"},{"floor":19,"key":"FossilizedHelix"},{"floor":26,"key":"Orichalcum"}],"event_choices":[{"damage_healed":0,"gold_gain":75,"player_choice":"Gather Gold","damage_taken":11,"max_hp_gain":0,"max_hp_loss":0,"event_name":"World of Goop","floor":4,"gold_loss":0},{"cards_removed":["Defend_B"],"damage_healed":0,"gold_gain":0,"player_choice":"Card Removal","damage_taken":0,"max_hp_gain":0,"max_hp_loss":0,"event_name":"The Cleric","floor":5,"gold_loss":75},{"damage_healed":0,"gold_gain":30,"player_choice":"Searched \u00271\u0027 times","damage_taken":0,"max_hp_gain":0,"max_hp_loss":0,"event_name":"Dead Adventurer","floor":14,"gold_loss":0},{"damage_healed":0,"gold_gain":0,"player_choice":"Relic","damage_taken":0,"max_hp_gain":0,"max_hp_loss":0,"event_name":"Wheel of Change","floor":19,"gold_loss":0},{"damage_healed":14,"gold_gain":0,"player_choice":"Heal","damage_taken":0,"max_hp_gain":0,"max_hp_loss":0,"event_name":"The Library","floor":20,"gold_loss":0},{"damage_healed":0,"gold_gain":0,"player_choice":"Opened","damage_taken":0,"relics_obtained":["Shuriken"],"max_hp_gain":0,"max_hp_loss":0,"event_name":"The Mausoleum","floor":21,"gold_loss":0,"cards_obtained":["Writhe"]},{"damage_healed":0,"gold_gain":0,"player_choice":"Simplicity","damage_taken":0,"max_hp_gain":0,"max_hp_loss":0,"event_name":"Back to Basics","floor":29,"gold_loss":0,"cards_upgraded":["Strike_B","Strike_B","Strike_B","Strike_B","Defend_B","Defend_B","Defend_B"]}],"is_beta":false,"boss_relics":[{"not_picked":["Black Star","Empty Cage"],"picked":"SlaversCollar"},{"not_picked":["Pandora\u0027s Box","Tiny House"],"picked":"Fusion Hammer"}],"items_purged_floors":[22],"is_endless":false,"potions_floor_spawned":[7,10,13,18],"killed_by":"Orb Walker","ascension_level":19}}