{"host":"usewcu4ohw2wtmxk","time":1608234169,"event":{"mods":["AchievementEnabler","BaseMod","BetterRewards","Colored Powertips","Minty Spire (QoL Compilation)","Permanent Neow","Quick Restart","Relic Sorter","Relic Stats","Shop Mod","StSLib"],"gold_per_floor":[114,39,39,56,69,100,100,25,25,37,92,112,112,24,24,98,98,108,124,124,135,197,197,197,197],"floor_reached":24,"playtime":867,"items_purged":["Strike_G"],"score":396,"play_id":"26a6a45a-d6cd-4a04-b608-b119dce2e3c0","local_time":"20201218034249","is_ascension_mode":true,"campfire_choices":[{"data":"Blade Dance","floor":7.0,"key":"SMITH"},{"data":"Blade Dance","floor":13.0,"key":"SMITH"},{"data":"Footwork","floor":15.0,"key":"SMITH"},{"data":"After Image","floor":23.0,"key":"SMITH"}],"circlet_count":0,"master_deck":["AscendersBane","Strike_G","Strike_G","Defend_G","Defend_G","Defend_G","Defend_G","Defend_G","Survivor","Neutralize","After Image+1","Blade Dance+1","Backstab","Footwork+1","Blade Dance+1","Prepared","A Thousand Cuts+1","Noxious Fumes+1","Acrobatics+1"],"relics":["Ring of the Snake","Question Card","Frozen Egg 2","StrikeDummy","Coffee Dripper","SsserpentHead"],"acts_visited":["Exordium","TheCity"],"potions_floor_usage":[24],"damage_taken":[{"damage":3.0,"enemies":"Cultist","floor":1.0,"turns":5.0},{"damage":3.0,"enemies":"2 Louse","floor":4.0,"turns":4.0},{"damage":0.0,"enemies":"Jaw Worm","floor":5.0,"turns":4.0},{"damage":11.0,"enemies":"3 Sentries","floor":6.0,"turns":14.0},{"damage":6.0,"enemies":"Exordium Wildlife","floor":10.0,"turns":7.0},{"damage":19.0,"enemies":"3 Sentries","floor":11.0,"turns":10.0},{"damage":3.0,"enemies":"Red Slaver","floor":12.0,"turns":2.0},{"damage":12.0,"enemies":"Hexaghost","floor":16.0,"turns":10.0},{"damage":6.0,"enemies":"Shell Parasite","floor":18.0,"turns":5.0},{"damage":1.0,"enemies":"3 Byrds","floor":19.0,"turns":4.0},{"damage":6.0,"enemies":"Sentry and Sphere","floor":21.0,"turns":6.0},{"damage":10.0,"enemies":"Cultist and Chosen","floor":22.0,"turns":8.0},{"damage":33,"enemies":"Book of Stabbing","floor":24,"turns":5}],"seed_played":"-2624175515637007563","potions_obtained":[{"floor":5.0,"key":"LiquidBronze"},{"floor":6.0,"key":"FearPotion"},{"floor":10.0,"key":"Poison Potion"},{"floor":11.0,"key":"ColorlessPotion"}],"is_trial":false,"path_per_floor":["M","?","?","M","M","E","R","$","T","M","?","M","R","$","R","B",null,"M","M","?","M","M","R","E"],"character_chosen":"THE_SILENT","items_purchased":["Noxious Fumes+1"],"campfire_rested":0,"item_purchase_floors":[14],"current_hp_per_floor":[56,56,56,53,53,42,42,42,42,36,17,14,14,14,14,2,50,44,43,43,37,27,27,0,0],"gold":197,"neow_bonus":"ONE_RANDOM_RARE_CARD","is_daily":false,"chose_seed":false,"campfire_upgraded":4,"win_rate":0.0,"timestamp":1608234169,"path_taken":["M","?","?","M","M","E","R","$","T","M","?","M","R","?","R","BOSS","M","M","?","M","?","R","E"],"items_purchased_type":["Card"],"build_version":"2020-12-13","purchased_purges":1,"victory":false,"max_hp_per_floor":[66,66,66,66,66,66,66,66,66,66,66,66,66,66,66,66,66,66,66,66,66,66,66,66,66],"relic_stats":{"SsserpentHead":50,"counters":[13,84],"Question Card":8,"obtain_stats":[{"SsserpentHead":20,"Coffee Dripper":17,"Frozen Egg 2":9,"Question Card":6,"StrikeDummy":11,"Ring of the Snake":0},{"SsserpentHead":10,"Coffee Dripper":8,"Frozen Egg 2":4,"Question Card":4,"StrikeDummy":5,"Ring of the Snake":0},{"SsserpentHead":65,"Coffee Dripper":56,"Frozen Egg 2":27,"Question Card":27,"StrikeDummy":34,"Ring of the Snake":0}],"Ring of the Snake":[26]},"card_choices":[{"not_picked":["Flying Knee","Accuracy"],"picked":"Blade Dance","floor":1.0},{"not_picked":["Deadly Poison","PiercingWail"],"picked":"Backstab","floor":4.0},{"not_picked":["Outmaneuver","Leg Sweep"],"picked":"Footwork","floor":5.0},{"not_picked":["Choke","Setup","All Out Attack"],"picked":"SKIP","floor":6.0},{"not_picked":["Quick Slash","Prepared","Reflex"],"picked":"Blade Dance","floor":10.0},{"not_picked":["Outmaneuver","Concentrate","Quick Slash"],"picked":"Prepared","floor":11.0},{"not_picked":["Skewer","Dagger Spray","Acrobatics"],"picked":"A Thousand Cuts+1","floor":12.0},{"not_picked":["Blur","Dagger Spray","Noxious Fumes+1","Underhanded Strike"],"picked":"SKIP","floor":18.0},{"not_picked":["PiercingWail","Dodge and Roll","Dagger Spray","Envenom+1"],"picked":"SKIP","floor":19.0},{"not_picked":["PiercingWail","Bouncing Flask+1","Flying Knee"],"picked":"Acrobatics+1","floor":21.0},{"not_picked":["Flying Knee+1","Dagger Spray","Dagger Throw","Deflect"],"picked":"SKIP","floor":22.0}],"player_experience":282534,"relics_obtained":[{"floor":6.0,"key":"Question Card"},{"floor":9.0,"key":"Frozen Egg 2"}],"event_choices":[{"cards_removed":["Strike_G"],"damage_healed":0.0,"max_hp_gain":0.0,"max_hp_loss":0.0,"gold_gain":0.0,"event_name":"The Cleric","player_choice":"Card Removal","floor":2.0,"gold_loss":75.0,"damage_taken":0.0},{"cards_removed":["Strike_G"],"damage_healed":0.0,"max_hp_gain":0.0,"max_hp_loss":0.0,"gold_gain":0.0,"event_name":"Living Wall","player_choice":"Forget","floor":3.0,"gold_loss":0.0,"damage_taken":0.0},{"damage_healed":0.0,"max_hp_gain":0.0,"max_hp_loss":0.0,"gold_gain":0.0,"event_name":"Dead Adventurer","player_choice":"Searched \u00273\u0027 times","floor":11.0,"gold_loss":0.0,"damage_taken":0.0,"relics_obtained":["StrikeDummy"]},{"damage_healed":0.0,"max_hp_gain":0.0,"max_hp_loss":0.0,"gold_gain":0.0,"event_name":"FaceTrader","player_choice":"Trade","floor":20.0,"gold_loss":0.0,"damage_taken":0.0,"relics_obtained":["SsserpentHead"]}],"is_beta":false,"boss_relics":[{"not_picked":["Snecko Eye","Velvet Choker"],"picked":"Coffee Dripper"}],"items_purged_floors":[8],"is_endless":false,"potions_floor_spawned":[5,6,10,11],"killed_by":"Book of Stabbing","ascension_level":20}}