{"host":"63rwe7p34ct1i0qu","time":1608209127,"event":{"mods":["BaseMod","DeckTracker","Minty Spire (QoL Compilation)","Permanent Neow","Quick Restart","StSLib"],"gold_per_floor":[359,369,334,259,277,277,293,313,391,408,508,316,330,350,350,454,454,394,394,413,413,413],"floor_reached":21,"playtime":528,"items_purged":[],"score":239,"play_id":"f586189b-447c-402d-b64f-8f91e1bfa406","local_time":"20201217214527","is_ascension_mode":true,"campfire_choices":[{"data":"Zap","floor":6,"key":"SMITH"},{"floor":15,"key":"REST"}],"circlet_count":0,"master_deck":["Strike_B","Strike_B","Strike_B","Strike_B","Defend_B","Defend_B","Defend_B","Defend_B","Zap+1","Dualcast","Turbo","Rip and Tear","Static Discharge","Leap","Streamline","Doom and Gloom","Expertise","Thunder Strike","Deflect"],"relics":["Cracked Core","Matryoshka","PrismaticShard","Odd Mushroom","Inserter"],"acts_visited":["Exordium","TheCity"],"potions_floor_usage":[8,14,16,18,21],"damage_taken":[{"damage":4.0,"enemies":"Jaw Worm","floor":1.0,"turns":3.0},{"damage":8.0,"enemies":"2 Louse","floor":2.0,"turns":3.0},{"damage":0,"enemies":"Cultist","floor":5,"turns":3},{"damage":7,"enemies":"2 Fungi Beasts","floor":7,"turns":3},{"damage":1,"enemies":"Gremlin Gang","floor":8,"turns":2},{"damage":7,"enemies":"Looter","floor":10,"turns":3},{"damage":0,"enemies":"Large Slime","floor":13,"turns":5},{"damage":9,"enemies":"The Mushroom Lair","floor":14,"turns":4},{"damage":16,"enemies":"Slime Boss","floor":16,"turns":6},{"damage":27,"enemies":"2 Thieves","floor":18,"turns":4},{"damage":24,"enemies":"Chosen","floor":20,"turns":4},{"damage":18,"enemies":"Snecko","floor":21,"turns":4}],"seed_played":"6612509874737372066","potions_obtained":[{"floor":2.0,"key":"Explosive Potion"},{"floor":5,"key":"BlessingOfTheForge"},{"floor":7,"key":"Fire Potion"},{"floor":16,"key":"Block Potion"},{"floor":20,"key":"SneckoOil"}],"is_trial":false,"path_per_floor":["M","M","?","$","M","R","M","M","T","M","?","$","M","?","R","B",null,"M","$","M","M"],"character_chosen":"DEFECT","items_purchased":["Rip and Tear","PrismaticShard","Doom and Gloom"],"campfire_rested":1,"item_purchase_floors":[4,12,12],"current_hp_per_floor":[46,38,56,56,56,56,49,48,48,41,41,41,41,32,54,38,66,39,39,15,0,0],"gold":413,"neow_bonus":"TWO_FIFTY_GOLD","is_daily":false,"chose_seed":false,"campfire_upgraded":1,"win_rate":0.0,"timestamp":1608209127,"path_taken":["M","M","?","$","M","R","M","M","T","M","?","$","?","?","R","BOSS","M","$","M","M"],"items_purchased_type":["Card","Relic","Card"],"build_version":"2020-12-13","purchased_purges":0,"victory":false,"max_hp_per_floor":[75,75,75,75,75,75,75,75,75,75,75,75,75,75,75,75,75,75,75,75,75,75],"card_choices":[{"not_picked":["Loop","Ball Lightning"],"picked":"Turbo","floor":1.0},{"not_picked":["Leap","Gash","Redo"],"picked":"SKIP","floor":2.0},{"not_picked":["Reinforced Body","Stack"],"picked":"Static Discharge","floor":5},{"not_picked":["Stack","Cold Snap"],"picked":"Leap","floor":7},{"not_picked":["Conserve Battery","Scrape","Barrage"],"picked":"SKIP","floor":8},{"not_picked":["Cold Snap","Sweeping Beam"],"picked":"Streamline","floor":10},{"not_picked":["Headbutt","Beam Cell","True Grit"],"picked":"SKIP","floor":13},{"not_picked":["Cloak And Dagger","Armaments"],"picked":"Expertise","floor":14},{"not_picked":["Bludgeon","Tools of the Trade"],"picked":"Thunder Strike","floor":16},{"not_picked":["Madness","Compile Driver+1","CrushJoints"],"picked":"SKIP","floor":18},{"not_picked":["Backflip","Coolheaded"],"picked":"Deflect","floor":20}],"player_experience":784673,"relics_obtained":[{"floor":9,"key":"Matryoshka"},{"floor":14,"key":"Odd Mushroom"}],"event_choices":[{"damage_healed":18.0,"max_hp_gain":0.0,"max_hp_loss":0.0,"gold_gain":0.0,"event_name":"The Cleric","player_choice":"Healed","floor":3.0,"gold_loss":35.0,"damage_taken":0.0},{"damage_healed":0,"gold_gain":100,"player_choice":"Pray","damage_taken":0,"max_hp_gain":0,"max_hp_loss":0,"event_name":"Golden Shrine","floor":11,"gold_loss":0},{"damage_healed":0,"gold_gain":0,"player_choice":"Fought Mushrooms","damage_taken":0,"max_hp_gain":0,"max_hp_loss":0,"event_name":"Mushrooms","floor":14,"gold_loss":0}],"is_beta":false,"boss_relics":[{"not_picked":["Runic Pyramid","Ectoplasm"],"picked":"Inserter"}],"items_purged_floors":[],"is_endless":false,"potions_floor_spawned":[2,5,7,16,20],"killed_by":"Snecko","ascension_level":8}}