{"host":"ydrqlkwz2nodhfch","time":1608193075,"event":{"mods":["AchievementEnabler","BaseMod","Better Third Choice","BetterRewards","Minty Spire (QoL Compilation)","Permanent Neow","Quick Restart","StSLib"],"gold_per_floor":[118,118,128,148,148,148,148,162,162,178,198,215,215,227,227,322,322,337,135,135,150,170,170,190,190,217,317,327,426,444,458,458,555,555,566,370,370,25,40,40,53,53,76,144,155,171,171,186,186,186],"floor_reached":51,"playtime":3612,"items_purged":["Strike_G","Strike_G","Strike_G"],"score":622,"play_id":"b5174e96-2ed3-48fc-b63e-c4954fb6b59e","local_time":"20201217031755","is_ascension_mode":false,"campfire_choices":[{"floor":6,"key":"REST"},{"floor":13,"key":"REST"},{"data":"Strike_G","floor":15,"key":"SMITH"},{"floor":23,"key":"REST"},{"floor":25,"key":"REST"},{"floor":32,"key":"REST"},{"data":"Corpse Explosion","floor":40,"key":"SMITH"},{"data":"Noxious Fumes","floor":42,"key":"SMITH"},{"data":"Noxious Fumes","floor":47,"key":"SMITH"},{"floor":49,"key":"REST"}],"circlet_count":0,"master_deck":["Strike_G+1","Defend_G","Defend_G","Defend_G","Defend_G","Defend_G","Survivor","Neutralize","Noxious Fumes+1","Corpse Explosion+1","Blade Dance","Crippling Poison","Outmaneuver","Dagger Throw","Poisoned Stab","Dash","Noxious Fumes+1","Poisoned Stab","Deadly Poison","Blade Dance","CurseOfTheBell","Blade Dance","Venomology","Poisoned Stab","Catalyst+1","Corpse Explosion+1","PiercingWail+1","PiercingWail+1","PiercingWail+1"],"relics":["Ring of the Snake","Gambling Chip","Dream Catcher","Mango","Mummified Hand","Calling Bell","Pen Nib","Bird Faced Urn","Darkstone Periapt","Smiling Mask","Incense Burner","Bottled Lightning","Busted Crown","Vajra","TheAbacus","Anchor","Toy Ornithopter","Eternal Feather"],"acts_visited":["Exordium","TheCity","TheBeyond"],"potions_floor_usage":[11,14,16,18,21,24,27,27,28,28,33,33,33,33,41,45,45,50,50],"damage_taken":[{"damage":10,"enemies":"Jaw Worm","floor":1,"turns":5},{"damage":5,"enemies":"Cultist","floor":3,"turns":4},{"damage":0,"enemies":"2 Louse","floor":4,"turns":3},{"damage":1,"enemies":"Exordium Thugs","floor":8,"turns":4},{"damage":1,"enemies":"Red Slaver","floor":10,"turns":4},{"damage":10,"enemies":"Large Slime","floor":11,"turns":5},{"damage":2,"enemies":"3 Louse","floor":12,"turns":2},{"damage":0,"enemies":"Exordium Thugs","floor":14,"turns":3},{"damage":21,"enemies":"Slime Boss","floor":16,"turns":7},{"damage":20,"enemies":"Spheric Guardian","floor":18,"turns":4},{"damage":2,"enemies":"Chosen","floor":21,"turns":4},{"damage":0,"enemies":"3 Cultists","floor":22,"turns":2},{"damage":7,"enemies":"Chosen and Byrds","floor":24,"turns":4},{"damage":26,"enemies":"Colosseum Slavers","floor":27,"turns":3},{"damage":16,"enemies":"Colosseum Nobs","floor":27,"turns":4},{"damage":0,"enemies":"Snake Plant","floor":28,"turns":4},{"damage":2,"enemies":"Cultist and Chosen","floor":30,"turns":3},{"damage":14,"enemies":"Sentry and Sphere","floor":31,"turns":4},{"damage":58,"enemies":"Collector","floor":33,"turns":10},{"damage":11,"enemies":"3 Darklings","floor":35,"turns":3},{"damage":6,"enemies":"Orb Walker","floor":39,"turns":4},{"damage":0,"enemies":"Jaw Worm Horde","floor":41,"turns":2},{"damage":12,"enemies":"Transient","floor":45,"turns":5},{"damage":0,"enemies":"4 Shapes","floor":46,"turns":2},{"damage":0,"enemies":"Jaw Worm Horde","floor":48,"turns":2},{"damage":22,"enemies":"Donu and Deca","floor":50,"turns":7}],"seed_played":"-4730041903304607459","potions_obtained":[{"floor":3,"key":"PowerPotion"},{"floor":4,"key":"Dexterity Potion"},{"floor":8,"key":"Block Potion"},{"floor":10,"key":"ColorlessPotion"},{"floor":12,"key":"Energy Potion"},{"floor":18,"key":"Fire Potion"},{"floor":27,"key":"DuplicationPotion"},{"floor":31,"key":"DuplicationPotion"},{"floor":35,"key":"LiquidBronze"},{"floor":39,"key":"Block Potion"},{"floor":46,"key":"Poison Potion"}],"is_trial":false,"path_per_floor":["M","?","M","M","?","R","?","M","T","M","M","M","R","M","R","B",null,"M","$","?","M","M","R","M","R","T","?","M","?","M","M","R","B",null,"M","$","?","$","M","R","M","R","T","T","M","M","R","M","R","B",null],"character_chosen":"THE_SILENT","items_purchased":["Noxious Fumes","Corpse Explosion","Dream Catcher","Block Potion","DistilledChaos","Vajra","TheAbacus","Anchor"],"campfire_rested":6,"item_purchase_floors":[0,0,0,19,19,36,38,38],"current_hp_per_floor":[60,60,55,55,55,80,80,79,79,78,68,66,84,84,84,63,84,64,64,64,66,66,84,77,84,84,46,50,50,48,38,63,9,84,73,73,73,73,71,71,73,73,73,73,72,72,84,84,84,71],"gold":186,"neow_bonus":"","is_daily":false,"chose_seed":false,"campfire_upgraded":4,"win_rate":0.0,"timestamp":1608193075,"path_taken":["M","?","?","M","?","R","?","M","T","M","?","M","R","M","R","BOSS","M","$","?","M","?","R","M","R","T","?","M","?","M","M","R","BOSS","M","$","?","$","M","R","M","R","T","?","M","?","R","M","R","BOSS"],"items_purchased_type":["Card","Card","Relic","Potion","Potion","Relic","Relic","Relic"],"build_version":"2020-12-13","purchased_purges":3,"victory":true,"max_hp_per_floor":[84,84,84,84,84,84,84,84,84,84,84,84,84,84,84,84,84,84,84,84,84,84,84,84,84,84,84,84,84,84,84,84,84,84,84,84,84,84,84,84,84,84,84,84,84,84,84,84,84,84],"card_choices":[{"not_picked":["Dodge and Roll","Flechettes"],"picked":"Blade Dance","floor":1},{"not_picked":["Escape Plan","All Out Attack","Prepared"],"picked":"SKIP","floor":3},{"not_picked":["Calculated Gamble","Slice"],"picked":"Crippling Poison","floor":4},{"not_picked":["Eviscerate","Reflex"],"picked":"Outmaneuver","floor":6},{"not_picked":["Predator","Flying Knee"],"picked":"Poisoned Stab","floor":8},{"not_picked":["Predator","Outmaneuver"],"picked":"Dash","floor":10},{"not_picked":["Eviscerate","Tools of the Trade"],"picked":"Noxious Fumes","floor":11},{"not_picked":["Deadly Poison","Slice"],"picked":"Poisoned Stab","floor":12},{"not_picked":["Acrobatics","Sucker Punch"],"picked":"Deadly Poison","floor":13},{"not_picked":["Flying Knee","Sucker Punch"],"picked":"Blade Dance","floor":14},{"not_picked":["Deflect+1","PiercingWail"],"picked":"Blade Dance","floor":18},{"not_picked":["Flying Knee","Escape Plan","Distraction"],"picked":"SKIP","floor":21},{"not_picked":["Dash","Blade Dance+1"],"picked":"Poisoned Stab","floor":22},{"not_picked":["Dagger Throw","Skewer+1","Adrenaline"],"picked":"SKIP","floor":24},{"not_picked":["Slice","Deflect+1"],"picked":"Catalyst+1","floor":28},{"not_picked":["Caltrops+1","Sucker Punch+1","Outmaneuver"],"picked":"SKIP","floor":30},{"not_picked":["Bouncing Flask","Outmaneuver","Choke"],"picked":"SKIP","floor":31},{"not_picked":["Wraith Form v2","Unload"],"picked":"Corpse Explosion","floor":33},{"not_picked":["Skewer"],"picked":"SKIP","floor":35},{"not_picked":[],"picked":"PiercingWail+1","floor":39},{"not_picked":["Calculated Gamble"],"picked":"SKIP","floor":41},{"not_picked":[],"picked":"PiercingWail+1","floor":45},{"not_picked":[],"picked":"PiercingWail+1","floor":46},{"not_picked":["Blade Dance"],"picked":"SKIP","floor":48}],"player_experience":17751,"relics_obtained":[{"floor":9,"key":"Mummified Hand"},{"floor":17,"key":"Pen Nib"},{"floor":17,"key":"Bird Faced Urn"},{"floor":17,"key":"Darkstone Periapt"},{"floor":26,"key":"Smiling Mask"},{"floor":27,"key":"Incense Burner"},{"floor":27,"key":"Bottled Lightning"},{"floor":43,"key":"Toy Ornithopter"},{"floor":44,"key":"Eternal Feather"}],"event_choices":[{"damage_healed":0,"gold_gain":0,"player_choice":"Upgraded","damage_taken":0,"max_hp_gain":0,"max_hp_loss":0,"event_name":"Upgrade Shrine","floor":2,"gold_loss":0,"cards_upgraded":["Corpse Explosion"]},{"damage_healed":0,"gold_gain":0,"player_choice":"Ignored","damage_taken":0,"max_hp_gain":0,"max_hp_loss":0,"event_name":"Golden Idol","floor":5,"gold_loss":0},{"damage_healed":0,"gold_gain":0,"player_choice":"1 cards matched","damage_taken":0,"max_hp_gain":0,"max_hp_loss":0,"event_name":"Match and Keep!","floor":7,"gold_loss":0,"cards_obtained":["Dagger Throw"]},{"damage_healed":0,"gold_gain":0,"cards_transformed":["Strike_G"],"player_choice":"Transformed","damage_taken":0,"max_hp_gain":0,"max_hp_loss":0,"event_name":"Transmorgrifier","floor":20,"gold_loss":0,"cards_obtained":["Venomology"]},{"damage_healed":0,"gold_gain":0,"player_choice":"Fight","damage_taken":0,"max_hp_gain":0,"max_hp_loss":0,"event_name":"Colosseum","floor":27,"gold_loss":0},{"damage_healed":0,"gold_gain":0,"player_choice":"Fought Nobs","damage_taken":0,"max_hp_gain":0,"max_hp_loss":0,"event_name":"Colosseum","floor":27,"gold_loss":0},{"damage_healed":0,"gold_gain":99,"player_choice":"Steal","damage_taken":0,"max_hp_gain":0,"max_hp_loss":0,"event_name":"betterThird:BetterNest","floor":29,"gold_loss":0},{"damage_healed":0,"gold_gain":0,"player_choice":"Memory 1","damage_taken":0,"max_hp_gain":0,"max_hp_loss":0,"event_name":"SensoryStone","floor":37,"gold_loss":0}],"is_beta":false,"boss_relics":[{"not_picked":["Runic Dome","WristBlade"],"picked":"Calling Bell"},{"not_picked":["Black Star","SlaversCollar"],"picked":"Busted Crown"}],"items_purged_floors":[19,36,38],"is_endless":false,"potions_floor_spawned":[3,4,8,10,12,18,22,27,31,35,39,46],"ascension_level":0}}