{"host":"esx1hwjnbftf3eqj","time":1608227515,"event":{"mods":["BaseMod","Colored Map","Minty Spire (QoL Compilation)","StSLib","Wandering Minibosses"],"gold_per_floor":[18,34,34,209,224,224,251,251,251,251,281,231,231,252,252,252,252],"floor_reached":16,"playtime":1132,"items_purged":[],"score":122,"play_id":"4b893e65-15a8-44be-850a-3788e41c9d5e","local_time":"20201217095155","is_ascension_mode":true,"campfire_choices":[{"data":"Uppercut","floor":6,"key":"SMITH"},{"data":"Armaments","floor":8,"key":"SMITH"},{"data":"Iron Wave","floor":10,"key":"SMITH"},{"data":"Searing Blow","floor":13,"key":"SMITH"},{"data":"Searing Blow+1","floor":15,"key":"SMITH"}],"circlet_count":0,"master_deck":["Strike_R","Defend_R","Defend_R","Defend_R","Defend_R","Bash","Uppercut+1","Twin Strike","Cleave","Iron Wave+1","Searing Blow+2","Doubt","Armaments+1","Heavy Blade","Shrug It Off"],"relics":["Burning Blood","Vajra","Kunai","Gremlin Horn","Odd Mushroom"],"acts_visited":["Exordium"],"potions_floor_usage":[14,14],"damage_taken":[{"damage":4,"enemies":"Jaw Worm","floor":1,"turns":6},{"damage":2,"enemies":"Small Slimes","floor":2,"turns":3},{"damage":0,"enemies":"2 Louse","floor":5,"turns":2},{"damage":32,"enemies":"Gremlin Nob","floor":7,"turns":5},{"damage":8,"enemies":"Lagavulin","floor":11,"turns":5},{"damage":8,"enemies":"The Mushroom Lair","floor":14,"turns":2},{"damage":55,"enemies":"Slime Boss","floor":16,"turns":10}],"seed_played":"8602424630202992078","potions_obtained":[{"floor":5,"key":"ElixirPotion"},{"floor":7,"key":"SteroidPotion"}],"is_trial":false,"path_per_floor":["M","M","?","?","M","R","E","R","T","R","E","?","R","?","R","B"],"character_chosen":"IRONCLAD","items_purchased":[],"campfire_rested":0,"item_purchase_floors":[],"current_hp_per_floor":[80,80,80,80,80,80,54,54,54,54,52,52,52,50,50,0,0],"gold":252,"neow_bonus":"TRANSFORM_TWO_CARDS","is_daily":false,"chose_seed":false,"campfire_upgraded":5,"win_rate":0.0,"timestamp":1608227515,"path_taken":["M","M","?","?","M","R","E","R","T","R","E","?","R","?","R","BOSS"],"items_purchased_type":[],"build_version":"2020-12-13","purchased_purges":0,"victory":false,"max_hp_per_floor":[80,80,80,80,80,80,80,80,80,80,80,80,80,80,80,80,80],"card_choices":[{"not_picked":["Warcry","Clash"],"picked":"Cleave","floor":1},{"not_picked":["Anger","Armaments"],"picked":"Iron Wave","floor":2},{"not_picked":["Pummel","Reckless Charge"],"picked":"Armaments","floor":5},{"not_picked":["Sentinel","Anger","Sword Boomerang"],"picked":"SKIP","floor":7},{"not_picked":["Power Through","Bludgeon"],"picked":"Heavy Blade","floor":11},{"not_picked":["Sword Boomerang","Havoc"],"picked":"Shrug It Off","floor":14}],"player_experience":422766,"relics_obtained":[{"floor":7,"key":"Vajra"},{"floor":9,"key":"Kunai"},{"floor":11,"key":"Gremlin Horn"},{"floor":14,"key":"Odd Mushroom"}],"event_choices":[{"damage_healed":0,"gold_gain":0,"cards_transformed":["Strike_R"],"player_choice":"Change","damage_taken":0,"max_hp_gain":0,"max_hp_loss":0,"event_name":"Living Wall","floor":3,"gold_loss":0,"cards_obtained":["Searing Blow"]},{"damage_healed":0,"gold_gain":175,"player_choice":"AGREE","damage_taken":0,"max_hp_gain":0,"max_hp_loss":0,"event_name":"Liars Game","floor":4,"gold_loss":0,"cards_obtained":["Doubt"]},{"cards_removed":["Strike_R"],"damage_healed":0,"gold_gain":0,"player_choice":"Card Removal","damage_taken":0,"max_hp_gain":0,"max_hp_loss":0,"event_name":"The Cleric","floor":12,"gold_loss":50},{"damage_healed":0,"gold_gain":0,"player_choice":"Fought Mushrooms","damage_taken":0,"max_hp_gain":0,"max_hp_loss":0,"event_name":"Mushrooms","floor":14,"gold_loss":0}],"is_beta":false,"boss_relics":[],"items_purged_floors":[],"is_endless":false,"potions_floor_spawned":[5,7],"killed_by":"Slime Boss","ascension_level":3}}