{"host":"nj06ypb01n3s9mn8","time":1608175314,"event":{"mods":["2.2 Compatiblity","BaseMod","Colored Map","Downfall","Highlight Path","Marisa????????","Minty Spire (QoL Compilation)","Replay The Spire","StSLib","The Animator","The Necromancer","The Servant 0.9.4","Waifu the Spire"],"gold_per_floor":[123,150,174,174,174,204,204,215,270,270,270],"floor_reached":10,"playtime":919,"items_purged":[],"score":71,"play_id":"977a0387-40e1-4bba-8ba3-672e5505d259","local_time":"20201217002154","is_ascension_mode":true,"campfire_choices":[{"data":"animator:Tet","floor":7,"key":"SMITH"}],"circlet_count":0,"master_deck":["animator:Strike_NoGameNoLife","animator:Defend_NoGameNoLife","animator:Strike","animator:Strike","animator:Strike","animator:Defend","animator:Defend","animator:Defend","animator:DolaSchwi","animator:DolaCouronne","animator:HigakiRinne","animator:Entoma","animator:RinTohsaka","animator:IzunaHatsuse","animator:Tet+1","animator:HigakiRinne","Pot Of Greed","Pot Of Greed"],"relics":["animator:LivingPicture","animator:TheMissingPiece","ReplayTheSpireMod:Ring of Addiction","Ring of Fury","Potion Belt","White Beast Statue","Replay:Towering Pillar of Hats","Ancient Tea Set","Grinning Jar"],"acts_visited":["Exordium"],"potions_floor_usage":[6],"damage_taken":[{"damage":3,"enemies":"Jaw Worm","floor":1,"turns":5},{"damage":0,"enemies":"Cultist","floor":2,"turns":4},{"damage":0,"enemies":"Small Slimes","floor":3,"turns":5},{"damage":19,"enemies":"3 Sentries","floor":6,"turns":8},{"damage":2,"enemies":"Looter","floor":8,"turns":4},{"damage":0,"enemies":"Lagavulin","floor":10,"turns":1}],"seed_played":"2767809077563052164","potions_obtained":[{"floor":3,"key":"Block Potion"},{"floor":4,"key":"DistilledChaos"},{"floor":4,"key":"Weak Potion"},{"floor":4,"key":"hexamod:EctoCoolerPotion"},{"floor":6,"key":"DistilledChaos"},{"floor":8,"key":"Doom Potion"}],"is_trial":false,"path_per_floor":["M","M","M","?","T","E","R","M","T","E"],"character_chosen":"THE_ANIMATOR","items_purchased":[],"campfire_rested":0,"item_purchase_floors":[],"current_hp_per_floor":[45,45,45,45,45,27,27,25,25,25,25],"gold":270,"neow_bonus":"THREE_RARE_CARDS","is_daily":false,"chose_seed":false,"campfire_upgraded":1,"win_rate":0.0,"timestamp":1608175314,"path_taken":["M","M","M","?","?","E","R","M","T","E"],"items_purchased_type":[],"build_version":"2020-11-29","purchased_purges":0,"victory":false,"max_hp_per_floor":[66,66,66,66,66,67,67,67,67,65,65],"card_choices":[{"not_picked":["animator:Eris","animator:Shizu"],"picked":"animator:HigakiRinne","floor":0},{"not_picked":["animator:Alexander","animator:Shion"],"picked":"animator:Entoma","floor":1},{"not_picked":["animator:Assassin","animator:ShinjiMatou"],"picked":"animator:RinTohsaka","floor":2},{"not_picked":["animator:Shion","animator:ZankiKiguchi"],"picked":"animator:IzunaHatsuse","floor":3},{"not_picked":["animator:DolaSchwi","animator:IzunaHatsuse"],"picked":"animator:Tet","floor":6},{"not_picked":["animator:Konayuki","animator:Vanir"],"picked":"animator:HigakiRinne","floor":8}],"player_experience":58064,"relics_obtained":[{"floor":4,"key":"ReplayTheSpireMod:Ring of Addiction"},{"floor":4,"key":"Ring of Fury"},{"floor":4,"key":"Potion Belt"},{"floor":4,"key":"White Beast Statue"},{"floor":5,"key":"Replay:Towering Pillar of Hats"},{"floor":6,"key":"Ancient Tea Set"},{"floor":9,"key":"Grinning Jar"}],"event_choices":[],"is_beta":false,"boss_relics":[],"items_purged_floors":[],"is_endless":false,"potions_floor_spawned":[3,6,8],"killed_by":"Lagavulin","ascension_level":1}}