{"host":"dntw6kil9p09eemm","time":1608240417,"event":{"mods":["BaseMod","Become a monster €›?Œ÷","BetterRewards","Colored Powertips","Hermit","Minty Spire (QoL Compilation)","Permanent Neow","Shop Mod","Spicy Shops","StSLib","The Runesmith","Waifu the Spire","vexMod"],"gold_per_floor":[99,114,114,129,147,147,147,164,54,79,79,93,103,103,53,53,155,821,841,859,784,666,666,666],"floor_reached":23,"playtime":687,"items_purged":["Defend_B"],"score":231,"play_id":"df21734f-aaea-4dc4-9342-0b0c7939ce99","local_time":"20201218062657","is_ascension_mode":false,"campfire_choices":[{"data":"Zap","floor":7.0,"key":"SMITH"},{"data":"Redo","floor":14.0,"key":"SMITH"},{"data":"Dualcast","floor":16.0,"key":"SMITH"}],"circlet_count":0,"master_deck":["Strike_B","Strike_B","Defend_B","Defend_B","Zap+1","Dualcast+1","Conserve Battery","Redo+1","Electrodynamics","Streamline","Hyperbeam","Defragment+1","Leap","FTL","Ball Lightning"],"relics":["Cracked Core","MerchantsRug","vexMod:RockOfEvil"],"acts_visited":["Exordium","TheCity"],"potions_floor_usage":[19],"damage_taken":[{"damage":0.0,"enemies":"3 Shapes","floor":2.0,"turns":1.0},{"damage":0.0,"enemies":"Cultist","floor":4.0,"turns":3.0},{"damage":0.0,"enemies":"Jaw Worm","floor":5.0,"turns":4.0},{"damage":8.0,"enemies":"Large Slime","floor":8.0,"turns":7.0},{"damage":2.0,"enemies":"Blue Slaver","floor":12.0,"turns":3.0},{"damage":16.0,"enemies":"3 Louse","floor":13.0,"turns":3.0},{"damage":16.0,"enemies":"Slime Boss","floor":17.0,"turns":7.0},{"damage":5,"enemies":"Shell Parasite","floor":19,"turns":2},{"damage":14,"enemies":"Spheric Guardian","floor":20,"turns":4},{"damage":25,"enemies":"Snake Plant","floor":23,"turns":2}],"seed_played":"4418686153487802237","potions_obtained":[{"floor":4.0,"key":"SteroidPotion"},{"floor":5.0,"key":"LiquidBronze"},{"floor":17.0,"key":"SteroidPotion"},{"floor":20,"key":"Explosive Potion"}],"is_trial":false,"path_per_floor":["M","M","?","M","M","$","R","M","$","T","?","M","M","R","?","R","B",null,"M","M","?","$","M"],"character_chosen":"DEFECT","items_purchased":["MerchantsRug","FTL","Ball Lightning"],"campfire_rested":0,"item_purchase_floors":[9,22,22],"current_hp_per_floor":[75,75,75,75,75,75,75,67,67,67,67,65,49,49,49,49,33,38,33,19,19,19,0,0],"gold":666,"neow_bonus":"TRANSFORM_CARD","is_daily":false,"chose_seed":false,"campfire_upgraded":3,"win_rate":0.0,"timestamp":1608240417,"path_taken":["M","?","M","M","$","R","M","$","T","?","M","?","R","?","R","BOSS","M","M","?","$","M"],"items_purchased_type":["Relic","Card","Card"],"build_version":"2020-12-13","purchased_purges":1,"victory":false,"max_hp_per_floor":[75,75,75,75,75,75,75,75,75,75,75,75,75,75,75,75,75,38,38,38,38,38,38,38],"card_choices":[{"not_picked":["Gash","Heatsinks","Reprogram"],"picked":"SKIP","floor":2.0},{"not_picked":["Genetic Algorithm","Self Repair"],"picked":"Conserve Battery","floor":4.0},{"not_picked":["Heatsinks","Skim","Coolheaded"],"picked":"SKIP","floor":5.0},{"not_picked":["Reprogram","Steam"],"picked":"Redo","floor":8.0},{"not_picked":["Doom and Gloom","Coolheaded"],"picked":"Electrodynamics","floor":12.0},{"not_picked":["Doom and Gloom","Chaos"],"picked":"Streamline","floor":13.0},{"not_picked":["Multi-Cast","Machine Learning"],"picked":"Hyperbeam","floor":17.0},{"not_picked":["Rebound","Conserve Battery+1"],"picked":"Defragment+1","floor":19},{"not_picked":["Cold Snap","Lockon+1"],"picked":"Leap","floor":20}],"player_experience":183805,"relics_obtained":[{"floor":10.0,"key":"Happy Flower"},{"floor":11.0,"key":"Ancient Tea Set"}],"event_choices":[{"damage_healed":0.0,"max_hp_gain":0.0,"max_hp_loss":0.0,"gold_gain":0.0,"event_name":"Wheel of Change","player_choice":"Relic","floor":11.0,"gold_loss":0.0,"damage_taken":0.0},{"cards_removed":["Defend_B"],"damage_healed":0.0,"max_hp_gain":0.0,"max_hp_loss":0.0,"gold_gain":0.0,"event_name":"The Cleric","player_choice":"Card Removal","floor":15.0,"gold_loss":50.0,"damage_taken":0.0},{"cards_removed":["Strike_B"],"damage_healed":0,"gold_gain":0,"player_choice":"Gave Gold","damage_taken":0,"max_hp_gain":0,"max_hp_loss":0,"event_name":"Beggar","floor":21,"gold_loss":75}],"is_beta":false,"boss_relics":[{"not_picked":["Cursed Key","Runesmith:UraniumAnvil"],"picked":"vexMod:RockOfEvil"}],"items_purged_floors":[22],"is_endless":false,"potions_floor_spawned":[4,5,17,20],"killed_by":"Snake Plant","ascension_level":0}}