{"host":"svwqvw2il1zfkkg0","time":1608173981,"event":{"mods":["AchievementEnabler","BaseMod","BetterRewards","Colored Map","Colored Powertips","Custom Start","Downfall","GifTheSpireLib","Highlight Path","Hubris","Infinite Spire","Minty Spire (QoL Compilation)","Quick Restart","Replay The Spire","Shop Mod","StSLib","SuperFastMode"],"gold_per_floor":[119,119,138,151,170,170,196,17,17,17,17,47,62,88,88,186,186,204,220,234,254,254,254,286,286,331,331,343,363,363,379,379,484,484,498,512,523,536,556,556,583,645,727,742,755,755,772,789,789,789,789],"floor_reached":50,"playtime":2182,"items_purged":[],"score":622,"play_id":"8395ebfa-463d-4d2e-8c1a-84983f027eb1","local_time":"20201216185941","is_ascension_mode":false,"campfire_choices":[{"data":"Riddle With Holes","floor":6,"key":"SMITH"},{"floor":15,"key":"REST"},{"floor":23,"key":"REST"},{"data":"Adrenaline","floor":30,"key":"SMITH"},{"data":"Corpse Explosion","floor":32,"key":"SMITH"},{"floor":40,"key":"REST"},{"floor":46,"key":"REST"},{"floor":49,"key":"REST"}],"circlet_count":0,"master_deck":["Strike_G","Strike_G+1","Strike_G","Strike_G+1","Strike_G","Defend_G","Defend_G","Defend_G","Defend_G","Defend_G","Survivor","Neutralize","Dagger Throw","Poisoned Stab","Riddle With Holes+1","Endless Agony","Draining Mist","Flying Knee","Dash","All Out Attack","Deadly Poison","Corpse Explosion+1","Bane","Bane+1","Flying Knee+1","Adrenaline+1","Dagger Spray","Atom Bomb","Dagger Spray+1","Backstab","Underhanded Strike+1","Blade Dance","ReplayTheSpireMod:Splinters","Backstab+1","Bane","Bane+1"],"relics":["Ring of the Snake","Whetstone","Quantum Egg","Darkstone Periapt","Vajra","infinitespire:Satchel","hubris:GrandSneckoEye","hubris:Towel","Shuriken","MutagenicStrength","Toy Ornithopter","hubris:CrackedHourglass","PreservedInsect","ReplayTheSpireMod:Ninjato","Mirror"],"acts_visited":["Exordium","TheCity","TheBeyond"],"potions_floor_usage":[7,14,16,24,28,33,33,37,37,37,37,37,47,47,50],"damage_taken":[{"damage":3,"enemies":"Jaw Worm","floor":1,"turns":4},{"damage":0,"enemies":"Cultist","floor":3,"turns":3},{"damage":4,"enemies":"Small Slimes","floor":4,"turns":3},{"damage":6,"enemies":"Blue Slaver","floor":5,"turns":3},{"damage":0,"enemies":"Gremlin Nob","floor":7,"turns":2},{"damage":22,"enemies":"Lagavulin","floor":12,"turns":6},{"damage":5,"enemies":"Lots of Slimes","floor":13,"turns":3},{"damage":0,"enemies":"3 Sentries","floor":14,"turns":4},{"damage":23,"enemies":"Hexaghost","floor":16,"turns":7},{"damage":3,"enemies":"3 Byrds","floor":18,"turns":3},{"damage":6,"enemies":"Chosen","floor":19,"turns":3},{"damage":4,"enemies":"Snecko","floor":20,"turns":3},{"damage":9,"enemies":"Snake Plant","floor":21,"turns":3},{"damage":21,"enemies":"Slavers","floor":24,"turns":3},{"damage":0,"enemies":"3 Cultists","floor":28,"turns":2},{"damage":13,"enemies":"Centurion and Healer","floor":29,"turns":3},{"damage":0,"enemies":"Snecko","floor":31,"turns":2},{"damage":25,"enemies":"Champ","floor":33,"turns":5},{"damage":7,"enemies":"3 Shapes","floor":35,"turns":1},{"damage":7,"enemies":"3 Darklings","floor":36,"turns":2},{"damage":9,"enemies":"Transient","floor":37,"turns":5},{"damage":5,"enemies":"4 Shapes","floor":38,"turns":2},{"damage":14,"enemies":"Jaw Worm Horde","floor":39,"turns":2},{"damage":35,"enemies":"Nemesis","floor":41,"turns":3},{"damage":22,"enemies":"Maw","floor":44,"turns":5},{"damage":18,"enemies":"4 Shapes","floor":45,"turns":2},{"damage":0,"enemies":"Sphere and 2 Shapes","floor":47,"turns":1},{"damage":0,"enemies":"3 Darklings","floor":48,"turns":1},{"damage":61,"enemies":"Awakened One","floor":50,"turns":6}],"seed_played":"-6497274169340774071","potions_obtained":[{"floor":4,"key":"SteroidPotion"},{"floor":12,"key":"Elixir"},{"floor":14,"key":"infinitespire:BlackPotion"},{"floor":19,"key":"Swift Potion"},{"floor":20,"key":"Block Potion"},{"floor":28,"key":"PowerPotion"},{"floor":31,"key":"Block Potion"},{"floor":33,"key":"Fire Potion"},{"floor":35,"key":"EntropicBrew"},{"floor":36,"key":"BlessingOfTheForge"},{"floor":44,"key":"Fire Potion"},{"floor":45,"key":"Fire Potion"},{"floor":47,"key":"Venom Potion"},{"floor":48,"key":"Explosive Potion"}],"is_trial":false,"path_per_floor":["M","?","M","M","M","R","E","$","T","?","?","E","M","E","R","B",null,"M","M","M","M","?","R","E","?","T","?","M","M","R","M","R","B",null,"M","M","M","M","M","R","E","?","T","M","M","R","M","M","R","B"],"character_chosen":"THE_SILENT","items_purchased":["Draining Mist","Flying Knee","Strength Potion"],"campfire_rested":5,"item_purchase_floors":[8,8,8],"current_hp_per_floor":[67,67,67,63,57,57,57,57,57,57,57,35,30,30,51,28,70,67,61,57,48,48,69,48,48,48,70,70,57,57,57,57,42,70,63,56,68,63,49,70,35,41,41,19,1,23,33,33,55,0,0],"gold":789,"neow_bonus":"RANDOM_COMMON_RELIC","is_daily":false,"chose_seed":false,"campfire_upgraded":3,"win_rate":0.0,"timestamp":1608173981,"path_taken":["M","?","M","?","M","R","E","$","T","?","?","E","M","E","R","BOSS","M","M","M","?","?","R","E","?","T","?","M","?","R","M","R","BOSS","M","M","M","M","M","R","E","?","T","M","M","R","M","M","R","BOSS"],"items_purchased_type":["Card","Card","Potion"],"build_version":"2020-12-13","purchased_purges":0,"victory":false,"max_hp_per_floor":[70,70,70,70,70,70,70,70,70,70,70,70,70,70,70,70,70,70,70,70,70,70,70,70,70,70,70,70,70,70,70,70,70,70,70,70,70,70,70,70,70,76,76,76,76,76,76,76,76,76,76],"card_choices":[{"not_picked":["hubris:Sniper","PiercingWail"],"picked":"Dagger Throw","floor":1},{"not_picked":["Underhanded Strike","Catalyst"],"picked":"Poisoned Stab","floor":3},{"not_picked":["Cloak And Dagger","Slice","Skewer"],"picked":"SKIP","floor":4},{"not_picked":["Eviscerate","Sucker Punch"],"picked":"Riddle With Holes","floor":5},{"not_picked":["ReplayTheSpireMod:Shiv Toss","Choke"],"picked":"Endless Agony","floor":7},{"not_picked":["hubris:SlightOfHand","Eviscerate"],"picked":"Dash","floor":12},{"not_picked":["PiercingWail","Concentrate"],"picked":"All Out Attack","floor":13},{"not_picked":["Leg Sweep","Slice"],"picked":"Deadly Poison","floor":14},{"not_picked":["Night Terror","Grand Finale"],"picked":"Corpse Explosion","floor":16},{"not_picked":["Cloak And Dagger+1","Acrobatics+1","ReplayTheSpireMod:The Works+1"],"picked":"SKIP","floor":18},{"not_picked":["Dagger Spray","Dash+1"],"picked":"Bane","floor":19},{"not_picked":["Deadly Poison","Dagger Spray"],"picked":"Bane+1","floor":20},{"not_picked":["Footwork+1","Dagger Throw"],"picked":"Flying Knee+1","floor":21},{"not_picked":["hubris:SlightOfHand","Flying Knee"],"picked":"Adrenaline","floor":24},{"not_picked":["Hidden Blade+1","Acrobatics+1","Prepared"],"picked":"SKIP","floor":28},{"not_picked":["Acrobatics","ReplayTheSpireMod:Speed Training","Infinite Blades"],"picked":"SKIP","floor":29},{"not_picked":["Slice","Setup+1"],"picked":"Dagger Spray","floor":31},{"not_picked":["Corpse Explosion","ReplayTheSpireMod:From All Sides"],"picked":"Atom Bomb","floor":33},{"not_picked":["Eviscerate+1","Draining Mist+1"],"picked":"Dagger Spray+1","floor":35},{"not_picked":["Skewer+1","Acrobatics+1"],"picked":"Backstab","floor":36},{"not_picked":["Dagger Throw","Slice"],"picked":"Underhanded Strike+1","floor":37},{"not_picked":["ReplayTheSpireMod:The Works","Tools of the Trade","Blur+1"],"picked":"SKIP","floor":38},{"not_picked":["Backflip+1","Skewer"],"picked":"Blade Dance","floor":39},{"not_picked":["Dagger Throw","Quick Slash+1","Sucker Punch+1"],"picked":"SKIP","floor":41},{"not_picked":["Dagger Throw","Quick Slash+1","Sucker Punch+1"],"picked":"SKIP","floor":41},{"not_picked":["Noxious Fumes+1","Cloak And Dagger"],"picked":"Backstab+1","floor":42},{"not_picked":["A Thousand Cuts","Slice+1","Endless Agony"],"picked":"SKIP","floor":44},{"not_picked":["Outmaneuver","Finisher","Quick Slash+1"],"picked":"SKIP","floor":45},{"not_picked":["Deadly Poison+1","hubris:SlightOfHand+1"],"picked":"Bane","floor":47},{"not_picked":["ReplayTheSpireMod:Exploit Weakness","Dodge and Roll+1"],"picked":"Bane+1","floor":48}],"player_experience":388585,"relics_obtained":[{"floor":7,"key":"Quantum Egg"},{"floor":9,"key":"Darkstone Periapt"},{"floor":12,"key":"Vajra"},{"floor":14,"key":"infinitespire:Satchel"},{"floor":24,"key":"Shuriken"},{"floor":26,"key":"Toy Ornithopter"},{"floor":41,"key":"PreservedInsect"},{"floor":42,"key":"ReplayTheSpireMod:Ninjato"},{"floor":43,"key":"Mirror"}],"event_choices":[{"damage_healed":0,"gold_gain":0,"player_choice":"Ignored","damage_taken":0,"max_hp_gain":0,"max_hp_loss":0,"event_name":"Transmorgrifier","floor":2,"gold_loss":0},{"damage_healed":0,"gold_gain":0,"player_choice":"Ignored","damage_taken":0,"max_hp_gain":0,"max_hp_loss":0,"event_name":"Golden Wing","floor":10,"gold_loss":0},{"damage_healed":0,"gold_gain":0,"player_choice":"Ignored","damage_taken":0,"max_hp_gain":0,"max_hp_loss":0,"event_name":"Purifier","floor":11,"gold_loss":0},{"damage_healed":0,"gold_gain":0,"player_choice":"Inject Mutagens","damage_taken":0,"relics_obtained":["MutagenicStrength"],"max_hp_gain":0,"max_hp_loss":0,"event_name":"Drug Dealer","floor":25,"gold_loss":0},{"damage_healed":23,"gold_gain":0,"player_choice":"Heal","damage_taken":0,"max_hp_gain":0,"max_hp_loss":0,"event_name":"The Library","floor":27,"gold_loss":0}],"is_beta":false,"boss_relics":[{"not_picked":["hubris:BlackHole","hubris:VirtuousBlindfold"],"picked":"hubris:GrandSneckoEye"},{"not_picked":["hubris:ScarierMask","Replay:Drink Me"],"picked":"hubris:CrackedHourglass"}],"items_purged_floors":[],"is_endless":false,"potions_floor_spawned":[4,12,14,19,20,28,31,33,35,36,44,45,47,48],"killed_by":"Awakened One","ascension_level":0}}