{"host":"h792lphzw6wlba86","time":1608218048,"event":{"mods":["AchievementEnabler","Aspiration","BaseMod","Better Altar","Better Match","Better Note","Better Sensory Stone","Better Skull","Better Third Choice","BetterRewards","CCEM","Colored Map","Conspire","Downfall","GifTheSpireLib","Googly Eyes","Halation","Highlight Path","Hubris","Hunter ??","Jedi Mod","Mimic Mod","Minty Spire (QoL Compilation)","Permanent Neow","Replay The Spire","Shop Mod","Spicy Shops","StSLib","Stuff the Spire","The Jungle","Unceasing Turn Reminder","everything is the same but u backflip on backflip","slay the spire mod where everything is the same but ironclad has a cowboy hat"],"gold_per_floor":[99,109,34,63,76,107,140,156,190,115,126,151,167,184,199,295,295,295,295,295],"floor_reached":19,"playtime":1330,"items_purged":[],"score":188,"play_id":"19536c26-43fa-4adf-a21e-4976ceb39d26","local_time":"20201217091408","is_ascension_mode":true,"campfire_choices":[{"floor":1,"key":"RECALL"},{"data":"Slimebound:Grow","floor":3,"key":"SMITH"},{"data":"Slimebound:LeechEnergy","floor":10,"key":"SMITH"},{"data":"Slimebound:LeechEnergy","floor":18,"key":"SMITH"}],"circlet_count":0,"master_deck":["Slimebound:Strike_Slimebound","Slimebound:Strike_Slimebound","Slimebound:Tackle","Slimebound:Defend_Slimebound","Slimebound:Defend_Slimebound","Slimebound:Defend_Slimebound","Slimebound:Defend_Slimebound","Slimebound:Split","Slimebound:CorrosiveSpit","Slimebound:Grow+1","Slimebound:SplitMire","Slimebound:SlimeSpikes","Slimebound:DisruptingSlam","Slimebound:RainOfGoop","Slimebound:LivingWall","Slimebound:LeechEnergy+1","Slimebound:LeechEnergy","Slimebound:Gluttony","Slimebound:Prepare","Slimebound:SplitMire","Slimebound:AcidTongue","Slimebound:LeechEnergy+1","Slimebound:OneTwoCombo"],"relics":["Slimebound:AbsorbEndCombat","downfall:HeartBlessingRed","ReplayFunnel","Blue Doll","Oddly Smooth Stone","hubris:OldNail","downfall:HeartBlessingGreen","Prayer Wheel","StuffTheSpire:RunicHypercube"],"acts_visited":["Exordium","TheCity"],"potions_floor_usage":[16,16,19],"damage_taken":[{"damage":6,"enemies":"Jaw Worm","floor":2,"turns":5},{"damage":22,"enemies":"Lagavulin","floor":4,"turns":7},{"damage":8,"enemies":"conspire:RoseBush","floor":5,"turns":3},{"damage":12,"enemies":"conspire:MimicChest","floor":6,"turns":5},{"damage":10,"enemies":"Cultist","floor":7,"turns":5},{"damage":8,"enemies":"Cultist","floor":8,"turns":4},{"damage":36,"enemies":"3 Sentries","floor":9,"turns":8},{"damage":9,"enemies":"2 Fungi Beasts","floor":11,"turns":3},{"damage":10,"enemies":"Blue Slaver","floor":13,"turns":4},{"damage":13,"enemies":"2 Fungi Beasts","floor":14,"turns":3},{"damage":25,"enemies":"Large Slime","floor":15,"turns":5},{"damage":27,"enemies":"downfall:Defect","floor":16,"turns":6},{"damage":8,"enemies":"Book of Stabbing","floor":19,"turns":3}],"seed_played":"-765361349717751755","potions_obtained":[{"floor":9,"key":"DuplicationPotion"},{"floor":11,"key":"SteroidPotion"},{"floor":14,"key":"champ:CounterPotion"},{"floor":15,"key":"Adrenaline Potion"},{"floor":16,"key":"Flashbang"}],"is_trial":false,"path_per_floor":["R","M","R","E","M","?","MIM","M","E","R","M","?","M","M","M","B",null,"R","E"],"character_chosen":"SLIMEBOUND","items_purchased":[],"campfire_rested":0,"item_purchase_floors":[],"current_hp_per_floor":[60,60,60,58,60,60,59,60,56,56,60,36,46,53,55,60,60,60,52,52],"gold":295,"neow_bonus":"TRANSFORM_CARD","is_daily":false,"chose_seed":false,"campfire_upgraded":3,"win_rate":0.0,"timestamp":1608218048,"path_taken":["R","M","R","E","M","?","MIM","M","E","R","M","?","M","?","M","BOSS","R","E"],"items_purchased_type":[],"build_version":"2020-12-13","purchased_purges":0,"victory":false,"max_hp_per_floor":[60,60,60,60,60,60,60,60,60,60,60,60,60,60,60,60,60,60,60,60],"card_choices":[{"not_picked":["Slimebound:FinishingTackle","Slimebound:DisruptingSlam"],"picked":"Slimebound:SplitMire","floor":2},{"not_picked":["Slimebound:Equalize","Slimebound:Overexert"],"picked":"Slimebound:SlimeSpikes","floor":4},{"not_picked":["Slimebound:Schlurp","Slimebound:HauntingLick"],"picked":"Slimebound:DisruptingSlam","floor":5},{"not_picked":["Slimebound:SlimeBrawl","Slimebound:SamplingLick"],"picked":"Slimebound:RainOfGoop","floor":6},{"not_picked":["Slimebound:Prepare","Slimebound:SlimeTap"],"picked":"Slimebound:LivingWall","floor":7},{"not_picked":["Slimebound:RollThrough","Slimebound:GrowthPunch"],"picked":"Slimebound:LeechEnergy","floor":8},{"not_picked":["Slimebound:FormOfPuddle","Slimebound:Equalize"],"picked":"Slimebound:LeechEnergy","floor":9},{"not_picked":["Slimebound:Schlurp","Slimebound:PressTheAttack","Slimebound:FirmFortitude"],"picked":"SKIP","floor":11},{"not_picked":["Slimebound:LeechingTouch","Slimebound:DivideAndConquer"],"picked":"Slimebound:Gluttony","floor":12},{"not_picked":["Slimebound:HauntingLick","Slimebound:PressTheAttack"],"picked":"Slimebound:Prepare","floor":13},{"not_picked":["Slimebound:SplitLeeching","Slimebound:RallyTheTroops","Slimebound:SlimeBarrage"],"picked":"SKIP","floor":13},{"not_picked":["Slimebound:Nibble","Slimebound:ProtectTheBoss"],"picked":"Slimebound:SplitMire","floor":14},{"not_picked":["Slimebound:Nibble","Slimebound:SplitAcid","Slimebound:HauntingLick"],"picked":"SKIP","floor":14},{"not_picked":["Slimebound:GoopSpray","Slimebound:SamplingLick"],"picked":"Slimebound:AcidTongue","floor":15},{"not_picked":["Slimebound:Equalize","Slimebound:Chomp"],"picked":"Slimebound:LeechEnergy","floor":15},{"not_picked":["Slimebound:LeechLife","Slimebound:RallyTheTroops"],"picked":"Slimebound:OneTwoCombo","floor":16}],"player_experience":626100,"relics_obtained":[{"floor":4,"key":"ReplayFunnel"},{"floor":6,"key":"Blue Doll"},{"floor":7,"key":"Oddly Smooth Stone"},{"floor":9,"key":"hubris:OldNail"},{"floor":12,"key":"Prayer Wheel"}],"event_choices":[],"is_beta":false,"boss_relics":[{"not_picked":["hubris:RunicObelisk","Snecko Eye"],"picked":"StuffTheSpire:RunicHypercube"}],"items_purged_floors":[],"is_endless":false,"potions_floor_spawned":[9,11,14,15,16],"killed_by":"Book of Stabbing","ascension_level":1}}