{"host":"flm17o2q7bfjyna6","time":1608242670,"event":{"mods":["2.2 Compatiblity","Act Like it!","BaseMod","Better Altar","Better Match","Better Note","Better Sensory Stone","Better Skull","Better Third Choice","Better Vampires","Colored Map","Colored Powertips","DeckTracker","Hermit","Minty Spire (QoL Compilation)","Quick Restart","Replay The Spire","Reworked Bosses","Spicy Shops","StSLib","Wandering Minibosses"],"gold_per_floor":[117,317,329,345,310,310,336,336,336,336,336,361,381,381,381,381,381],"floor_reached":16,"playtime":715,"items_purged":[],"score":189,"play_id":"8041f1fd-7203-467c-aae8-9de0da726ffe","local_time":"20201217170430","is_ascension_mode":true,"campfire_choices":[{"data":"Blood for Blood","floor":6,"key":"SMITH"},{"data":"Bash","floor":8,"key":"SMITH"},{"floor":11,"key":"REST"},{"floor":15,"key":"REST"}],"circlet_count":0,"master_deck":["AscendersBane","Strike_R","Strike_R","Strike_R","Strike_R+1","Defend_R+1","Defend_R","Defend_R","Defend_R","Bash+1","Intimidate","Cleave","Blood for Blood+1","Battle Trance","Heavy Blade","Shrug It Off"],"relics":["Burning Blood","Letter Opener","Sundial","Girya","ReplayTheSpireMod:Lightbulb"],"acts_visited":["Exordium"],"potions_floor_usage":[],"damage_taken":[{"damage":1,"enemies":"Cultist","floor":1,"turns":3},{"damage":8,"enemies":"Small Slimes","floor":3,"turns":3},{"damage":7,"enemies":"Jaw Worm","floor":4,"turns":3},{"damage":42,"enemies":"Gremlin Nob","floor":7,"turns":5},{"damage":13,"enemies":"Replay:BlueRogue","floor":12,"turns":6},{"damage":8,"enemies":"2 Fungi Beasts","floor":13,"turns":3},{"damage":26,"enemies":"The Guardian","floor":16,"turns":12}],"seed_played":"1762355380469901651","potions_obtained":[{"floor":1,"key":"Energy Potion"}],"is_trial":false,"path_per_floor":["M","?","M","M","?","R","E","R","T","?","R","E","M","?","R","B"],"character_chosen":"IRONCLAD","items_purchased":[],"campfire_rested":2,"item_purchase_floors":[],"current_hp_per_floor":[73,43,41,40,58,58,22,22,22,22,44,37,35,3,25,0,0],"gold":381,"neow_bonus":"UPGRADE_CARD","is_daily":false,"chose_seed":false,"campfire_upgraded":2,"win_rate":0.0,"timestamp":1608242670,"path_taken":["M","?","M","M","?","R","E","R","T","?","R","E","M","?","R","BOSS"],"items_purchased_type":[],"build_version":"2020-12-13","purchased_purges":0,"victory":false,"max_hp_per_floor":[75,75,75,75,75,75,75,75,75,75,75,75,75,75,75,75,75],"card_choices":[{"not_picked":["Warcry","Clash"],"picked":"Intimidate","floor":1},{"not_picked":["Burning Pact","Perfected Strike"],"picked":"Cleave","floor":2},{"not_picked":["Flex","Cleave"],"picked":"Blood for Blood","floor":3},{"not_picked":["Run Through","Havoc","Sword Boomerang"],"picked":"SKIP","floor":4},{"not_picked":["Sword Boomerang","Flex"],"picked":"Battle Trance","floor":7},{"not_picked":["Juggernaut","Seeing Red"],"picked":"Heavy Blade","floor":12},{"not_picked":["Warcry","Sword Boomerang"],"picked":"Shrug It Off","floor":13}],"player_experience":1588723,"relics_obtained":[{"floor":7,"key":"Letter Opener"},{"floor":9,"key":"Sundial"},{"floor":12,"key":"Girya"}],"event_choices":[{"damage_healed":18,"gold_gain":0,"player_choice":"Healed","damage_taken":0,"max_hp_gain":0,"max_hp_loss":0,"event_name":"The Cleric","floor":5,"gold_loss":35},{"damage_healed":0,"gold_gain":0,"player_choice":"RE UP ","damage_taken":36,"relics_obtained":["ReplayTheSpireMod:Lightbulb"],"max_hp_gain":0,"max_hp_loss":0,"event_name":"betterSkull:BetterSkull","floor":14,"gold_loss":0,"cards_upgraded":["Defend_R"]}],"is_beta":false,"boss_relics":[],"items_purged_floors":[],"is_endless":false,"potions_floor_spawned":[1],"killed_by":"The Guardian","ascension_level":15}}