{"host":"mvlqq966zh3ccmv5","time":1608232915,"event":{"mods":["AchievementEnabler","BaseMod","DeckTracker","Minty Spire (QoL Compilation)","SuperFastMode"],"gold_per_floor":[116,133,152,171,171,171,212,212,235,235,251,271,286,6,6,127,127,141,157,177,177,202,202,202],"floor_reached":23,"playtime":745,"items_purged":["Defend_G"],"score":296,"play_id":"1f89872f-4612-4255-8c47-395639a65d43","local_time":"20201218042155","is_ascension_mode":true,"campfire_choices":[{"data":"Reflex","floor":6,"key":"SMITH"},{"data":"Tactician","floor":10,"key":"SMITH"},{"data":"Acrobatics","floor":15,"key":"SMITH"}],"circlet_count":0,"master_deck":["AscendersBane","Survivor","Neutralize+1","Reflex+1","Tactician+1","Crippling Poison","Underhanded Strike","Grand Finale","Acrobatics+1","Calculated Gamble","Well Laid Plans","After Image","Choke","Prepared","Concentrate","Footwork","Outmaneuver","Endless Agony","Sucker Punch","A Thousand Cuts","Backflip","Acrobatics"],"relics":["Ring of the Snake","Golden Idol","Whetstone","Smiling Mask","ClockworkSouvenir","Pandora\u0027s Box"],"acts_visited":["Exordium","TheCity"],"potions_floor_usage":[7,16,20],"damage_taken":[{"damage":1,"enemies":"Small Slimes","floor":1,"turns":7},{"damage":2,"enemies":"Cultist","floor":2,"turns":6},{"damage":15,"enemies":"Jaw Worm","floor":3,"turns":6},{"damage":13,"enemies":"Blue Slaver","floor":4,"turns":5},{"damage":55,"enemies":"Gremlin Nob","floor":7,"turns":7},{"damage":3,"enemies":"Looter","floor":11,"turns":5},{"damage":1,"enemies":"Large Slime","floor":12,"turns":6},{"damage":6,"enemies":"Red Slaver","floor":13,"turns":3},{"damage":56,"enemies":"The Guardian","floor":16,"turns":12},{"damage":8,"enemies":"Spheric Guardian","floor":18,"turns":3},{"damage":4,"enemies":"3 Byrds","floor":19,"turns":4},{"damage":25,"enemies":"Snake Plant","floor":20,"turns":4},{"damage":14,"enemies":"3 Cultists","floor":22,"turns":4},{"damage":0,"enemies":"Slavers","floor":23,"turns":1}],"seed_played":"8749774951876918097","potions_obtained":[{"floor":3,"key":"FairyPotion"},{"floor":4,"key":"PowerPotion"},{"floor":11,"key":"Block Potion"},{"floor":16,"key":"Dexterity Potion"},{"floor":18,"key":"CunningPotion"},{"floor":22,"key":"Block Potion"}],"is_trial":false,"path_per_floor":["M","M","M","M","?","R","E","?","T","R","M","M","M","$","R","B",null,"M","M","M","?","M","E"],"character_chosen":"THE_SILENT","items_purchased":["Well Laid Plans","ClockworkSouvenir"],"campfire_rested":0,"item_purchase_floors":[14,14],"current_hp_per_floor":[69,67,52,39,39,39,6,71,71,71,68,67,61,61,61,5,55,47,43,18,18,4,4,4],"gold":202,"neow_bonus":"TEN_PERCENT_HP_BONUS","is_daily":false,"chose_seed":false,"campfire_upgraded":3,"win_rate":0.0,"timestamp":1608232915,"path_taken":["M","M","M","M","?","R","E","?","T","R","M","M","M","$","R","BOSS","M","?","M","?","M","E"],"items_purchased_type":["Card","Relic"],"build_version":"2020-12-13","purchased_purges":1,"victory":false,"max_hp_per_floor":[77,77,77,77,71,71,71,71,71,71,71,71,71,71,71,71,71,71,71,71,71,71,71,71],"card_choices":[{"not_picked":["Blade Dance","All Out Attack"],"picked":"Reflex","floor":1},{"not_picked":["Backflip","Dodge and Roll"],"picked":"Tactician","floor":2},{"not_picked":["Burst","Dagger Spray"],"picked":"Crippling Poison","floor":3},{"not_picked":["Footwork","Bane","Dagger Spray"],"picked":"SKIP","floor":4},{"not_picked":["Bane","Flying Knee"],"picked":"Underhanded Strike","floor":7},{"not_picked":["Infinite Blades","Outmaneuver"],"picked":"Grand Finale","floor":11},{"not_picked":["Prepared","PiercingWail"],"picked":"Acrobatics","floor":12},{"not_picked":["Deadly Poison","Dodge and Roll"],"picked":"Calculated Gamble","floor":13},{"not_picked":["Doppelganger","Venomology"],"picked":"After Image","floor":16},{"not_picked":["Masterful Stab","Dodge and Roll+1","Deflect+1"],"picked":"SKIP","floor":18},{"not_picked":["Heel Hook+1","Bane","Distraction+1"],"picked":"SKIP","floor":19},{"not_picked":["Slice","Blade Dance"],"picked":"Backflip","floor":20},{"not_picked":["Eviscerate","Poisoned Stab"],"picked":"Acrobatics","floor":22}],"player_experience":213346,"relics_obtained":[{"floor":7,"key":"Whetstone"},{"floor":9,"key":"Smiling Mask"}],"event_choices":[{"damage_healed":0,"gold_gain":0,"player_choice":"Lose Max HP","damage_taken":0,"relics_obtained":["Golden Idol"],"max_hp_gain":0,"max_hp_loss":6,"event_name":"Golden Idol","floor":5,"gold_loss":0},{"damage_healed":65,"gold_gain":0,"player_choice":"Full Heal","damage_taken":0,"max_hp_gain":0,"max_hp_loss":0,"event_name":"Wheel of Change","floor":8,"gold_loss":0},{"cards_removed":["A Thousand Cuts"],"damage_healed":0,"gold_gain":0,"player_choice":"Elegance","damage_taken":0,"max_hp_gain":0,"max_hp_loss":0,"event_name":"Back to Basics","floor":21,"gold_loss":0}],"is_beta":false,"boss_relics":[{"not_picked":["WristBlade","Coffee Dripper"],"picked":"Pandora\u0027s Box"}],"items_purged_floors":[14],"is_endless":false,"potions_floor_spawned":[3,4,11,16,18,22],"killed_by":"Slavers","ascension_level":10}}