{"host":"5nj7t8259370g0gl","time":1608206640,"event":{"mods":["AchievementEnabler","BaseMod","Bestiary","Colored Map","Colored Powertips","Displayed Cursed Tome","Downfall","Minty Spire (QoL Compilation)","Permanent Neow","Relic Sorter","Shop Mod","StSLib"],"gold_per_floor":[112,499352,499352,499369,499369,499404,498562,498595,498620,498658,498658,498687,498709,498246,498246,498354,498381,498391,498391,497816,497816,497842,497870,497281,497307,497307,497341,496622,496648,496681,496709,496709,496821,496821,496831,496840,496890,492946,492978,493006,493034,493069,493069,493103,493138,493172,489180,488839,488839,488839],"floor_reached":51,"playtime":6626,"items_purged":["champ:Duel","champ:FocusedGladiator","champ:Circumvent","champ:ArenaPreparation+1","champ:RisingSlash","Panache","champ:FlashCut+1","champ:EnchantCrown+1"],"score":1698,"play_id":"555bd696-d578-451a-81dd-ba45254e2a50","local_time":"20201217230400","daily_mods":["SealedDeck","Flight","DeadlyEvents"],"is_ascension_mode":true,"campfire_choices":[{"data":"champ:Balance","floor":11,"key":"SMITH"},{"data":"champ:StanceDance","floor":15,"key":"SMITH"},{"data":"champ:SteelEdge","floor":32,"key":"SMITH"},{"data":"expansioncontent:StudyTheSpire","floor":49,"key":"SMITH"}],"circlet_count":0,"master_deck":["champ:StanceDance+1","champ:BringItOn","champ:PreciseThrust+1","champ:Circumvent","champ:Balance+1","champ:Riposte+1","champ:BladeFlurry","champ:IronFortress+1","champ:SteelEdge+1","champ:FlashCut+1","champ:RapidStrikes+1","champ:ShieldThrow+1","expansioncontent:StudyTheSpire+1","Apotheosis+1","champ:DancingMaster+1"],"relics":["champ:ChampionCrown","champ:BerserkersGuideToSlaughter","Peace Pipe","MealTicket","Bronze Scales","Shovel","Matryoshka","Bag of Preparation","champ:DefensiveTrainingManual","CeramicFish","Orichalcum","Ornamental Fan","Pantograph","Strawberry","Astrolabe","Omamori","Toy Ornithopter","TheAbacus","Bottled Tornado","Kunai","Strange Spoon","Anchor","Art of War","Bag of Marbles","Smiling Mask","Blood Vial","Pen Nib","Regal Pillow","Lee\u0027s Waffle","Bottled Lightning","The Courier","Vajra","TungstenRod","Black Star","champ:DeflectingBracers","Eternal Feather","Letter Opener","Mercury Hourglass","Nunchaku","Akabeko","hexamod:BolsterEngine","Dream Catcher","Incense Burner","Ancient Tea Set","War Paint","Darkstone Periapt","StrikeDummy","Oddly Smooth Stone","Unceasing Top","Happy Flower","sneckomod:BlankCard","Shuriken","champ:FightingForDummies","Whetstone","Boot","champ:DuelingGlove","PreservedInsect","Mummified Hand","Meat on the Bone","Centennial Puzzle","Pocketwatch","Bottled Flame","Gambling Chip","Guardian:PocketSentry","Lantern","Molten Egg 2","Gremlin Horn","Question Card","champ:GladiatorsBookOfMartialProwess","Toxic Egg 2","Blue Candle","Frozen Egg 2","Ginger","Torii","champ:SpectersHand","Singing Bowl","Sundial","HornCleat","Pear","champ:Barbells","Bird Faced Urn","Turnip","champ:SignatureFinisher","Du-Vu Doll","InkBottle","Calipers","Thread and Needle","FossilizedHelix","Mango","CaptainsWheel","Guardian:GemstoneGun","Membership Card","Ice Cream"],"acts_visited":["Exordium","TheCity","TheBeyond"],"potions_floor_usage":[8,12,12,18,48],"damage_taken":[{"damage":0,"enemies":"Jaw Worm","floor":1,"turns":2},{"damage":2,"enemies":"Cultist","floor":4,"turns":3},{"damage":2,"enemies":"Lagavulin","floor":6,"turns":5},{"damage":12,"enemies":"3 Sentries","floor":8,"turns":6},{"damage":0,"enemies":"Lagavulin","floor":10,"turns":6},{"damage":9,"enemies":"Gremlin Nob","floor":12,"turns":5},{"damage":1,"enemies":"2 Louse","floor":13,"turns":2},{"damage":13,"enemies":"Slime Boss","floor":16,"turns":4},{"damage":0,"enemies":"3 Byrds","floor":18,"turns":4},{"damage":0,"enemies":"Slavers","floor":22,"turns":3},{"damage":9,"enemies":"Book of Stabbing","floor":23,"turns":5},{"damage":5,"enemies":"Slavers","floor":25,"turns":4},{"damage":0,"enemies":"Gremlin Leader","floor":27,"turns":3},{"damage":0,"enemies":"Slavers","floor":29,"turns":3},{"damage":0,"enemies":"Gremlin Leader","floor":30,"turns":4},{"damage":0,"enemies":"Book of Stabbing","floor":31,"turns":3},{"damage":26,"enemies":"Collector","floor":33,"turns":10},{"damage":0,"enemies":"3 Darklings","floor":35,"turns":2},{"damage":9,"enemies":"2 Orb Walkers","floor":37,"turns":3},{"damage":0,"enemies":"Nemesis","floor":39,"turns":1},{"damage":0,"enemies":"Reptomancer","floor":40,"turns":2},{"damage":0,"enemies":"Giant Head","floor":41,"turns":1},{"damage":0,"enemies":"Reptomancer","floor":42,"turns":1},{"damage":0,"enemies":"Nemesis","floor":44,"turns":1},{"damage":0,"enemies":"Reptomancer","floor":45,"turns":2},{"damage":0,"enemies":"Nemesis","floor":46,"turns":3},{"damage":0,"enemies":"Donu and Deca","floor":50,"turns":3}],"seed_played":"-4371871073720184255","potions_obtained":[{"floor":5,"key":"Regen Potion"},{"floor":5,"key":"EssenceOfSteel"},{"floor":5,"key":"hexamod:EctoCoolerPotion"},{"floor":8,"key":"BlessingOfTheForge"},{"floor":13,"key":"champ:OpenerPotion"},{"floor":16,"key":"Dexterity Potion"},{"floor":18,"key":"SneckoOil"}],"is_trial":true,"path_per_floor":["M","$","?","M","?","E","$","E","T","E","R","E","M","$","R","B",null,"M","?","$","?","E","E","$","E","T","E","$","E","E","E","R","B",null,"M","?","?","$","E","E","E","E","T","E","E","E","$","$","R","B",null],"character_chosen":"THE_CHAMP","items_purchased":["champ:BerserkersGuideToSlaughter","Peace Pipe","MealTicket","champ:Balance","Shovel","Matryoshka","Panache","Pantograph","Strawberry","champ:IronFortress","Omamori","Toy Ornithopter","TheAbacus","Strange Spoon","Anchor","Art of War","Regal Pillow","Lee\u0027s Waffle","Bottled Lightning","champ:EnchantCrown","Eternal Feather","Letter Opener","Mercury Hourglass","Nunchaku","Akabeko","hexamod:BolsterEngine","Dream Catcher","Incense Burner","Ancient Tea Set","War Paint","Darkstone Periapt","StrikeDummy","Oddly Smooth Stone","Unceasing Top","Happy Flower","sneckomod:BlankCard","Shuriken","champ:FightingForDummies","Whetstone","Boot","champ:DuelingGlove","PreservedInsect","Mummified Hand","Meat on the Bone","champ:SpectersHand","Singing Bowl","Sundial","HornCleat","Pear","champ:Barbells","Bird Faced Urn","Turnip","champ:SignatureFinisher","Apotheosis+1","Du-Vu Doll","InkBottle","Calipers","Thread and Needle","FossilizedHelix","Mango","CaptainsWheel","champ:DancingMaster+1","Guardian:GemstoneGun","Membership Card","Ice Cream","Fruit Juice"],"campfire_rested":0,"item_purchase_floors":[2,2,2,2,7,7,7,14,14,14,20,20,20,24,24,24,28,28,28,28,38,38,38,38,38,38,38,38,38,38,38,38,38,38,38,38,38,38,38,38,38,38,38,38,47,47,47,47,47,47,47,47,47,47,47,47,47,47,47,47,47,47,47,48,48,48],"current_hp_per_floor":[90,90,90,88,88,86,90,78,78,78,78,74,73,95,95,84,97,97,78,93,93,98,94,102,97,97,99,109,109,109,109,109,83,109,109,109,100,109,109,109,109,109,109,109,109,109,133,138,138,138],"gold":488839,"neow_bonus":"","is_daily":false,"chose_seed":false,"campfire_upgraded":4,"win_rate":0.0,"timestamp":1608206640,"path_taken":["M","$","?","?","?","E","$","?","T","E","R","E","?","$","R","BOSS","M","?","$","?","?","E","$","E","T","E","$","E","?","?","R","BOSS","M","?","?","?","?","E","E","E","T","E","E","E","$","$","R","BOSS"],"items_purchased_type":["Relic","Relic","Relic","Card","Relic","Relic","Card","Relic","Relic","Card","Relic","Relic","Relic","Relic","Relic","Relic","Relic","Relic","Relic","Card","Relic","Relic","Relic","Relic","Relic","Relic","Relic","Relic","Relic","Relic","Relic","Relic","Relic","Relic","Relic","Relic","Relic","Relic","Relic","Relic","Relic","Relic","Relic","Relic","Relic","Relic","Relic","Relic","Relic","Relic","Relic","Relic","Relic","Card","Relic","Relic","Relic","Relic","Relic","Relic","Relic","Card","Relic","Relic","Relic","Potion"],"build_version":"2020-12-13","purchased_purges":8,"victory":true,"max_hp_per_floor":[90,90,90,90,90,90,90,90,90,90,90,90,90,97,97,97,97,97,102,102,102,102,102,102,102,102,102,109,109,109,109,109,109,109,109,109,109,109,109,109,109,109,109,109,109,109,133,138,138,138],"card_choices":[{"not_picked":["champ:FocusedGladiator","champ:Circumvent"],"picked":"champ:StanceDance","floor":1},{"not_picked":["champ:CrookedStrike","champ:BerserkersShout","champ:RapidStrikes"],"picked":"SKIP","floor":4},{"not_picked":["champ:ShieldWall","champ:StanceDance"],"picked":"champ:Riposte","floor":6},{"not_picked":["champ:Haymaker","champ:Aggression","champ:RisingSlash"],"picked":"SKIP","floor":8},{"not_picked":["champ:ShieldWall","champ:RageSigil"],"picked":"champ:Circumvent","floor":10},{"not_picked":["champ:Backstep","champ:EnGarde","champ:Haymaker"],"picked":"SKIP","floor":12},{"not_picked":["champ:CalledShot","champ:DeathBlow"],"picked":"champ:BladeFlurry","floor":13},{"not_picked":["champ:HeavySlash","champ:EnchantShield"],"picked":"champ:SteelEdge","floor":16},{"not_picked":["champ:BringItOn+1","champ:BladeFlurry","champ:Circumvent+1"],"picked":"SKIP","floor":18},{"not_picked":["champ:EnGarde","champ:CalledShot","champ:ShieldWall"],"picked":"SKIP","floor":22},{"not_picked":["champ:Balance","champ:ArenaPreparation","champ:EndlessRage"],"picked":"SKIP","floor":23},{"not_picked":["champ:Duel+1","champ:FocusedBerserking+1","champ:DefensiveShout"],"picked":"SKIP","floor":25},{"not_picked":["champ:Circumvent","champ:GladiatorStyle+1","champ:BerserkerStyle+1"],"picked":"SKIP","floor":27},{"not_picked":["champ:HeartStrike","champ:DefensiveStyle+1","champ:RageSigil+1"],"picked":"SKIP","floor":29},{"not_picked":["champ:Shatter","champ:PerfectedStrike","champ:StanceDance+1"],"picked":"SKIP","floor":30},{"not_picked":["champ:FocusedBerserking","champ:PerfectedStrike+1","champ:SwordSigil"],"picked":"SKIP","floor":31},{"not_picked":["champ:EnchantShield","champ:MurderStrike"],"picked":"champ:ShieldThrow","floor":33},{"not_picked":["champ:DefensiveShout+1","champ:PerfectedStrike","champ:Haymaker"],"picked":"SKIP","floor":35},{"not_picked":["expansioncontent:SuperHexaguard","The Bomb"],"picked":"expansioncontent:StudyTheSpire","floor":36},{"not_picked":["champ:TornadoPunch","champ:BladeFlurry","champ:RageSigil"],"picked":"SKIP","floor":39},{"not_picked":["champ:VampiricStrike","champ:FocusedBerserking","champ:RecklessLeap"],"picked":"SKIP","floor":40},{"not_picked":["champ:RecklessLeap","champ:SwordSigil","champ:Balance+1"],"picked":"SKIP","floor":41},{"not_picked":["champ:BringItOn+1","champ:ShieldSigil+1","champ:AdrenalArmor+1"],"picked":"SKIP","floor":42},{"not_picked":["champ:Control+1","champ:BladeFlurry+1","champ:Shatter+1","champ:AdrenalArmor+1"],"picked":"SKIP","floor":44},{"not_picked":["champ:RapidStrikes+1","champ:IgnorePain+1","champ:FightOn","champ:CrookedStrike+1"],"picked":"SKIP","floor":45},{"not_picked":["champ:EndlessRage+1","champ:Control+1","champ:TornadoPunch+1","champ:BerserkersShout+1"],"picked":"SKIP","floor":46}],"player_experience":801482,"relics_obtained":[{"floor":6,"key":"Bronze Scales"},{"floor":8,"key":"Bag of Preparation"},{"floor":9,"key":"champ:DefensiveTrainingManual"},{"floor":9,"key":"CeramicFish"},{"floor":10,"key":"Orichalcum"},{"floor":12,"key":"Ornamental Fan"},{"floor":22,"key":"Bottled Tornado"},{"floor":23,"key":"Kunai"},{"floor":25,"key":"Bag of Marbles"},{"floor":26,"key":"Smiling Mask"},{"floor":26,"key":"Blood Vial"},{"floor":27,"key":"Pen Nib"},{"floor":29,"key":"The Courier"},{"floor":30,"key":"Vajra"},{"floor":31,"key":"TungstenRod"},{"floor":37,"key":"champ:DeflectingBracers"},{"floor":39,"key":"Centennial Puzzle"},{"floor":39,"key":"Pocketwatch"},{"floor":40,"key":"Bottled Flame"},{"floor":40,"key":"Gambling Chip"},{"floor":41,"key":"Guardian:PocketSentry"},{"floor":41,"key":"Lantern"},{"floor":42,"key":"Molten Egg 2"},{"floor":42,"key":"Gremlin Horn"},{"floor":43,"key":"Question Card"},{"floor":44,"key":"champ:GladiatorsBookOfMartialProwess"},{"floor":44,"key":"Toxic Egg 2"},{"floor":45,"key":"Blue Candle"},{"floor":45,"key":"Frozen Egg 2"},{"floor":46,"key":"Ginger"},{"floor":46,"key":"Torii"}],"event_choices":[{"damage_healed":0,"gold_gain":0,"player_choice":"Forge","damage_taken":0,"max_hp_gain":0,"max_hp_loss":0,"event_name":"Accursed Blacksmith","floor":3,"gold_loss":0,"cards_upgraded":["champ:FlashCut"]},{"damage_healed":0,"gold_gain":0,"player_choice":"Got Potions","damage_taken":0,"max_hp_gain":0,"max_hp_loss":0,"event_name":"Lab","floor":5,"gold_loss":0},{"damage_healed":0,"gold_gain":0,"player_choice":"Shed Blood","damage_taken":24,"max_hp_gain":5,"max_hp_loss":0,"event_name":"Forgotten Altar","floor":19,"gold_loss":0},{"damage_healed":0,"gold_gain":0,"player_choice":"Bought 0 Potions","damage_taken":0,"max_hp_gain":0,"max_hp_loss":0,"event_name":"The Woman in Blue","floor":21,"gold_loss":0},{"damage_healed":0,"gold_gain":0,"player_choice":"Memory 1","damage_taken":0,"max_hp_gain":0,"max_hp_loss":0,"event_name":"SensoryStone","floor":36,"gold_loss":0},{"damage_healed":0,"gold_gain":0,"player_choice":"Fight","damage_taken":0,"max_hp_gain":0,"max_hp_loss":0,"event_name":"Mysterious Sphere","floor":37,"gold_loss":0}],"is_beta":false,"boss_relics":[{"not_picked":["Snecko Eye","Calling Bell"],"picked":"Astrolabe"},{"not_picked":["Velvet Choker","SlaversCollar"],"picked":"Black Star"}],"items_purged_floors":[2,7,20,24,28,38,47,48],"is_endless":false,"potions_floor_spawned":[8,13,16,18,22,31,35,40,41,42,44,46],"ascension_level":1}}