{"host":"63rwe7p34ct1i0qu","time":1608213396,"event":{"mods":["BaseMod","DeckTracker","Minty Spire (QoL Compilation)","Permanent Neow","Quick Restart","StSLib"],"gold_per_floor":[211,224,224,224,237,264,264,21,21,21,39,39,50,68,68,166,166,186,186,111,124,134,168,188,403,452,18,18,34,46,57,57,153,153,170,45,45,57,74,74,88,122,122,136,136,136,136,181,181,181],"floor_reached":51,"playtime":2677,"items_purged":["Strike_B","Strike_B","Defend_B"],"score":1056,"play_id":"052421ab-5a0b-4cec-98a3-72aec70789ba","local_time":"20201217225636","is_ascension_mode":true,"campfire_choices":[{"floor":7,"key":"REST"},{"floor":10,"key":"REST"},{"data":"Zap","floor":12,"key":"SMITH"},{"floor":15,"key":"REST"},{"floor":28,"key":"REST"},{"floor":32,"key":"REST"},{"data":"Buffer","floor":40,"key":"SMITH"},{"data":"Seek","floor":46,"key":"SMITH"},{"floor":49,"key":"REST"}],"circlet_count":0,"master_deck":["Defend_B","Defend_B","Defend_B","Dualcast","White Noise","Meteor Strike","Chill","Undo","Static Discharge","Seek+1","Echo Form","Double Energy","Heatsinks+1","Self Repair","All For One","Coolheaded","Chaos+1","Hologram","Rainbow","Buffer+1","Tempest+1","Finesse","Finesse","Finesse","Seek"],"relics":["Cracked Core","White Beast Statue","Sundial","Kunai","Snecko Eye","Nloth\u0027s Gift","Bag of Marbles","Old Coin","PreservedInsect","Unceasing Top","Empty Cage","Question Card","Singing Bowl","Ice Cream"],"acts_visited":["Exordium","TheCity","TheBeyond"],"potions_floor_usage":[13,14,14,16,22,23,23,30,33,33,39,41,41,44,48,48,48,50],"damage_taken":[{"damage":3,"enemies":"2 Louse","floor":1,"turns":3},{"damage":4,"enemies":"Small Slimes","floor":2,"turns":3},{"damage":1,"enemies":"Cultist","floor":5,"turns":4},{"damage":59,"enemies":"Lagavulin","floor":6,"turns":9},{"damage":0,"enemies":"Large Slime","floor":11,"turns":7},{"damage":0,"enemies":"Lots of Slimes","floor":13,"turns":3},{"damage":15,"enemies":"Gremlin Gang","floor":14,"turns":3},{"damage":40,"enemies":"The Guardian","floor":16,"turns":12},{"damage":0,"enemies":"Spheric Guardian","floor":18,"turns":3},{"damage":7,"enemies":"Chosen","floor":21,"turns":3},{"damage":0,"enemies":"Snecko","floor":22,"turns":4},{"damage":20,"enemies":"Book of Stabbing","floor":23,"turns":5},{"damage":19,"enemies":"Snake Plant","floor":24,"turns":3},{"damage":9,"enemies":"Centurion and Healer","floor":29,"turns":3},{"damage":7,"enemies":"Cultist and Chosen","floor":30,"turns":4},{"damage":0,"enemies":"Snecko","floor":31,"turns":3},{"damage":0,"enemies":"Collector","floor":33,"turns":5},{"damage":2,"enemies":"Orb Walker","floor":35,"turns":4},{"damage":9,"enemies":"3 Shapes","floor":38,"turns":5},{"damage":7,"enemies":"Maw","floor":39,"turns":7},{"damage":0,"enemies":"Sphere and 2 Shapes","floor":41,"turns":7},{"damage":11,"enemies":"Reptomancer","floor":42,"turns":5},{"damage":10,"enemies":"Spire Growth","floor":44,"turns":5},{"damage":36,"enemies":"2 Orb Walkers","floor":48,"turns":4},{"damage":45,"enemies":"Donu and Deca","floor":50,"turns":9}],"seed_played":"-1491560170420099197","potions_obtained":[{"floor":5,"key":"EssenceOfSteel"},{"floor":6,"key":"AttackPotion"},{"floor":11,"key":"Fire Potion"},{"floor":13,"key":"ColorlessPotion"},{"floor":14,"key":"SkillPotion"},{"floor":16,"key":"Block Potion"},{"floor":18,"key":"Ancient Potion"},{"floor":22,"key":"DistilledChaos"},{"floor":23,"key":"Ancient Potion"},{"floor":24,"key":"Ancient Potion"},{"floor":29,"key":"EssenceOfDarkness"},{"floor":30,"key":"Fire Potion"},{"floor":33,"key":"Dexterity Potion"},{"floor":35,"key":"SneckoOil"},{"floor":39,"key":"Dexterity Potion"},{"floor":41,"key":"FocusPotion"},{"floor":42,"key":"Ancient Potion"},{"floor":44,"key":"PotionOfCapacity"},{"floor":48,"key":"Strength Potion"}],"is_trial":false,"path_per_floor":["M","M","?","?","M","E","R","$","T","R","M","R","M","M","R","B",null,"M","?","$","M","M","E","M","?","T","$","R","M","M","M","R","B",null,"M","$","?","M","M","R","M","E","T","M","?","R","$","?","R","B",null],"character_chosen":"DEFECT","items_purchased":["Sundial","Coolheaded","Unceasing Top"],"campfire_rested":6,"item_purchase_floors":[8,27,27],"current_hp_per_floor":[65,61,66,66,65,6,30,30,30,54,54,54,54,39,63,23,66,66,66,66,59,59,46,34,34,34,34,58,56,56,63,80,80,80,80,80,70,68,68,68,75,71,71,70,70,70,70,36,61,23],"gold":181,"neow_bonus":"HUNDRED_GOLD","is_daily":false,"chose_seed":false,"campfire_upgraded":3,"win_rate":0.0,"timestamp":1608213396,"path_taken":["M","M","?","?","M","E","R","$","T","R","?","R","M","M","R","BOSS","M","?","$","?","?","E","M","?","T","$","R","M","M","M","R","BOSS","M","$","?","M","M","R","M","E","T","M","?","R","$","?","R","BOSS"],"items_purchased_type":["Relic","Card","Relic"],"build_version":"2020-12-13","purchased_purges":3,"victory":true,"max_hp_per_floor":[75,75,80,80,80,80,80,80,80,80,80,80,80,80,80,80,80,80,80,80,80,80,80,80,80,80,80,80,80,80,80,80,80,80,80,80,80,80,80,80,80,80,80,82,82,82,82,84,84,84],"card_choices":[{"not_picked":["Sweeping Beam","Barrage","Beam Cell"],"picked":"SKIP","floor":1},{"not_picked":["Rebound","Cold Snap"],"picked":"White Noise","floor":2},{"not_picked":["Force Field","Auto Shields"],"picked":"Meteor Strike","floor":5},{"not_picked":["Leap","Go for the Eyes"],"picked":"Chill","floor":6},{"not_picked":["FTL","Rebound"],"picked":"Undo","floor":11},{"not_picked":["Auto Shields","Conserve Battery"],"picked":"Static Discharge","floor":13},{"not_picked":["Barrage","Beam Cell"],"picked":"Seek","floor":14},{"not_picked":["Machine Learning","Multi-Cast"],"picked":"Echo Form","floor":16},{"not_picked":["Compile Driver","FTL"],"picked":"Double Energy","floor":18},{"not_picked":["Rip and Tear","Ball Lightning"],"picked":"Heatsinks+1","floor":21},{"not_picked":["White Noise","Gash"],"picked":"Self Repair","floor":22},{"not_picked":["Thunder Strike","Melter"],"picked":"All For One","floor":23},{"not_picked":["Heatsinks+1","Go for the Eyes","Ball Lightning+1"],"picked":"SKIP","floor":24},{"not_picked":["Undo","Sunder"],"picked":"Chaos+1","floor":29},{"not_picked":["Leap+1","White Noise"],"picked":"Hologram","floor":30},{"not_picked":["Seek","Conserve Battery"],"picked":"Rainbow","floor":31},{"not_picked":["Biased Cognition","Amplify"],"picked":"Buffer","floor":33},{"not_picked":["Auto Shields","Ball Lightning+1"],"picked":"Tempest+1","floor":35},{"not_picked":["Panacea","Discovery"],"picked":"Finesse","floor":37},{"not_picked":["Blind","Panacea"],"picked":"Finesse","floor":37},{"not_picked":["PanicButton","Madness"],"picked":"Finesse","floor":37},{"not_picked":["Turbo+1","Steam+1"],"picked":"Seek","floor":38},{"not_picked":["Steam Power","Redo","Defragment+1"],"picked":"SKIP","floor":39},{"not_picked":["Stack+1","Genetic Algorithm","Lockon+1"],"picked":"SKIP","floor":41},{"not_picked":["Hello World+1","Coolheaded+1","Static Discharge"],"picked":"SKIP","floor":42},{"not_picked":["Redo+1","Loop+1","Ball Lightning","Coolheaded"],"picked":"Singing Bowl","floor":44},{"not_picked":["Hyperbeam","Tempest+1","Rebound","Darkness+1"],"picked":"Singing Bowl","floor":48}],"player_experience":784673,"relics_obtained":[{"floor":4,"key":"White Beast Statue"},{"floor":6,"key":"Akabeko"},{"floor":9,"key":"Kunai"},{"floor":23,"key":"Bag of Marbles"},{"floor":26,"key":"PreservedInsect"},{"floor":42,"key":"Question Card"},{"floor":43,"key":"Singing Bowl"},{"floor":48,"key":"Ice Cream"}],"event_choices":[{"damage_healed":0,"gold_gain":0,"player_choice":"Donut","damage_taken":0,"max_hp_gain":5,"max_hp_loss":0,"event_name":"Big Fish","floor":3,"gold_loss":0},{"damage_healed":0,"gold_gain":0,"player_choice":"Relic","damage_taken":0,"max_hp_gain":0,"max_hp_loss":0,"event_name":"Wheel of Change","floor":4,"gold_loss":0},{"damage_healed":0,"gold_gain":0,"player_choice":"Traded Relic","damage_taken":0,"relics_obtained":["Nloth\u0027s Gift"],"max_hp_gain":0,"max_hp_loss":0,"event_name":"N\u0027loth","floor":19,"relics_lost":["Akabeko"],"gold_loss":0},{"damage_healed":0,"gold_gain":0,"player_choice":"Obtained Relic","damage_taken":0,"relics_obtained":["Old Coin"],"max_hp_gain":0,"max_hp_loss":0,"event_name":"Addict","floor":25,"gold_loss":85},{"damage_healed":0,"gold_gain":0,"player_choice":"Memory 3","damage_taken":10,"max_hp_gain":0,"max_hp_loss":0,"event_name":"SensoryStone","floor":37,"gold_loss":0},{"cards_removed":["Zap"],"damage_healed":0,"gold_gain":0,"player_choice":"Removed Skill","damage_taken":0,"max_hp_gain":0,"max_hp_loss":0,"event_name":"Falling","floor":45,"gold_loss":0},{"damage_healed":0,"gold_gain":0,"player_choice":"Fight","damage_taken":0,"max_hp_gain":0,"max_hp_loss":0,"event_name":"Mysterious Sphere","floor":48,"gold_loss":0}],"is_beta":false,"boss_relics":[{"not_picked":["Sozu","Pandora\u0027s Box"],"picked":"Snecko Eye"},{"not_picked":["Runic Dome","SlaversCollar"],"picked":"Empty Cage"}],"items_purged_floors":[20,27,36],"is_endless":false,"potions_floor_spawned":[5,6,11,13,14,16,18,21,22,23,24,29,30,31,33,35,38,39,41,42,44,48],"ascension_level":8}}