{"host":"nox","time":1608184091,"event":{"mods":["BaseMod","Colored Powertips","Minty Spire (QoL Compilation)","Quick Restart","Replay The Spire","StSLib"],"gold_per_floor":[115,115,115,115,129,161,161,194,194,210,210,225,239,254,254,254,254],"floor_reached":16,"playtime":401,"items_purged":[],"score":164,"play_id":"1db9c105-2953-41a1-a2b8-1dd8fcde7931","local_time":"20201217124811","is_ascension_mode":true,"campfire_choices":[{"data":"Dualcast","floor":7.0,"key":"SMITH"},{"data":"Zap","floor":15,"key":"SMITH"}],"circlet_count":0,"master_deck":["Strike_B","Strike_B","Strike_B","Strike_B","Defend_B","Defend_B","Defend_B","Defend_B","Zap+1","Dualcast+1","Ball Lightning","ReplayTheSpireMod:Calculation Training","White Noise","Rip and Tear"],"relics":["Cracked Core","NeowsBlessing","Onion Ring","Replay:Rubber Ducky","Replay:Bottled Flurry","Strawberry"],"acts_visited":["Exordium"],"potions_floor_usage":[14],"damage_taken":[{"damage":0.0,"enemies":"2 Louse","floor":1.0,"turns":1.0},{"damage":0.0,"enemies":"Jaw Worm","floor":5.0,"turns":1.0},{"damage":0.0,"enemies":"3 Sentries","floor":6.0,"turns":1.0},{"damage":22.0,"enemies":"Gremlin Nob","floor":8.0,"turns":4.0},{"damage":2.0,"enemies":"Small Slimes","floor":10.0,"turns":2.0},{"damage":3,"enemies":"Blue Slaver","floor":12,"turns":2},{"damage":0,"enemies":"2 Fungi Beasts","floor":13,"turns":2},{"damage":6,"enemies":"3 Louse","floor":14,"turns":2},{"damage":50,"enemies":"The Guardian","floor":16,"turns":6}],"seed_played":"-7237688461742586880","potions_obtained":[{"floor":5.0,"key":"Toxic Potion"},{"floor":8.0,"key":"Energy Potion"},{"floor":12,"key":"SteroidPotion"}],"is_trial":false,"path_per_floor":["M","?","?","T","M","E","R","E","T","M","?","M","M","M","R","B"],"character_chosen":"DEFECT","items_purchased":[],"campfire_rested":0,"item_purchase_floors":[],"current_hp_per_floor":[75,75,75,75,75,75,75,60,60,58,58,55,55,49,49,0,0],"gold":254,"neow_bonus":"THREE_ENEMY_KILL","is_daily":false,"chose_seed":false,"campfire_upgraded":2,"win_rate":0.0,"timestamp":1608184091,"path_taken":["M","?","?","?","?","E","R","E","T","M","?","M","M","M","R","BOSS"],"items_purchased_type":[],"build_version":"2020-11-17","purchased_purges":0,"victory":false,"max_hp_per_floor":[75,75,75,75,75,75,75,82,82,82,82,82,82,82,82,82,82],"card_choices":[{"not_picked":["Conserve Battery","Coolheaded","FTL"],"picked":"SKIP","floor":1.0},{"not_picked":["Hologram","Steam","Beam Cell"],"picked":"SKIP","floor":5.0},{"not_picked":["Mirror Shield","Compile Driver","Barrage"],"picked":"SKIP","floor":6.0},{"not_picked":["Panic Button","Streamline"],"picked":"Ball Lightning","floor":8.0},{"not_picked":["Reprogram","Static Discharge","Compile Driver"],"picked":"SKIP","floor":10.0},{"not_picked":["Turbo","Sweeping Beam"],"picked":"ReplayTheSpireMod:Calculation Training","floor":12},{"not_picked":["Beam Cell","Redo"],"picked":"White Noise","floor":13},{"not_picked":["Compile Driver","Turbo"],"picked":"Rip and Tear","floor":14}],"player_experience":157432,"relics_obtained":[{"floor":4.0,"key":"Replay:Rubber Ducky"},{"floor":6.0,"key":"Replay:Bottled Flurry"},{"floor":8.0,"key":"Strawberry"}],"event_choices":[{"damage_healed":0.0,"max_hp_gain":0.0,"max_hp_loss":0.0,"gold_gain":0.0,"event_name":"Big Fish","player_choice":"Box","floor":2.0,"gold_loss":0.0,"damage_taken":0.0,"relics_obtained":["Onion Ring"],"cards_obtained":["Regret"]},{"cards_removed":["Regret"],"damage_healed":0.0,"max_hp_gain":0.0,"max_hp_loss":0.0,"gold_gain":0.0,"event_name":"Living Wall","player_choice":"Forget","floor":3.0,"gold_loss":0.0,"damage_taken":0.0}],"is_beta":true,"boss_relics":[],"items_purged_floors":[],"is_endless":false,"potions_floor_spawned":[5,8,12],"killed_by":"The Guardian","ascension_level":4}}