{"host":"jgyoyy5iuhtvyvtg","time":1608174938,"event":{"mods":["2.2 Compatiblity","BaseMod","Challenge The Spire","Colored Map","Conspire","Downfall","Hermit","Highlight Path","Infinite Spire","Lobotomy","LobotomyExtend","Minty Spire (QoL Compilation)","Quick Restart","Replay The Spire","Spikes Relics","StSLib","The Construct","The Disciple","The Jungle","Yuri Mod"],"gold_per_floor":[99,118,118,218,316,7,7,26,58,58,76,96,96,148,159,258,308,308,308,308,324,352,362,388,388,388,388,53,66,77,77,89,89,89],"floor_reached":33,"playtime":1471,"items_purged":["champ:Strike","champ:Strike"],"score":315,"play_id":"c1bbb645-0858-4131-814c-643404e3b300","local_time":"20201216191538","is_ascension_mode":false,"campfire_choices":[{"data":"champ:Taunt","floor":1,"key":"SMITH"},{"data":"champ:BerserkerStyle","floor":3,"key":"SMITH"},{"data":"champ:ShieldWall","floor":10,"key":"SMITH"},{"data":"champ:FocusedBerserking","floor":18,"key":"SMITH"},{"data":"champ:EnchantSword","floor":20,"key":"SMITH"},{"data":"champ:Encircle","floor":27,"key":"SMITH"}],"circlet_count":0,"master_deck":["champ:Strike","champ:Strike","champ:Defend","champ:Defend","champ:Defend+1","champ:Defend","champ:Execute","champ:Taunt+1","champ:BerserkerStyle+1","champ:AdrenalArmor+1","champ:ShieldWall+1","champ:FocusedBerserking+1","champ:Shatter","champ:HeartStrike","champ:EnchantSword+1","champ:Encircle+1","champ:RageSigil","champ:FalseCounter+1","champ:RageSigil","champ:BerserkerStyle","champ:FanOfKnives+1","champ:RisingSlash+1","champ:AdrenalArmor","champ:RecklessLeap"],"relics":["champ:ChampionCrown","Replay:Rubber Ducky","LetterFromLob","CloakClasp","SpikesRelics:DaevaFist","champ:BerserkersGuideToSlaughter","ReplayFunnel","infinitespire:Beetle Shell","Kunai","Blue Doll","Tiny House","Bag of Marbles","Pen Nib","Replay:Kaleidoscope","Replay:Baseball","Ninja Scroll"],"acts_visited":["Exordium","Exordium"],"potions_floor_usage":[9],"damage_taken":[{"damage":5,"enemies":"2 Louse","floor":2,"turns":3},{"damage":69,"enemies":"2 Louse","floor":4,"turns":12},{"damage":16,"enemies":"downfall:FleeingMerchant","floor":6,"turns":4},{"damage":6,"enemies":"Small Slimes","floor":8,"turns":5},{"damage":14,"enemies":"3 Sentries","floor":9,"turns":6},{"damage":6,"enemies":"Jaw Worm","floor":11,"turns":4},{"damage":15,"enemies":"Lots of Slimes","floor":12,"turns":5},{"damage":22,"enemies":"Exordium Thugs","floor":15,"turns":5},{"damage":57,"enemies":"downfall:Silent","floor":16,"turns":8},{"damage":17,"enemies":"Shell Parasite","floor":21,"turns":4},{"damage":44,"enemies":"Nightmare","floor":22,"turns":7},{"damage":33,"enemies":"theJungle:5_Spyders","floor":23,"turns":6},{"damage":21,"enemies":"downfall:FleeingMerchant","floor":28,"turns":4},{"damage":25,"enemies":"Snake Plant","floor":29,"turns":4},{"damage":28,"enemies":"theJungle:Lyon","floor":30,"turns":3},{"damage":76,"enemies":"JungleHuntersEvent","floor":31,"turns":5},{"damage":40,"enemies":"theJungle:JungleHuntersEncounter","floor":32,"turns":4},{"damage":97,"enemies":"downfall:Ironclad","floor":33,"turns":4}],"seed_played":"-8031520896830609806","potions_obtained":[{"floor":4,"key":"Reflective Coating"},{"floor":8,"key":"champ:CounterPotion"},{"floor":11,"key":"Elixir"},{"floor":15,"key":"Ancient Potion"},{"floor":17,"key":"Fire Potion"},{"floor":21,"key":"PowerPotion"},{"floor":29,"key":"DistilledChaos"}],"is_trial":false,"path_per_floor":["R","M","R","?","?","$","T","M","E","R","M","M","$","T","M","B",null,"R","?","R","M","NM","M","T","AVR","?","R","$","M","M","?","M","B"],"character_chosen":"THE_CHAMP","items_purchased":["champ:BerserkersGuideToSlaughter","ReplayFunnel","champ:BerserkerStyle","champ:FanOfKnives+1","Replay:Baseball"],"campfire_rested":0,"item_purchase_floors":[6,6,28,28,28],"current_hp_per_floor":[90,90,90,55,19,19,19,29,39,39,49,55,55,55,58,59,95,95,95,95,95,95,95,95,95,95,95,95,95,95,84,94,0,0],"gold":89,"neow_bonus":"RANDOM_COMMON_RELIC","is_daily":false,"chose_seed":false,"campfire_upgraded":6,"win_rate":0.0,"timestamp":1608174938,"path_taken":["R","M","R","?","?","$","T","M","E","R","M","?","$","?","M","BOSS","R","?","R","?","NM","M","T","AVR","?","R","$","M","M","?","M","BOSS"],"items_purchased_type":["Relic","Relic","Card","Card","Relic"],"build_version":"2020-12-13","purchased_purges":2,"victory":false,"max_hp_per_floor":[90,90,90,90,90,90,90,90,90,90,90,90,90,90,90,90,95,95,95,95,95,95,95,95,95,95,95,95,95,95,95,95,95,95],"card_choices":[{"not_picked":["champ:StanceDance","champ:RageSigil"],"picked":"champ:BerserkerStyle","floor":2},{"not_picked":["champ:Balance","champ:DeathBlow"],"picked":"champ:AdrenalArmor","floor":5},{"not_picked":["champ:BringItOn","champ:StrikeOfGenius"],"picked":"champ:ShieldWall","floor":6},{"not_picked":["champ:Haymaker","champ:EnGarde","champ:SwordSigil"],"picked":"SKIP","floor":8},{"not_picked":["champ:DancingMaster","champ:RapidStrikes"],"picked":"champ:FocusedBerserking","floor":9},{"not_picked":["champ:DefensiveStyle","champ:CrookedStrike"],"picked":"champ:Shatter","floor":11},{"not_picked":["champ:Backstep","champ:BladeFlurry"],"picked":"champ:HeartStrike","floor":12},{"not_picked":["champ:ShieldSigil","champ:GladiatorsShout","champ:Circumvent"],"picked":"SKIP","floor":15},{"not_picked":["champ:Improvising","champ:HoldFirm"],"picked":"champ:EnchantSword","floor":16},{"not_picked":["champ:BringItOn","champ:ViciousMockery"],"picked":"champ:Encircle","floor":17},{"not_picked":["champ:DefensiveShout","champ:CrookedStrike+1","champ:ViciousMockery"],"picked":"SKIP","floor":21},{"not_picked":["champ:TornadoPunch","champ:Balance"],"picked":"champ:RageSigil","floor":22},{"not_picked":["champ:Riposte","champ:CrownThrow"],"picked":"champ:FalseCounter+1","floor":23},{"not_picked":["champ:DefensiveStyle","champ:BringItOn"],"picked":"champ:RageSigil","floor":28},{"not_picked":["champ:FlashCut","champ:Circumvent+1"],"picked":"champ:RisingSlash+1","floor":29},{"not_picked":["champ:CrookedStrike","champ:Haymaker"],"picked":"champ:AdrenalArmor","floor":30},{"not_picked":["champ:FlashCut","champ:PerfectedStrike+1"],"picked":"champ:RecklessLeap","floor":32}],"player_experience":3126406,"relics_obtained":[{"floor":2,"key":"LetterFromLob"},{"floor":4,"key":"CloakClasp"},{"floor":5,"key":"SpikesRelics:DaevaFist"},{"floor":7,"key":"infinitespire:Beetle Shell"},{"floor":9,"key":"Kunai"},{"floor":14,"key":"Blue Doll"},{"floor":22,"key":"Bag of Marbles"},{"floor":24,"key":"Pen Nib"},{"floor":31,"key":"Ninja Scroll"}],"event_choices":[{"damage_healed":0,"gold_gain":0,"player_choice":"Forge","damage_taken":0,"max_hp_gain":0,"max_hp_loss":0,"event_name":"Accursed Blacksmith","floor":19,"gold_loss":0,"cards_upgraded":["champ:AdrenalArmor"]}],"is_beta":false,"boss_relics":[{"not_picked":["Fusion Hammer","Ectoplasm"],"picked":"Tiny House"}],"items_purged_floors":[25,28],"is_endless":false,"potions_floor_spawned":[4,8,11,15,21,29,30,31,32],"killed_by":"downfall:Ironclad","ascension_level":0}}