{"host":"phzz6vgtixj4nwio","time":1608185570,"event":{"mods":["BaseMod","GifTheSpireLib","Minty Spire (QoL Compilation)","StSLib","The Animator"],"gold_per_floor":[124,124,151,226,226,226,226,5,5,5,5,23,23,23,23],"floor_reached":14,"playtime":867,"items_purged":[],"score":76,"play_id":"b25a8d67-9dd0-4084-b9a4-aa2e9920f745","local_time":"20201217061250","is_ascension_mode":false,"campfire_choices":[{"floor":6,"key":"RECALL"},{"floor":10,"key":"REST"}],"circlet_count":0,"master_deck":["animator:Strike_Fate","animator:Defend_Fate","animator:Strike","animator:Strike","animator:Defend","animator:Defend","animator:Defend","animator:Alexander+1","animator:Rider","animator:Demiurge","animator:Chung","animator:Caster","animator:Lancer+1","animator:Rider"],"relics":["animator:LivingPicture","animator:TheMissingPiece","Torii","Whetstone"],"acts_visited":["Exordium"],"potions_floor_usage":[],"damage_taken":[{"damage":6,"enemies":"Jaw Worm","floor":1,"turns":4},{"damage":0,"enemies":"2 Louse","floor":3,"turns":3},{"damage":0,"enemies":"Cultist","floor":12,"turns":4},{"damage":88,"enemies":"Gremlin Nob","floor":14,"turns":6}],"seed_played":"-623532018727997682","potions_obtained":[{"floor":1,"key":"SteroidPotion"}],"is_trial":false,"path_per_floor":["M","?","M","?","?","R","?","$","T","R","$","M","?","E"],"character_chosen":"THE_ANIMATOR","items_purchased":["animator:Lancer","Whetstone"],"campfire_rested":1,"item_purchase_floors":[8,8],"current_hp_per_floor":[60,60,60,49,46,46,46,46,46,65,65,65,65,0,0],"gold":23,"neow_bonus":"THREE_CARDS","is_daily":false,"chose_seed":false,"campfire_upgraded":0,"win_rate":0.0,"timestamp":1608185570,"path_taken":["M","?","M","?","?","R","?","$","T","R","$","?","?","E"],"items_purchased_type":["Card","Relic"],"build_version":"2020-12-13","purchased_purges":0,"victory":false,"max_hp_per_floor":[66,66,66,66,66,66,66,66,66,66,66,66,66,66,66],"card_choices":[{"not_picked":["animator:KyokoSakura","animator:Cocytus"],"picked":"animator:Demiurge","floor":0},{"not_picked":["animator:TsurugaMeisai","animator:SilverFang"],"picked":"animator:Chung","floor":1},{"not_picked":["animator:Elsword","animator:PandorasActor"],"picked":"animator:Caster","floor":3},{"not_picked":["animator:Demiurge","animator:Ciel"],"picked":"animator:Rider","floor":12}],"player_experience":550725,"relics_obtained":[],"event_choices":[{"damage_healed":0,"gold_gain":0,"player_choice":"Ignored","damage_taken":0,"max_hp_gain":0,"max_hp_loss":0,"event_name":"Liars Game","floor":2,"gold_loss":0},{"damage_healed":0,"gold_gain":75,"player_choice":"Gather Gold","damage_taken":11,"max_hp_gain":0,"max_hp_loss":0,"event_name":"World of Goop","floor":4,"gold_loss":0},{"damage_healed":0,"gold_gain":0,"player_choice":"Success","damage_taken":3,"relics_obtained":["Torii"],"max_hp_gain":0,"max_hp_loss":0,"event_name":"Scrap Ooze","floor":5,"gold_loss":0},{"cards_removed":["animator:Strike"],"damage_healed":0,"gold_gain":0,"player_choice":"Card Removal","damage_taken":0,"max_hp_gain":0,"max_hp_loss":0,"event_name":"Wheel of Change","floor":7,"gold_loss":0},{"damage_healed":0,"gold_gain":0,"player_choice":"Searched \u00270\u0027 times","damage_taken":0,"max_hp_gain":0,"max_hp_loss":0,"event_name":"Dead Adventurer","floor":13,"gold_loss":0}],"is_beta":false,"boss_relics":[],"items_purged_floors":[],"is_endless":false,"potions_floor_spawned":[1],"killed_by":"Gremlin Nob","ascension_level":0}}