{"host":"10b2ljh1rg6srmxa","time":1608239348,"event":{"mods":["AchievementEnabler","BaseMod","Colored Powertips","Infinite Spire","Minty Spire (QoL Compilation)","Replay The Spire","StSLib"],"gold_per_floor":[114,114,129,129,129,129,168,168,195,236,236,236,236,251,251,251,251],"floor_reached":16,"playtime":1525,"items_purged":[],"score":106,"play_id":"dfc87c16-6623-42da-bf0d-6fa6cd8929f8","local_time":"20201217220908","is_ascension_mode":false,"campfire_choices":[{"floor":6,"key":"RECALL"},{"floor":8,"key":"REST"},{"floor":15,"key":"REST"}],"circlet_count":0,"master_deck":["Strike_P","Strike_P","Strike_P","Defend_P","Defend_P","Defend_P","Defend_P","Eruption","Vigilance+1","SashWhip","InnerPeace+1","Injury","Replay:Hum","Pot Of Greed","Pot Of Greed","BowlingBash","JustLucky"],"relics":["PureWater","Golden Idol","Divine Protection","Grinning Jar","Damaru"],"acts_visited":["Exordium"],"potions_floor_usage":[7],"damage_taken":[{"damage":0,"enemies":"Small Slimes","floor":1,"turns":4},{"damage":4,"enemies":"2 Louse","floor":3,"turns":3},{"damage":43,"enemies":"Replay:BlueRogue","floor":7,"turns":24},{"damage":54,"enemies":"Gremlin Nob","floor":10,"turns":6},{"damage":0,"enemies":"Cultist","floor":14,"turns":2},{"damage":52,"enemies":"Slime Boss","floor":16,"turns":10}],"seed_played":"-7620984243433478648","potions_obtained":[{"floor":3,"key":"BottledMiracle"},{"floor":10,"key":"Strength Potion"}],"is_trial":false,"path_per_floor":["M","?","M","?","?","R","E","R","T","E","?","T","?","M","R","B"],"character_chosen":"WATCHER","items_purchased":[],"campfire_rested":2,"item_purchase_floors":[],"current_hp_per_floor":[79,79,75,75,75,75,32,55,55,1,1,1,27,27,50,0,0],"gold":251,"neow_bonus":"TEN_PERCENT_HP_BONUS","is_daily":false,"chose_seed":false,"campfire_upgraded":0,"win_rate":0.0,"timestamp":1608239348,"path_taken":["M","?","M","?","?","R","E","R","T","E","?","?","?","?","R","BOSS"],"items_purchased_type":[],"build_version":"2020-12-13","purchased_purges":0,"victory":false,"max_hp_per_floor":[79,79,79,79,79,79,79,79,79,79,79,79,79,79,79,79,79],"card_choices":[{"not_picked":["FlurryOfBlows","FlyingSleeves"],"picked":"SashWhip","floor":1},{"not_picked":["Prostrate","Conclude","Fasting2"],"picked":"SKIP","floor":3},{"not_picked":["Replay:ManipulateFuture","WheelKick"],"picked":"Replay:Hum","floor":7},{"not_picked":["WheelKick","ClearTheMind"],"picked":"BowlingBash","floor":10},{"not_picked":["SashWhip","Study"],"picked":"JustLucky","floor":14}],"player_experience":235728,"relics_obtained":[{"floor":7,"key":"Divine Protection"},{"floor":9,"key":"Grinning Jar"},{"floor":10,"key":"Damaru"}],"event_choices":[{"damage_healed":0,"gold_gain":0,"player_choice":"Grow","damage_taken":0,"max_hp_gain":0,"max_hp_loss":0,"event_name":"Living Wall","floor":4,"gold_loss":0,"cards_upgraded":["Vigilance"]},{"damage_healed":0,"gold_gain":0,"player_choice":"Take Wound","damage_taken":0,"relics_obtained":["Golden Idol"],"max_hp_gain":0,"max_hp_loss":0,"event_name":"Golden Idol","floor":5,"gold_loss":0,"cards_obtained":["Injury"]},{"damage_healed":26,"gold_gain":0,"player_choice":"Banana","damage_taken":0,"max_hp_gain":0,"max_hp_loss":0,"event_name":"Big Fish","floor":13,"gold_loss":0}],"is_beta":false,"boss_relics":[],"items_purged_floors":[],"is_endless":false,"potions_floor_spawned":[3,10],"killed_by":"Slime Boss","ascension_level":0}}