{"host":"1c52r9kaxdyo25eq","time":1608228596,"event":{"mods":["AchievementEnabler","BaseMod","Minty Spire (QoL Compilation)","Rare Cards Sparkle","SuperFastMode","everything is the same but u backflip on backflip"],"gold_per_floor":[109,129,129,141,154,154,154,154,154,173,185,110,110,121,121,121,121],"floor_reached":16,"playtime":295,"items_purged":["Strike_R"],"score":118,"play_id":"b31c1a79-5906-45a5-b5dc-961f5b12d8b4","local_time":"20201218030956","is_ascension_mode":true,"campfire_choices":[{"data":"Twin Strike","floor":6,"key":"SMITH"},{"data":"Evolve","floor":8,"key":"SMITH"},{"data":"Bash","floor":13,"key":"SMITH"},{"floor":15,"key":"REST"}],"circlet_count":0,"master_deck":["Strike_R","Strike_R","Strike_R","Defend_R","Defend_R","Defend_R","Bash+1","Evolve+1","Dropkick+1","Twin Strike+1","Dual Wield"],"relics":["Burning Blood","Gremlin Horn"],"acts_visited":["Exordium"],"potions_floor_usage":[16,16],"damage_taken":[{"damage":4.0,"enemies":"2 Louse","floor":1.0,"turns":4.0},{"damage":6,"enemies":"Cultist","floor":2,"turns":3},{"damage":10,"enemies":"Small Slimes","floor":4,"turns":4},{"damage":10,"enemies":"2 Fungi Beasts","floor":5,"turns":4},{"damage":11,"enemies":"Looter","floor":10,"turns":2},{"damage":39,"enemies":"Lots of Slimes","floor":11,"turns":4},{"damage":8,"enemies":"Blue Slaver","floor":14,"turns":2},{"damage":49,"enemies":"Hexaghost","floor":16,"turns":7}],"seed_played":"8413059015131001971","potions_obtained":[{"floor":5,"key":"HeartOfIron"},{"floor":11,"key":"SkillPotion"},{"floor":14,"key":"SteroidPotion"}],"is_trial":false,"path_per_floor":["M","M","?","M","M","R","?","R","T","M","M","$","R","M","R","B"],"character_chosen":"IRONCLAD","items_purchased":[],"campfire_rested":1,"item_purchase_floors":[],"current_hp_per_floor":[80,80,73,69,65,65,65,65,65,60,27,27,27,25,49,0,0],"gold":121,"neow_bonus":"TRANSFORM_CARD","is_daily":false,"chose_seed":false,"campfire_upgraded":3,"win_rate":0.0,"timestamp":1608228596,"path_taken":["M","M","?","M","M","R","?","R","T","?","M","?","R","M","R","BOSS"],"items_purchased_type":[],"build_version":"2020-12-13","purchased_purges":1,"victory":false,"max_hp_per_floor":[80,80,80,80,80,80,80,80,80,80,80,80,80,80,80,80,80],"card_choices":[{"not_picked":["Armaments","Clothesline","Anger"],"picked":"SKIP","floor":1.0},{"not_picked":["Evolve","Havoc","Perfected Strike"],"picked":"SKIP","floor":2},{"not_picked":["Metallicize","Clash"],"picked":"Dropkick","floor":4},{"not_picked":["Twin Strike","Seeing Red","Wild Strike"],"picked":"SKIP","floor":5},{"not_picked":["Seeing Red","Wild Strike"],"picked":"Twin Strike","floor":5},{"not_picked":["Burning Pact","Armaments"],"picked":"Dual Wield","floor":10},{"not_picked":["Shockwave","Feel No Pain","Blood for Blood"],"picked":"SKIP","floor":11},{"not_picked":["Limit Break","Pummel","Armaments"],"picked":"SKIP","floor":14}],"player_experience":494299,"relics_obtained":[{"floor":9,"key":"Gremlin Horn"}],"event_choices":[{"cards_removed":["Strike_R"],"damage_healed":0,"gold_gain":0,"player_choice":"Card Removal","damage_taken":7,"max_hp_gain":0,"max_hp_loss":0,"event_name":"Golden Wing","floor":3,"gold_loss":0},{"damage_healed":0,"gold_gain":0,"player_choice":"Upgraded","damage_taken":0,"max_hp_gain":0,"max_hp_loss":0,"event_name":"Upgrade Shrine","floor":7,"gold_loss":0,"cards_upgraded":["Dropkick"]}],"is_beta":false,"boss_relics":[],"items_purged_floors":[12],"is_endless":false,"potions_floor_spawned":[5,11,14],"killed_by":"Hexaghost","ascension_level":5}}