{"host":"hdafziggwnbzqpcb","time":1608172323,"event":{"mods":["BaseMod","Better Vampires","Colored Map","Colored Powertips","Curses Come First","GifTheSpireLib","Minty Spire (QoL Compilation)","Quick Restart","Rare Cards Sparkle","Relic Stats","Spicy Shops","StSLib","The Bug Knight","The Cursed","TheHero"],"gold_per_floor":[110,125,141,155,155,188,23,23,23,23,23,23,34,48,48,150,150,165,165,165,165,165,165,200,200,200,227,240,240,260,160,160,261,261,281,298,298,308,322,353,353,71,71,91,119,129,144,159,159,159,159,159,8,36,36,36],"floor_reached":55,"playtime":3719,"items_purged":["HollowMod:QuickDashStart","HollowMod:QuickDashStart","HollowMod:QuickDashStart"],"score":846,"play_id":"ad68fbed-f154-4a17-a8c4-3e9925761101","local_time":"20201216183203","is_ascension_mode":false,"campfire_choices":[{"data":"HollowMod:SlysStrikes","floor":8,"key":"SMITH"},{"data":"HollowMod:MantisMark","floor":11,"key":"SMITH"},{"data":"HollowMod:DashSlash","floor":15,"key":"SMITH"},{"data":"HollowMod:ChannelNail","floor":23,"key":"SMITH"},{"data":"HollowMod:HuntersJournal","floor":25,"key":"SMITH"},{"floor":32,"key":"DIG"},{"floor":49,"key":"RECALL"},{"data":"HollowMod:SoulStrike","floor":52,"key":"SMITH"}],"circlet_count":0,"master_deck":["HollowMod:NailStrikeStart","HollowMod:FocusHealStart","HollowMod:PogoStrike","HollowMod:MantisMark+1","HollowMod:BaldurShell","HollowMod:GoodIntentions","HollowMod:CycloneSlash","HollowMod:SlysStrikes+1","Flash of Steel","HollowMod:DashSlash+1","HollowMod:CloakDash","HollowMod:ChannelNail+1","HollowMod:HuntersJournal+1","HollowMod:CycloneSlash+1","HollowMod:BaldurShell+1","HollowMod:CornifersMapStart+1","HollowMod:SoulStrike+1","HollowMod:NewLittleFool+1","HollowMod:DashSlash+1","HollowMod:MantisMark+1","HollowMod:LifebloodCocoon+1","HollowMod:CloakDash+1"],"relics":["HollowMod:VesselMask","HollowMod:MantisClawRelic","Gambling Chip","Black Star","MutagenicStrength","Shovel","Art of War","Pen Nib","Frozen Egg 2","Bag of Marbles","PreservedInsect","SacredBark","Bronze Scales","Molten Egg 2","Frozen Eye","HollowMod:StagPassRelic","Gremlin Horn","Strange Spoon","Kunai","Anchor"],"acts_visited":["Exordium","TheCity","TheBeyond","TheEnding"],"potions_floor_usage":[6,16,24,27,30,39,41,44,50,50,54],"damage_taken":[{"damage":1,"enemies":"2 Louse","floor":1,"turns":2},{"damage":1,"enemies":"Cultist","floor":2,"turns":3},{"damage":0,"enemies":"Small Slimes","floor":3,"turns":3},{"damage":4,"enemies":"Blue Slaver","floor":4,"turns":6},{"damage":30,"enemies":"Lagavulin","floor":6,"turns":7},{"damage":5,"enemies":"Looter","floor":13,"turns":4},{"damage":12,"enemies":"Large Slime","floor":14,"turns":4},{"damage":0,"enemies":"Hexaghost","floor":16,"turns":7},{"damage":4,"enemies":"Chosen","floor":18,"turns":4},{"damage":8,"enemies":"Slavers","floor":24,"turns":5},{"damage":20,"enemies":"Book of Stabbing","floor":27,"turns":6},{"damage":0,"enemies":"2 Thieves","floor":28,"turns":2},{"damage":0,"enemies":"3 Cultists","floor":30,"turns":3},{"damage":28,"enemies":"Champ","floor":33,"turns":7},{"damage":4,"enemies":"Orb Walker","floor":35,"turns":3},{"damage":12,"enemies":"3 Darklings","floor":36,"turns":3},{"damage":0,"enemies":"Transient","floor":38,"turns":5},{"damage":0,"enemies":"Jaw Worm Horde","floor":39,"turns":1},{"damage":0,"enemies":"Giant Head","floor":40,"turns":5},{"damage":0,"enemies":"Writhing Mass","floor":41,"turns":1},{"damage":14,"enemies":"4 Shapes","floor":44,"turns":5},{"damage":6,"enemies":"Reptomancer","floor":45,"turns":4},{"damage":0,"enemies":"3 Darklings","floor":46,"turns":1},{"damage":0,"enemies":"Maw","floor":47,"turns":5},{"damage":0,"enemies":"4 Shapes","floor":48,"turns":2},{"damage":0,"enemies":"Awakened One","floor":50,"turns":10},{"damage":41,"enemies":"Shield and Spear","floor":54,"turns":4},{"damage":59,"enemies":"The Heart","floor":55,"turns":3}],"seed_played":"-6270935693024678332","potions_obtained":[{"floor":1,"key":"FearPotion"},{"floor":6,"key":"EssenceOfSteel"},{"floor":14,"key":"ColorlessPotion"},{"floor":16,"key":"Strength Potion"},{"floor":28,"key":"ColorlessPotion"},{"floor":30,"key":"SmokeBomb"},{"floor":33,"key":"GamblersBrew"},{"floor":37,"key":"SteroidPotion"},{"floor":38,"key":"Block Potion"},{"floor":39,"key":"EssenceOfSteel"},{"floor":45,"key":"Regen Potion"},{"floor":47,"key":"LiquidMemories"}],"is_trial":false,"path_per_floor":["M","M","M","M","?","E","$","R","T","$","R","?","M","M","R","B",null,"M","?","?","?","?","R","E","R","T","E","M","?","M","$","R","B",null,"M","M","?","M","M","E","M","$","T","M","E","M","M","M","R","B",null,"R","$","E","B"],"character_chosen":"THE_BUGKNIGHT","items_purchased":["Flash of Steel","Frozen Eye","Strange Spoon"],"campfire_rested":0,"item_purchase_floors":[7,42,53],"current_hp_per_floor":[74,75,75,73,73,53,53,53,53,53,53,46,47,45,45,55,75,75,75,75,75,75,75,73,73,73,63,63,63,63,63,63,41,75,71,59,59,65,65,65,65,65,65,57,61,61,67,73,73,75,75,75,75,57,0,0],"gold":36,"neow_bonus":"REMOVE_CARD","is_daily":false,"chose_seed":false,"campfire_upgraded":6,"win_rate":0.0,"timestamp":1608172323,"path_taken":["M","M","M","M","?","E","$","R","T","?","R","?","M","M","R","BOSS","M","?","?","?","?","R","E","R","T","E","?","?","M","$","R","BOSS","M","M","?","M","M","E","M","$","T","M","E","?","M","M","R","BOSS","R","$","E","BOSS"],"items_purchased_type":["Card","Relic","Relic"],"build_version":"2020-12-13","purchased_purges":3,"victory":false,"max_hp_per_floor":[75,75,75,75,75,75,75,75,75,75,75,75,75,75,75,75,75,75,75,75,75,75,75,75,75,75,75,75,75,75,75,75,75,75,75,75,75,75,75,75,75,75,75,75,75,75,75,75,75,75,75,75,75,75,75,75],"relic_stats":{"Strange Spoon":[12],"Shovel":1,"Gremlin Horn":[9,9],"counters":[28,115],"Gambling Chip":[55],"Bronze Scales":[110],"Pen Nib":[26],"PreservedInsect":252,"Black Star":5,"Art of War":[0],"Kunai":[2],"obtain_stats":[{"Gremlin Horn":45,"SacredBark":34,"HollowMod:VesselMask":0,"Pen Nib":26,"PreservedInsect":32,"Frozen Egg 2":27,"HollowMod:StagPassRelic":45,"Frozen Eye":42,"Strange Spoon":53,"Anchor":54,"Shovel":24,"Gambling Chip":9,"MutagenicStrength":22,"Bronze Scales":40,"Molten Egg 2":40,"Black Star":17,"Art of War":24,"Bag of Marbles":27,"Kunai":54,"HollowMod:MantisClawRelic":6},{"Gremlin Horn":22,"SacredBark":14,"HollowMod:VesselMask":0,"Pen Nib":10,"PreservedInsect":13,"Frozen Egg 2":11,"HollowMod:StagPassRelic":22,"Frozen Eye":20,"Strange Spoon":26,"Anchor":27,"Shovel":10,"Gambling Chip":5,"MutagenicStrength":9,"Bronze Scales":19,"Molten Egg 2":19,"Black Star":8,"Art of War":10,"Bag of Marbles":11,"Kunai":27,"HollowMod:MantisClawRelic":5},{"Gremlin Horn":90,"SacredBark":63,"HollowMod:VesselMask":0,"Pen Nib":45,"PreservedInsect":56,"Frozen Egg 2":51,"HollowMod:StagPassRelic":90,"Frozen Eye":81,"Strange Spoon":108,"Anchor":112,"Shovel":45,"Gambling Chip":21,"MutagenicStrength":40,"Bronze Scales":80,"Molten Egg 2":80,"Black Star":36,"Art of War":45,"Bag of Marbles":51,"Kunai":112,"HollowMod:MantisClawRelic":21}]},"card_choices":[{"not_picked":["HollowMod:LifebloodCocoon","HollowMod:DoubleDash"],"picked":"HollowMod:MantisMark","floor":1},{"not_picked":["HollowMod:SharpenedShadows","HollowMod:SharpenedNail"],"picked":"HollowMod:BaldurShell","floor":2},{"not_picked":["HollowMod:AbyssShriek","HollowMod:SharpenedNail"],"picked":"HollowMod:GoodIntentions","floor":3},{"not_picked":["HollowMod:HowlingWraiths","HollowMod:SoulSplash"],"picked":"HollowMod:CycloneSlash","floor":4},{"not_picked":["HollowMod:SoulSplash","HollowMod:SoulVessel"],"picked":"HollowMod:SlysStrikes","floor":6},{"not_picked":["HollowMod:HowlingWraiths","HollowMod:ShadowDash"],"picked":"HollowMod:DashSlash","floor":13},{"not_picked":["HollowMod:PerfectDash","HollowMod:SharpenedNail","HollowMod:HeavyBlow"],"picked":"SKIP","floor":14},{"not_picked":["HollowMod:CycloneSlash","HollowMod:NewGlowingWomb"],"picked":"HollowMod:CloakDash","floor":18},{"not_picked":["HollowMod:DungDefenderAura+1","HollowMod:MonarchWings"],"picked":"HollowMod:HuntersJournal","floor":24},{"not_picked":["HollowMod:FastStrike+1","HollowMod:InfectedCysts"],"picked":"HollowMod:CycloneSlash+1","floor":27},{"not_picked":["HollowMod:NewJinnsSoul","HollowMod:SharpenedNail"],"picked":"HollowMod:BaldurShell+1","floor":28},{"not_picked":["HollowMod:DescendingDark","HollowMod:SiblingsSouls"],"picked":"HollowMod:CornifersMapStart+1","floor":30},{"not_picked":["HollowMod:CycloneSlash+1","HollowMod:ShadowDash+1"],"picked":"HollowMod:SoulStrike","floor":35},{"not_picked":["HollowMod:WraithStrike","HollowMod:CoiledNail+1"],"picked":"HollowMod:NewLittleFool+1","floor":36},{"not_picked":["HollowMod:DreamGate+1","HollowMod:NewLittleFool"],"picked":"HollowMod:DashSlash+1","floor":38},{"not_picked":["HollowMod:SoulSplash","HollowMod:SharpenedShadows+1","HollowMod:NewLittleFool"],"picked":"SKIP","floor":39},{"not_picked":["HollowMod:SiblingsSouls","HollowMod:SiblingsShadow+1"],"picked":"HollowMod:MantisMark+1","floor":40},{"not_picked":["HollowMod:GreatSlash+1","HollowMod:CornifersMapStart+1","HollowMod:HeavyBlow+1"],"picked":"SKIP","floor":44},{"not_picked":["HollowMod:MidwifesHunger+1","HollowMod:CornifersMapStart+1","HollowMod:ZotesMagnificence+1"],"picked":"SKIP","floor":45},{"not_picked":["HollowMod:MothsMistake+1","HollowMod:NewLittleFool+1","HollowMod:DescendingDark+1"],"picked":"SKIP","floor":46},{"not_picked":["HollowMod:VengefulVoid+1","HollowMod:ChannelNail+1"],"picked":"HollowMod:LifebloodCocoon+1","floor":47},{"not_picked":["HollowMod:CycloneSlash+1","HollowMod:DashSlash+1"],"picked":"HollowMod:CloakDash+1","floor":48},{"not_picked":["HollowMod:AbyssShriek+1","HollowMod:WraithStrike+1","HollowMod:MonarchWings+1"],"picked":"SKIP","floor":54}],"player_experience":617071,"relics_obtained":[{"floor":6,"key":"HollowMod:MantisClawRelic"},{"floor":9,"key":"Gambling Chip"},{"floor":24,"key":"Shovel"},{"floor":24,"key":"Art of War"},{"floor":26,"key":"Pen Nib"},{"floor":27,"key":"Frozen Egg 2"},{"floor":27,"key":"Bag of Marbles"},{"floor":32,"key":"PreservedInsect"},{"floor":40,"key":"Bronze Scales"},{"floor":40,"key":"Molten Egg 2"},{"floor":45,"key":"HollowMod:StagPassRelic"},{"floor":45,"key":"Gremlin Horn"},{"floor":54,"key":"Kunai"},{"floor":54,"key":"Anchor"}],"event_choices":[{"cards_removed":["HollowMod:NailStrikeStart"],"damage_healed":0,"gold_gain":0,"player_choice":"Purged","damage_taken":0,"max_hp_gain":0,"max_hp_loss":0,"event_name":"Purifier","floor":5,"gold_loss":0},{"cards_removed":["HollowMod:NailStrikeStart"],"damage_healed":0,"gold_gain":0,"player_choice":"Card Removal","damage_taken":7,"max_hp_gain":0,"max_hp_loss":0,"event_name":"Golden Wing","floor":12,"gold_loss":0},{"damage_healed":0,"gold_gain":0,"player_choice":"Ignored","damage_taken":0,"max_hp_gain":0,"max_hp_loss":0,"event_name":"The Mausoleum","floor":19,"gold_loss":0},{"damage_healed":0,"gold_gain":0,"player_choice":"Read","damage_taken":0,"max_hp_gain":0,"max_hp_loss":0,"event_name":"The Library","floor":20,"gold_loss":0,"cards_obtained":["HollowMod:ChannelNail"]},{"cards_removed":["HollowMod:NailStrikeStart"],"damage_healed":0,"gold_gain":0,"player_choice":"Elegance","damage_taken":0,"max_hp_gain":0,"max_hp_loss":0,"event_name":"Back to Basics","floor":21,"gold_loss":0},{"damage_healed":0,"gold_gain":0,"player_choice":"Inject Mutagens","damage_taken":0,"relics_obtained":["MutagenicStrength"],"max_hp_gain":0,"max_hp_loss":0,"event_name":"Drug Dealer","floor":22,"gold_loss":0},{"damage_healed":0,"gold_gain":0,"player_choice":"Ignored","damage_taken":0,"max_hp_gain":0,"max_hp_loss":0,"event_name":"Vampires","floor":29,"gold_loss":0},{"damage_healed":0,"gold_gain":0,"player_choice":"Got Potions","damage_taken":0,"max_hp_gain":0,"max_hp_loss":0,"event_name":"Lab","floor":37,"gold_loss":0}],"is_beta":false,"boss_relics":[{"not_picked":["SlaversCollar","Astrolabe"],"picked":"Black Star"},{"not_picked":["HollowMod:VoidIdolRelic","Cursed Key"],"picked":"SacredBark"}],"items_purged_floors":[7,31,42],"is_endless":false,"potions_floor_spawned":[1,6,14,16,28,30,33,38,39,40,41,45,47],"killed_by":"The Heart","ascension_level":0}}