{"host":"Crutt","time":1608187729,"event":{"mods":["2.2 Compatiblity","Aspiration","Bard","BaseMod","Better Altar","Better Skull","Better Third Choice","Googly Eyes","Hermit","Jedi Mod","Jorbs\u0027s Wanderer Trilogy","Minty Spire (QoL Compilation)","Optimize The Spire","Potionbrewer","Spicy Shops","StSLib","The Construct","The Cursed","The Disciple","The Hierophant","The Runesmith","The Showman","The Witch","thorton","vexMod"],"gold_per_floor":[115,126,126,126,141,141,173,186,186,220,220,238,238,248,248,327,327,345,295,315,326,358,358,390,402,402,402,419,23,23,39,39,111,111,130,105,152,152,177,177,203,203,227,227,238,265,265,290,290,290],"floor_reached":51,"playtime":3795,"items_purged":[],"score":1430,"play_id":"b7eeebac-a812-44d0-b7f9-28629187178b","local_time":"20201217004849","is_ascension_mode":true,"campfire_choices":[{"data":"TheCursedMod:RavingStaff","floor":6.0,"key":"SMITH"},{"data":"TheCursedMod:DoubleShield","floor":13.0,"key":"SMITH"},{"data":"TheCursedMod:AbyssShockwave","floor":15.0,"key":"SMITH"},{"data":"TheCursedMod:CollectTribute","floor":23.0,"key":"SMITH"},{"data":"TheCursedMod:SmokeScreen","floor":27.0,"key":"SMITH"},{"data":"TheCursedMod:Obscuration","floor":32.0,"key":"SMITH"},{"data":"TheCursedMod:AntiAging","floor":40.0,"key":"SMITH"},{"data":"TheCursedMod:SoulReap","floor":42.0,"key":"SMITH"},{"data":"TheCursedMod:CursedArmor","floor":44.0,"key":"SMITH"},{"data":"Apotheosis","floor":49,"key":"SMITH"}],"circlet_count":0,"master_deck":["AscendersBane","TheCursedMod:Defend_TheCursed+1","TheCursedMod:CursedWand","TheCursedMod:Dregs","TheCursedMod:CursedBlade","TheCursedMod:RavingStaff+1","Masterful Stab","Die Die Die","Cloak And Dagger","Self Repair+1","TheCursedMod:DoubleShield+1","TheCursedMod:SoulReap+1","TheCursedMod:AbyssShockwave+1","TheCursedMod:CollectTribute+1","TheCursedMod:FleshFromBone+1","TheCursedMod:FleshFromBone+1","TheCursedMod:SpitefulPlan+1","TheCursedMod:Obscuration+1","TheCursedMod:CursedArmor+1","TheCursedMod:SmokeScreen+1","TheCursedMod:WearCloak","Shame","TheCursedMod:AntiAging+1","TheCursedMod:FleshFromBone+1","TheCursedMod:SmokeScreen+1","TheCursedMod:ReleasedStrength+1","Apotheosis+1"],"relics":["TheCursedMod:BlackMagic101","Toy Ornithopter","aspiration:DSix","Pear","Bronze Scales","Astrolabe","Red Mask","Bag of Marbles","Ice Cream","Dead Branch","Ancient Tea Set","vexMod:MysteryBossChallenge","Empty Cage","Prayer Wheel","FossilizedHelix","TheCursedMod:SoulVessel","vexMod:InvisibilityCloak","potionbrewer:Torch","Dream Catcher"],"acts_visited":["Exordium","TheCity","TheBeyond"],"potions_floor_usage":[50],"damage_taken":[{"damage":0.0,"enemies":"2 Louse","floor":1.0,"turns":4.0},{"damage":6.0,"enemies":"Small Slimes","floor":2.0,"turns":3.0},{"damage":0.0,"enemies":"Jaw Worm","floor":5.0,"turns":1.0},{"damage":3.0,"enemies":"Gremlin Nob","floor":7.0,"turns":3.0},{"damage":0.0,"enemies":"Lots of Slimes","floor":8.0,"turns":2.0},{"damage":17.0,"enemies":"3 Sentries","floor":10.0,"turns":4.0},{"damage":1.0,"enemies":"3 Louse","floor":12.0,"turns":2.0},{"damage":11.0,"enemies":"Looter","floor":14.0,"turns":3.0},{"damage":58.0,"enemies":"Hexaghost","floor":16.0,"turns":11.0},{"damage":19.0,"enemies":"Shell Parasite","floor":18.0,"turns":6.0},{"damage":27.0,"enemies":"Chosen","floor":20.0,"turns":6.0},{"damage":8.0,"enemies":"3 Cultists","floor":21.0,"turns":4.0},{"damage":0.0,"enemies":"Masked Bandits","floor":22.0,"turns":2.0},{"damage":62.0,"enemies":"Slavers","floor":24.0,"turns":5.0},{"damage":7.0,"enemies":"Snecko","floor":25.0,"turns":6.0},{"damage":22.0,"enemies":"Centurion and Healer","floor":28.0,"turns":8.0},{"damage":0.0,"enemies":"Sentry and Sphere","floor":31.0,"turns":6.0},{"damage":15.0,"enemies":"Collector","floor":33.0,"turns":9.0},{"damage":0.0,"enemies":"Orb Walker","floor":35.0,"turns":4.0},{"damage":35.0,"enemies":"2 Orb Walkers","floor":37.0,"turns":5.0},{"damage":3.0,"enemies":"Mind Bloom Boss Battle","floor":39.0,"turns":11.0},{"damage":6.0,"enemies":"Reptomancer","floor":41.0,"turns":8.0},{"damage":0.0,"enemies":"3 Shapes","floor":45.0,"turns":3.0},{"damage":7.0,"enemies":"Giant Head","floor":46.0,"turns":12.0},{"damage":49.0,"enemies":"Reptomancer","floor":48.0,"turns":8.0},{"damage":53,"enemies":"Awakened One","floor":50,"turns":17}],"seed_played":"8320759344727665267","potions_obtained":[{"floor":1.0,"key":"Strength Potion"},{"floor":2.0,"key":"jedi:StrikingPotion"},{"floor":8.0,"key":"potionbrewer:EndurancePotion"},{"floor":14.0,"key":"potionbrewer:AcidPotion"},{"floor":16.0,"key":"Dexterity Potion"},{"floor":24.0,"key":"FairyPotion"},{"floor":25.0,"key":"potionbrewer:BlacksmithPotion"},{"floor":33.0,"key":"Energy Potion"},{"floor":35.0,"key":"Energy Potion"},{"floor":41.0,"key":"SpeedPotion"},{"floor":46.0,"key":"potionbrewer:ToxicPotion"},{"floor":48,"key":"potionbrewer:HastePotion"}],"is_trial":false,"path_per_floor":["M","M","?","?","M","R","E","M","T","E","?","M","R","M","R","B",null,"M","?","M","M","?","R","E","M","T","R","M","$","?","M","R","B",null,"M","?","?","?","?","R","E","R","T","R","M","E","?","E","R","B",null],"character_chosen":"THE_CURSED","items_purchased":["Dead Branch","PowerPotion"],"campfire_rested":0,"item_purchase_floors":[29,29],"current_hp_per_floor":[71,65,65,42,47,47,49,59,69,52,81,85,85,88,88,55,80,71,71,62,70,79,79,27,47,47,47,47,47,47,57,57,70,84,90,90,67,67,81,81,85,85,85,85,92,103,103,87,87,90],"gold":290,"neow_bonus":"TEN_PERCENT_HP_BONUS","is_daily":false,"chose_seed":false,"campfire_upgraded":10,"win_rate":0.0,"timestamp":1608187729,"path_taken":["M","M","?","?","M","R","E","M","T","E","?","M","R","?","R","BOSS","M","?","?","M","?","R","E","M","T","R","M","$","?","?","R","BOSS","M","?","?","?","?","R","E","R","T","R","?","E","?","E","R","BOSS"],"items_purchased_type":["Relic","Potion"],"build_version":"2020-12-07","purchased_purges":0,"victory":true,"max_hp_per_floor":[78,78,78,78,78,78,78,78,88,88,88,88,88,88,88,88,88,88,88,88,88,88,88,88,88,88,88,88,88,88,88,88,88,88,90,90,92,92,94,94,97,97,97,97,100,103,103,106,106,109],"card_choices":[{"not_picked":["TheCursedMod:ReleasedKnowledge","TheCursedMod:Stretching"],"picked":"TheCursedMod:CursedBlade","floor":1.0},{"not_picked":["TheCursedMod:SurpriseAttack","TheCursedMod:CircleOfFocus"],"picked":"TheCursedMod:RavingStaff","floor":2.0},{"not_picked":["TheCursedMod:Obscuration","TheCursedMod:EmpowerCircles"],"picked":"TheCursedMod:DoubleShield","floor":5.0},{"not_picked":["TheCursedMod:ReleasedKnowledge","TheCursedMod:SpitefulStrike","TheCursedMod:TacticalStrike"],"picked":"SKIP","floor":7.0},{"not_picked":["TheCursedMod:RavingStaff","TheCursedMod:TacticalStrike","TheCursedMod:Torture"],"picked":"SKIP","floor":8.0},{"not_picked":["TheCursedMod:SpitefulStrike","TheCursedMod:CircleOfCorruption"],"picked":"TheCursedMod:SoulReap","floor":10.0},{"not_picked":["TheCursedMod:CircleOfWindfury","TheCursedMod:SmokeScreen"],"picked":"TheCursedMod:SoulReap","floor":12.0},{"not_picked":["TheCursedMod:SaltUponWound","TheCursedMod:Grudge"],"picked":"TheCursedMod:AbyssShockwave","floor":14.0},{"not_picked":["TheCursedMod:ParallelWorld","TheCursedMod:DemonSword"],"picked":"TheCursedMod:CollectTribute","floor":16.0},{"not_picked":["TheCursedMod:CursedMace","TheCursedMod:TroublousMinions","TheCursedMod:Wield"],"picked":"SKIP","floor":18.0},{"not_picked":["TheCursedMod:PrepareRite","TheCursedMod:EmpowerCircles+1","TheCursedMod:CircleOfCorruption"],"picked":"SKIP","floor":20.0},{"not_picked":["TheCursedMod:Torture","TheCursedMod:StingEye"],"picked":"TheCursedMod:Obscuration","floor":21.0},{"not_picked":["TheCursedMod:CursedBoomerang","TheCursedMod:Torture"],"picked":"TheCursedMod:CursedArmor","floor":22.0},{"not_picked":["TheCursedMod:SurpriseAttack","TheCursedMod:Wield+1","TheCursedMod:CursedAmulet"],"picked":"SKIP","floor":24.0},{"not_picked":["TheCursedMod:Mangle","TheCursedMod:Torture+1"],"picked":"TheCursedMod:SmokeScreen","floor":25.0},{"not_picked":["TheCursedMod:Stretching","TheCursedMod:TacticalStrike"],"picked":"TheCursedMod:WearCloak","floor":28.0},{"not_picked":["TheCursedMod:SpitefulPlan","TheCursedMod:ReleasedKnowledge","TheCursedMod:TacticalStrike"],"picked":"SKIP","floor":31.0},{"not_picked":["TheCursedMod:CircleOfAbyss","TheCursedMod:DemonSword"],"picked":"TheCursedMod:AntiAging","floor":33.0},{"not_picked":["TheCursedMod:SpitefulPlan","TheCursedMod:PrepareRite"],"picked":"TheCursedMod:FleshFromBone+1","floor":35.0},{"not_picked":["TheCursedMod:AbyssShockwave","TheCursedMod:Grudge","TheCursedMod:Obscuration"],"picked":"SKIP","floor":41.0},{"not_picked":["TheCursedMod:Wield","TheCursedMod:Hemoplague+1"],"picked":"TheCursedMod:SmokeScreen+1","floor":45.0},{"not_picked":["TheCursedMod:CursedBlade+1","TheCursedMod:FuryStrike","TheCursedMod:RapidMovement"],"picked":"SKIP","floor":45.0},{"not_picked":["TheCursedMod:DoubleShield","TheCursedMod:RapidMovement"],"picked":"TheCursedMod:ReleasedStrength+1","floor":46.0},{"not_picked":["Purity","vexMod:EmailVexCard"],"picked":"Apotheosis","floor":47.0},{"not_picked":["TheCursedMod:RavingStaff","TheCursedMod:CursedShiv","TheCursedMod:SurpriseAttack"],"picked":"SKIP","floor":48}],"player_experience":3582464,"relics_obtained":[{"floor":7.0,"key":"aspiration:DSix"},{"floor":9.0,"key":"Pear"},{"floor":10.0,"key":"Bronze Scales"},{"floor":22.0,"key":"Red Mask"},{"floor":24.0,"key":"Bag of Marbles"},{"floor":26.0,"key":"Ice Cream"},{"floor":37.0,"key":"Prayer Wheel"},{"floor":39.0,"key":"FossilizedHelix"},{"floor":41.0,"key":"TheCursedMod:SoulVessel"},{"floor":43.0,"key":"vexMod:InvisibilityCloak"},{"floor":46.0,"key":"potionbrewer:Torch"},{"floor":48,"key":"Dream Catcher"}],"event_choices":[{"damage_healed":29.0,"max_hp_gain":0.0,"max_hp_loss":0.0,"gold_gain":0.0,"event_name":"Big Fish","player_choice":"Banana","floor":11.0,"gold_loss":0.0,"damage_taken":0.0},{"damage_healed":0.0,"max_hp_gain":0.0,"max_hp_loss":0.0,"gold_gain":0.0,"event_name":"The Joust","player_choice":"Bet on Murderer","floor":19.0,"gold_loss":50.0,"damage_taken":0.0},{"damage_healed":0.0,"max_hp_gain":0.0,"max_hp_loss":0.0,"gold_gain":0.0,"event_name":"Masked Bandits","player_choice":"Fought Bandits","floor":22.0,"gold_loss":0.0,"damage_taken":0.0},{"damage_healed":0.0,"max_hp_gain":0.0,"max_hp_loss":0.0,"gold_gain":0.0,"event_name":"Addict","player_choice":"Stole Relic","floor":30.0,"gold_loss":0.0,"damage_taken":0.0,"relics_obtained":["Ancient Tea Set"],"cards_obtained":["Shame"]},{"damage_healed":0.0,"max_hp_gain":0.0,"max_hp_loss":0.0,"gold_gain":0.0,"event_name":"Mysterious Sphere","player_choice":"Fight","floor":37.0,"gold_loss":0.0,"damage_taken":0.0},{"cards_removed":["TheCursedMod:SoulReap"],"damage_healed":0.0,"max_hp_gain":0.0,"max_hp_loss":0.0,"gold_gain":0.0,"event_name":"Falling","player_choice":"Removed Attack","floor":38.0,"gold_loss":0.0,"damage_taken":0.0},{"damage_healed":0.0,"max_hp_gain":0.0,"max_hp_loss":0.0,"gold_gain":0.0,"event_name":"MindBloom","player_choice":"Fight","floor":39.0,"gold_loss":0.0,"damage_taken":0.0},{"damage_healed":0.0,"max_hp_gain":0.0,"max_hp_loss":0.0,"gold_gain":0.0,"event_name":"SensoryStone","player_choice":"Memory 1","floor":47.0,"gold_loss":0.0,"damage_taken":0.0}],"is_beta":true,"boss_relics":[{"not_picked":["Runesmith:UraniumAnvil","aspiration:FutureDiary"],"picked":"Astrolabe"},{"not_picked":["aspiration:RandomNobGenerator","potionbrewer:BhaskarasWheel"],"picked":"vexMod:MysteryBossChallenge"}],"items_purged_floors":[],"is_endless":false,"potions_floor_spawned":[1,2,8,14,16,18,20,24,25,33,35,41,46,48],"ascension_level":18}}