{"host":"69rply1jf2d1wbmp","time":1608243941,"event":{"mods":["BaseMod","Minty Spire (QoL Compilation)","Quick Restart"],"gold_per_floor":[113,113,113,113,129,164,15,34,84,49,68,68,68,68],"floor_reached":13,"playtime":588,"items_purged":["Decay"],"score":83,"play_id":"be62e973-6223-4c14-9920-6b3b000b2e87","local_time":"20201217172541","is_ascension_mode":false,"campfire_choices":[{"data":"Footwork","floor":12,"key":"SMITH"}],"circlet_count":0,"master_deck":["Strike_G","Strike_G","Strike_G","Strike_G","Strike_G","Defend_G","Defend_G","Defend_G","Defend_G","Defend_G","Survivor","Neutralize","Secret Weapon+1","Dagger Spray","Footwork+1","Crippling Poison","Accuracy","Accuracy"],"relics":["Ring of the Snake","Singing Bowl","Gremlin Horn","Anchor"],"acts_visited":["Exordium"],"potions_floor_usage":[13,13],"damage_taken":[{"damage":0,"enemies":"2 Louse","floor":1,"turns":4},{"damage":7,"enemies":"Jaw Worm","floor":5,"turns":7},{"damage":20,"enemies":"3 Sentries","floor":6,"turns":13},{"damage":3,"enemies":"Small Slimes","floor":8,"turns":3},{"damage":2,"enemies":"Blue Slaver","floor":11,"turns":7},{"damage":66,"enemies":"Lagavulin","floor":13,"turns":17}],"seed_played":"-4131680211096777994","potions_obtained":[{"floor":1,"key":"ColorlessPotion"},{"floor":6,"key":"Swift Potion"}],"is_trial":false,"path_per_floor":["M","?","?","T","M","E","$","M","T","?","M","R","E"],"character_chosen":"THE_SILENT","items_purchased":["Accuracy"],"campfire_rested":0,"item_purchase_floors":[7],"current_hp_per_floor":[70,70,75,75,68,48,48,45,45,63,63,63,0,0],"gold":68,"neow_bonus":"RANDOM_COLORLESS_2","is_daily":false,"chose_seed":false,"campfire_upgraded":1,"win_rate":0.0,"timestamp":1608243941,"path_taken":["M","?","?","?","M","E","$","M","T","?","?","R","E"],"items_purchased_type":["Card"],"build_version":"2020-12-13","purchased_purges":1,"victory":false,"max_hp_per_floor":[70,70,75,75,75,75,75,75,75,75,77,77,77,77],"card_choices":[{"not_picked":["Secret Technique","Magnetism"],"picked":"Secret Weapon","floor":0},{"not_picked":["Bane","Deflect"],"picked":"Dagger Spray","floor":1},{"not_picked":["Prepared","Leg Sweep"],"picked":"Footwork","floor":5},{"not_picked":["Escape Plan","Prepared"],"picked":"Crippling Poison","floor":6},{"not_picked":["All Out Attack","Endless Agony"],"picked":"Accuracy","floor":8},{"not_picked":["Backflip","Bouncing Flask","Dash"],"picked":"Singing Bowl","floor":11}],"player_experience":351278,"relics_obtained":[{"floor":4,"key":"Singing Bowl"},{"floor":6,"key":"Gremlin Horn"},{"floor":9,"key":"Anchor"}],"event_choices":[{"damage_healed":0,"gold_gain":0,"player_choice":"Grow","damage_taken":0,"max_hp_gain":0,"max_hp_loss":0,"event_name":"Living Wall","floor":2,"gold_loss":0,"cards_upgraded":["Secret Weapon"]},{"damage_healed":0,"gold_gain":0,"player_choice":"Donut","damage_taken":0,"max_hp_gain":5,"max_hp_loss":0,"event_name":"Big Fish","floor":3,"gold_loss":0},{"damage_healed":18,"gold_gain":0,"player_choice":"Healed","damage_taken":0,"max_hp_gain":0,"max_hp_loss":0,"event_name":"The Cleric","floor":10,"gold_loss":35}],"is_beta":false,"boss_relics":[],"items_purged_floors":[7],"is_endless":false,"potions_floor_spawned":[1,6],"killed_by":"Lagavulin","ascension_level":0}}