{"host":"yassvrowvc2yfwp2","time":1608209385,"event":{"mods":["2.2 Compatiblity","Act Like it!","BaseMod","Better Note","Downfall","HololiveMod","Jorbs\u0027s Wanderer Trilogy","Minty Spire (QoL Compilation)","Prisma Mod","Rare Cards Sparkle","Reimu£®≤©¿ˆ¡È√Œ£©","Replay The Spire","Spicy Shops","StSLib","The Bug Knight","The Cursed","The Servant 0.9.4"],"gold_per_floor":[99,129,144,144,159,119,119,134,149,179,194,59,74,89,104,204,204,204,204,204,204,219,219,219],"floor_reached":23,"playtime":804,"items_purged":[],"score":278,"play_id":"103fd7bd-450f-44b5-bf65-5dfb49a72166","local_time":"20201217204945","daily_mods":["SealedDeck","Hoarder","Lethality"],"is_ascension_mode":false,"campfire_choices":[{"data":"hexamod:GhostOfSpireFuture","floor":1,"key":"SMITH"},{"data":"hexamod:VolcanoVisage","floor":18,"key":"SMITH"}],"circlet_count":0,"master_deck":["hexamod:Incineration","hexamod:Incineration","hexamod:Incineration","hexamod:DynamicBlow","hexamod:DynamicBlow","hexamod:DynamicBlow","hexamod:NightmareGuise","hexamod:NightmareGuise","hexamod:GhostLash","hexamod:GhostLash","hexamod:GhostLash","hexamod:GhostOfSpireFuture+1","hexamod:GhostOfSpireFuture","hexamod:GhostOfSpireFuture","hexamod:ShieldOfDarkness","hexamod:ShieldOfDarkness","hexamod:HeatShield","hexamod:HeatShield","hexamod:SpectersWail","hexamod:SpectersWail","hexamod:SpectersWail+1","hexamod:SoulSteal","hexamod:SoulSteal","hexamod:SoulSteal","hexamod:ExtraCrispy","hexamod:ExtraCrispy","hexamod:ExtraCrispy","hexamod:Rewind","hexamod:Rewind","hexamod:Rewind","hexamod:GhostOfSpirePresent","hexamod:GhostOfSpirePresent","hexamod:GhostOfSpirePresent","hexamod:RadiantFlame","hexamod:RadiantFlame","hexamod:RadiantFlame","hexamod:TimeOfNeed","hexamod:TimeOfNeed","hexamod:TimeOfNeed","hexamod:RetreatToShadows+1","hexamod:RetreatToShadows","hexamod:RetreatToShadows","hexamod:HauntingEcho","hexamod:HauntingEcho","hexamod:HauntingEcho","hexamod:UnleashSpirits","hexamod:UnleashSpirits","hexamod:UnleashSpirits","hexamod:FirstSeal","hexamod:FirstSeal","hexamod:FirstSeal","hexamod:EtherealExpedition","hexamod:EtherealExpedition","hexamod:EtherealExpedition","hexamod:GhostOfSpirePast","hexamod:GhostOfSpirePast","hexamod:GhostOfSpirePast","hexamod:VolcanoVisage","hexamod:VolcanoVisage+1","hexamod:VolcanoVisage","hexamod:FifthSeal","hexamod:FifthSeal","hexamod:FifthSeal","hexamod:ExtraCrispy","hexamod:ExtraCrispy","hexamod:ExtraCrispy","hexamod:SixthSeal","hexamod:SixthSeal","hexamod:SixthSeal","hexamod:Again","hexamod:Again","hexamod:Again"],"relics":["hexamod:SpiritBrand","Toy Ornithopter","PaintedHorse:ReiMu","Replay:Bottled Steam","White Beast Statue","hexamod:IceCube"],"acts_visited":["Exordium","TheCity"],"potions_floor_usage":[11,15,16,22],"damage_taken":[{"damage":6,"enemies":"3 Sentries","floor":2,"turns":3},{"damage":0,"enemies":"Cultist","floor":3,"turns":2},{"damage":0,"enemies":"2 Louse","floor":5,"turns":2},{"damage":4,"enemies":"Jaw Worm","floor":8,"turns":3},{"damage":0,"enemies":"2 Fungi Beasts","floor":9,"turns":2},{"damage":7,"enemies":"Gremlin Nob","floor":10,"turns":3},{"damage":2,"enemies":"3 Louse","floor":11,"turns":2},{"damage":6,"enemies":"downfall:FleeingMerchant","floor":12,"turns":4},{"damage":7,"enemies":"Large Slime","floor":13,"turns":4},{"damage":0,"enemies":"Red Slaver","floor":14,"turns":1},{"damage":4,"enemies":"Blue Slaver","floor":15,"turns":2},{"damage":12,"enemies":"downfall:Watcher","floor":16,"turns":4},{"damage":60,"enemies":"3 Byrds","floor":22,"turns":5},{"damage":0,"enemies":"Slavers","floor":23,"turns":1}],"seed_played":"-4230686447748436371","potions_obtained":[{"floor":5,"key":"SpeedPotion"},{"floor":8,"key":"GrandPatriotsElixir:ReiMu"},{"floor":9,"key":"Energy Potion"},{"floor":11,"key":"FearPotion"},{"floor":14,"key":"ZuzhouPotion:ReiMu"},{"floor":15,"key":"BlessingOfTheForge"},{"floor":16,"key":"champ:CounterPotion"},{"floor":22,"key":"Swift Potion"}],"is_trial":false,"path_per_floor":["R","E","M","?","M","?","T","M","M","E","M","$","M","M","M","B",null,"R","?","?","?","M","E"],"character_chosen":"THE_SPIRIT","items_purchased":["hexamod:UnleashSpirits"],"campfire_rested":0,"item_purchase_floors":[12],"current_hp_per_floor":[70,64,64,64,64,64,64,60,60,53,56,50,43,43,44,37,70,70,70,70,62,14,14,14],"gold":219,"neow_bonus":"","is_daily":true,"chose_seed":false,"campfire_upgraded":2,"win_rate":0.0,"timestamp":1608209385,"path_taken":["R","E","M","?","M","?","T","M","M","E","M","?","M","M","M","BOSS","R","?","?","?","M","E"],"items_purchased_type":["Card"],"build_version":"2020-12-13","purchased_purges":0,"victory":false,"max_hp_per_floor":[70,70,70,70,70,70,70,70,70,70,70,70,70,70,70,70,70,70,70,70,70,70,70,70],"card_choices":[{"not_picked":["hexamod:CatchUp","hexamod:PhantomCloak"],"picked":"hexamod:Rewind","floor":2},{"not_picked":["hexamod:Hexaguard","hexamod:ShieldOfDarkness","hexamod:Firestarter"],"picked":"SKIP","floor":3},{"not_picked":["hexamod:SpectralAdrenaline","hexamod:StepThrough"],"picked":"hexamod:GhostOfSpirePresent","floor":5},{"not_picked":["hexamod:ExtraCrispy","hexamod:ChargedBarrage"],"picked":"hexamod:RadiantFlame","floor":8},{"not_picked":["hexamod:SwordOfDarkness","hexamod:DynamicBlow"],"picked":"hexamod:TimeOfNeed","floor":9},{"not_picked":["hexamod:ShieldOfDarkness","hexamod:InspiringFlames","hexamod:Firestarter"],"picked":"SKIP","floor":10},{"not_picked":["hexamod:ThermalTransfer","hexamod:FastForward"],"picked":"hexamod:RetreatToShadows","floor":11},{"not_picked":["hexamod:NightmareGuise","hexamod:SwordOfDarkness"],"picked":"hexamod:HauntingEcho","floor":12},{"not_picked":["hexamod:HauntingEcho","hexamod:SpectralSpark"],"picked":"hexamod:FirstSeal","floor":13},{"not_picked":["hexamod:RainOfEmbers","hexamod:SpectersWail"],"picked":"hexamod:EtherealExpedition","floor":14},{"not_picked":["hexamod:Rewind","hexamod:SoulSteal"],"picked":"hexamod:GhostOfSpirePast","floor":15},{"not_picked":["hexamod:ApocalypticArmor","hexamod:CrushingStance"],"picked":"hexamod:VolcanoVisage","floor":16},{"not_picked":["hexamod:FirstSeal","hexamod:SecondSeal"],"picked":"hexamod:SixthSeal","floor":22},{"not_picked":["hexamod:Firestarter","hexamod:GhostShield"],"picked":"hexamod:Again","floor":22}],"player_experience":1923015,"relics_obtained":[{"floor":2,"key":"Toy Ornithopter"},{"floor":7,"key":"Replay:Bottled Steam"},{"floor":10,"key":"White Beast Statue"}],"event_choices":[{"damage_healed":0,"gold_gain":0,"player_choice":"»˚«Æ","damage_taken":0,"relics_obtained":["PaintedHorse:ReiMu"],"max_hp_gain":0,"max_hp_loss":0,"event_name":"yidonshenshe","floor":6,"gold_loss":40},{"cards_removed":["hexamod:NightmareGuise"],"damage_healed":0,"gold_gain":0,"player_choice":"Elegance","damage_taken":0,"max_hp_gain":0,"max_hp_loss":0,"event_name":"Back to Basics","floor":19,"gold_loss":0},{"damage_healed":0,"gold_gain":0,"cards_transformed":["hexamod:ShieldOfDarkness","hexamod:HeatShield"],"player_choice":"Became Test Subject","damage_taken":0,"max_hp_gain":0,"max_hp_loss":0,"event_name":"Drug Dealer","floor":20,"gold_loss":0,"cards_obtained":["hexamod:FifthSeal","hexamod:ExtraCrispy"]}],"is_beta":false,"boss_relics":[{"not_picked":["Hololive_TopUpMoneyS","Ectoplasm"],"picked":"hexamod:IceCube"}],"items_purged_floors":[],"is_endless":false,"potions_floor_spawned":[5,8,9,11,12,13,14,15,16,22],"killed_by":"Slavers","ascension_level":0}}