{"host":"htqwg582tjjtn9p7","time":1608228449,"event":{"mods":["2.2 Compatiblity","AchievementEnabler","Act Like it!","Aspiration","BaseMod","Better Third Choice","Colored Map","Conspire","Curses Come First","Displayed Cursed Tome","Energized Spire","Force Act Four","GifTheSpireLib","Hermit","Highlight Path","JesterMod","Mad Scientist","Minty Spire (QoL Compilation)","Pale of the Ancients","Permanent Neow","Random Character Button","Relic Stats","Replay The Spire","Robot Space Explorer","Somnambulant","Spicy Shops","Spikes Relics","StSLib","Stuff the Spire","The Blue Laboratory","The Disciple","The Dragon Tamer","The Forsaken","The Gatherer","The Judge","The Jungle","The Runesmith","The Servant 0.9.4"],"gold_per_floor":[117,42,42,58,58,58,76,87,110,35,63,81,93,63,63,140,140,150,165,180,92,92,92,120,120,146,178,178,191,204,60,60,138,138,155,4,4,4,16,45,45,65,88,90,90],"floor_reached":44,"playtime":2476,"items_purged":["conspire:GhostlyStrike"],"score":887,"play_id":"08ce885f-fc32-4716-95d1-09aad485c8b9","local_time":"20201217190729","is_ascension_mode":true,"campfire_choices":[{"data":"Dash","floor":6,"key":"SMITH"},{"data":"Concentrate","floor":23,"key":"SMITH"},{"floor":25,"key":"REST"},{"floor":32,"key":"REST"},{"floor":41,"key":"REST"}],"circlet_count":0,"master_deck":["AscendersBane","conspire:GhostlyStrike","conspire:GhostlyStrike","conspire:GhostlyStrike","conspire:GhostlyStrike","conspire:GhostlyDefend+1","conspire:GhostlyDefend","conspire:GhostlyDefend","conspire:GhostlyDefend","Survivor","Neutralize","Draining Mist+1","Well Laid Plans","Dash+1","Grand Finale+1","Blur+1","Malaise","Adrenaline","Noxious Fumes","StuffTheSpire:BumpUp","StuffTheSpire:BumpUp","StuffTheSpire:DeathNote","Tools of the Trade","Dash","Grand Finale+1","Terror+1"],"relics":["Sizzling Blood","War Paint","Mirror","Snecko Eye","conspire:GlowingRock","Replay:Bottled Snecko","Bag of Marbles","Sundial","StuffTheSpire:Gunfinga","theForsaken:Lifeblossom","Empty Cage","Guide Book","aspiration:VileToxins","Ancient Tea Set"],"acts_visited":["Exordium","TheCity","TheBeyond"],"potions_floor_usage":[11,24,33],"damage_taken":[{"damage":0,"enemies":"2 Louse","floor":1,"turns":5},{"damage":0,"enemies":"Jaw Worm","floor":4,"turns":6},{"damage":5,"enemies":"Cultist","floor":7,"turns":4},{"damage":3,"enemies":"Red Slaver","floor":8,"turns":5},{"damage":3,"enemies":"Gremlin Nob","floor":11,"turns":4},{"damage":34,"enemies":"Gremlin Gang","floor":12,"turns":7},{"damage":11,"enemies":"Large Slime","floor":13,"turns":9},{"damage":0,"enemies":"Looter","floor":14,"turns":4},{"damage":13,"enemies":"The Guardian","floor":16,"turns":12},{"damage":0,"enemies":"Chosen","floor":18,"turns":5},{"damage":0,"enemies":"3 Byrds","floor":19,"turns":5},{"damage":9,"enemies":"Snake Plant","floor":20,"turns":5},{"damage":12,"enemies":"Book of Stabbing","floor":24,"turns":7},{"damage":22,"enemies":"Gremlin Leader","floor":27,"turns":7},{"damage":7,"enemies":"Cultist and Chosen","floor":29,"turns":7},{"damage":15,"enemies":"Shelled Parasite and Fungi","floor":30,"turns":6},{"damage":36,"enemies":"Automaton","floor":33,"turns":9},{"damage":24,"enemies":"3 Darklings","floor":35,"turns":7},{"damage":11,"enemies":"3 Shapes","floor":39,"turns":3},{"damage":18,"enemies":"Giant Head","floor":40,"turns":7},{"damage":43,"enemies":"Sphere and 2 Shapes","floor":42,"turns":8},{"damage":28,"enemies":"conspire:MimicChest","floor":44,"turns":5}],"seed_played":"-5975331296311805005","potions_obtained":[{"floor":4,"key":"Explosive Potion"},{"floor":7,"key":"blueLaboratory:ArtistsPotion"},{"floor":13,"key":"CultistPotion"},{"floor":19,"key":"PowerPotion"},{"floor":24,"key":"Elixir"},{"floor":29,"key":"Block Potion"},{"floor":42,"key":"blueLaboratory:NullPotion"}],"is_trial":false,"path_per_floor":["M","?","?","M","?","R","M","M","T","$","E","M","M","M","R_BF","B",null,"M","M","M","$","?","R","E","R","T","E","?","M","M","$","R","B",null,"M","$","?","?","M","E","R","M","T","?"],"character_chosen":"THE_SILENT","items_purchased":["conspire:GlowingRock","theForsaken:Lifeblossom","Guide Book"],"campfire_rested":3,"item_purchase_floors":[21,31,36],"current_hp_per_floor":[59,59,59,59,63,63,62,63,63,63,64,34,27,31,52,43,63,67,70,65,65,40,40,32,53,53,35,35,32,21,21,42,16,57,43,43,43,43,42,34,55,22,22,0,0],"gold":90,"neow_bonus":"THREE_CARDS","is_daily":false,"chose_seed":false,"campfire_upgraded":2,"win_rate":0.0,"timestamp":1608228449,"path_taken":["M","?","?","M","?","R","M","?","T","?","E","?","M","M","R_BF","BOSS","M","M","?","$","?","R","E","R","T","E","?","M","M","$","R","BOSS","M","$","?","?","?","E","R","M","T","?"],"items_purchased_type":["Relic","Relic","Relic"],"build_version":"2020-12-13","purchased_purges":1,"victory":false,"max_hp_per_floor":[66,66,66,66,70,70,70,70,70,70,70,70,70,70,70,70,70,70,70,70,70,70,70,70,70,70,70,70,70,70,70,70,70,70,70,70,70,70,70,70,70,70,70,70,70],"relic_stats":{"counters":[22,137],"Sundial":[20],"Snecko Eye":[132,156,151,127],"War Paint":["Draining Mist","conspire:GhostlyDefend"],"obtain_stats":[{"aspiration:VileToxins":40,"Guide Book":36,"theForsaken:Lifeblossom":31,"Sizzling Blood":5,"War Paint":9,"Empty Cage":34,"Ancient Tea Set":43,"conspire:GlowingRock":21,"StuffTheSpire:Gunfinga":28,"Sundial":27,"Snecko Eye":17,"Bag of Marbles":26,"Replay:Bottled Snecko":24,"Mirror":11,"Ring of the Snake":0},{"aspiration:VileToxins":20,"Guide Book":18,"theForsaken:Lifeblossom":16,"Sizzling Blood":2,"War Paint":4,"Empty Cage":17,"Ancient Tea Set":21,"conspire:GlowingRock":12,"StuffTheSpire:Gunfinga":14,"Sundial":14,"Snecko Eye":9,"Bag of Marbles":13,"Replay:Bottled Snecko":13,"Mirror":5,"Ring of the Snake":0},{"aspiration:VileToxins":124,"Guide Book":114,"theForsaken:Lifeblossom":98,"Sizzling Blood":11,"War Paint":20,"Empty Cage":107,"Ancient Tea Set":132,"conspire:GlowingRock":71,"StuffTheSpire:Gunfinga":85,"Sundial":85,"Snecko Eye":56,"Bag of Marbles":78,"Replay:Bottled Snecko":78,"Mirror":24,"Ring of the Snake":0}]},"card_choices":[{"not_picked":["Distraction","PiercingWail"],"picked":"Draining Mist","floor":0},{"not_picked":["Slice","Deflect"],"picked":"Well Laid Plans","floor":1},{"not_picked":["PiercingWail","StuffTheSpire:Injection"],"picked":"Dash","floor":4},{"not_picked":["Cloak And Dagger","Prepared"],"picked":"Blade Dance","floor":7},{"not_picked":["Backflip","Dagger Spray"],"picked":"Grand Finale","floor":8},{"not_picked":["Deflect","Night Terror"],"picked":"Blur","floor":11},{"not_picked":["Deadly Poison","Bane"],"picked":"Heel Hook","floor":12},{"not_picked":["StuffTheSpire:Repulse","Flying Knee"],"picked":"Malaise","floor":13},{"not_picked":["Backflip","Poisoned Stab"],"picked":"Concentrate","floor":14},{"not_picked":["Night Terror","ReplayTheSpireMod:Necrosis"],"picked":"Adrenaline","floor":16},{"not_picked":["Prepared","Slice+1"],"picked":"Noxious Fumes","floor":18},{"not_picked":["Prepared+1","Riddle With Holes"],"picked":"StuffTheSpire:BumpUp","floor":19},{"not_picked":["Well Laid Plans","Slice"],"picked":"StuffTheSpire:BumpUp","floor":20},{"not_picked":["Deadly Poison","Poisoned Stab"],"picked":"Tools of the Trade","floor":24},{"not_picked":["Bane","Backflip","Poisoned Stab"],"picked":"SKIP","floor":27},{"not_picked":["Prepared","Deflect"],"picked":"Dash","floor":29},{"not_picked":["StuffTheSpire:Injection","conspire:PoisonWeapons","StuffTheSpire:Python"],"picked":"SKIP","floor":30},{"not_picked":["Adrenaline","Night Terror"],"picked":"Grand Finale","floor":33},{"not_picked":["Dodge and Roll","Cloak And Dagger","ReplayTheSpireMod:Speed Training"],"picked":"SKIP","floor":35},{"not_picked":["Bane","Dodge and Roll","StuffTheSpire:Injection+1"],"picked":"SKIP","floor":39},{"not_picked":["StuffTheSpire:Sprint","Dagger Spray+1"],"picked":"Terror+1","floor":40},{"not_picked":["Die Die Die","ReplayTheSpireMod:Exploit Weakness+1","StuffTheSpire:Incursion+1"],"picked":"SKIP","floor":42}],"player_experience":1698134,"relics_obtained":[{"floor":9,"key":"War Paint"},{"floor":11,"key":"Mirror"},{"floor":24,"key":"Replay:Bottled Snecko"},{"floor":26,"key":"Bag of Marbles"},{"floor":27,"key":"Sundial"},{"floor":40,"key":"aspiration:VileToxins"},{"floor":43,"key":"Ancient Tea Set"}],"event_choices":[{"cards_removed":["Defend_G"],"damage_healed":0,"gold_gain":0,"player_choice":"Card Removal","damage_taken":0,"max_hp_gain":0,"max_hp_loss":0,"event_name":"The Cleric","floor":2,"gold_loss":75},{"damage_healed":0,"gold_gain":0,"player_choice":"Agree","damage_taken":0,"max_hp_gain":0,"max_hp_loss":0,"event_name":"conspire:LoneGhost","floor":3,"gold_loss":0},{"cards_removed":["Heel Hook"],"damage_healed":0,"gold_gain":0,"player_choice":"Removed Attack","damage_taken":0,"max_hp_gain":0,"max_hp_loss":0,"event_name":"Falling","floor":37,"gold_loss":0},{"cards_removed":["Concentrate"],"damage_healed":0,"gold_gain":0,"player_choice":"Card Removal","damage_taken":0,"max_hp_gain":0,"max_hp_loss":0,"event_name":"Wheel of Change","floor":38,"gold_loss":0}],"is_beta":false,"boss_relics":[{"not_picked":["energizedSpire:RedRose","energizedSpire:PogoStick"],"picked":"Snecko Eye"},{"not_picked":["energizedSpire:HighHeels","theForsaken:PaleLantern"],"picked":"Empty Cage"}],"items_purged_floors":[10],"is_endless":false,"potions_floor_spawned":[4,7,13,16,19,20,24,29,30,42],"killed_by":"conspire:MimicChest","ascension_level":15}}