{"host":"po2lmot8e6wihs14","time":1608173454,"event":{"mods":["AchievementEnabler","Act Like it!","BaseMod","Better Third Choice","BetterRewards","Custom Start","Defuse TimeMaze Blight","Highlight Path","Hubris","Minty Spire (QoL Compilation)","Prisma Mod","Quick Restart","Rare Cards Sparkle","Replay The Spire","StSLib","SuperFastMode","Waifu the Spire"],"gold_per_floor":[114,124,138,154,170,170,184,184,207,226,246,264,291,291,291,394,394,414,80,48,62,73,104,104,120,120,120,120,140,140,154,154,258,258,276,289,0,0,0,0],"floor_reached":41,"playtime":1516,"items_purged":[],"score":621,"play_id":"f088ec66-1c55-47cb-9a35-c25868d360c0","local_time":"20201216205054","is_ascension_mode":false,"campfire_choices":[{"data":"PrismaMod:IllyaGun","floor":6,"key":"SMITH"},{"data":"PrismaMod:IllyaCheapChannelAttack","floor":8,"key":"SMITH"},{"floor":15,"key":"REST"},{"floor":24,"key":"REST"},{"data":"PrismaMod:IllyaUberDefendChannel","floor":28,"key":"SMITH"},{"data":"PrismaMod:IllyaGun","floor":30,"key":"SMITH"},{"data":"PrismaMod:IllyaUncommonDefend","floor":32,"key":"SMITH"}],"circlet_count":0,"master_deck":["PrismaMod:IllyaCommonAttack","PrismaMod:IllyaCommonDefend","PrismaMod:IllyaCommonAttack","PrismaMod:IllyaCommonDefend","PrismaMod:IllyaCommonAttack","PrismaMod:IllyaCommonDefend","PrismaMod:IllyaCommonAttack","PrismaMod:IllyaCommonDefend","PrismaMod:IllyaCommonAttack","PrismaMod:IllyaCommonDefend","PrismaMod:IllyaUncommonAttack","PrismaMod:IllyaUncommonDefend+1","PrismaMod:IllyaGun+1","PrismaMod:IllyaGun+1","PrismaMod:IllyaHassanGift","PrismaMod:IllyaCheapChannelAttack+1","PrismaMod:IllyaCheapChannelDefend","PrismaMod:IllyaHassanGift","PrismaMod:IllyaUberDefendChannel+1","PrismaMod:IllyaUncommonDefend+1","PrismaMod:IllyaBerserCAR","PrismaMod:IllyaBerserCAR","PrismaMod:IllyaStunPoison","PrismaMod:IllyaStunPoison","PrismaMod:IllyaCheapChannelDefend+1","PrismaMod:IllyaInstallForeigner","PrismaMod:IllyaGrail+1"],"relics":["PrismaMod:PrismaRuby","Boot","ReplayTheSpireMod:TigerMarble","Membership Card","Calipers","Mirror","Meat on the Bone","Fusion Hammer","Red Mask"],"acts_visited":["Exordium","TheCity","TheBeyond"],"potions_floor_usage":[40,40,40],"damage_taken":[{"damage":0,"enemies":"2 Louse","floor":1,"turns":3},{"damage":0,"enemies":"Cultist","floor":2,"turns":3},{"damage":0,"enemies":"Small Slimes","floor":3,"turns":4},{"damage":11,"enemies":"2 Fungi Beasts","floor":4,"turns":4},{"damage":4,"enemies":"Looter","floor":5,"turns":3},{"damage":6,"enemies":"Gremlin Gang","floor":7,"turns":6},{"damage":0,"enemies":"Red Slaver","floor":10,"turns":5},{"damage":9,"enemies":"Large Slime","floor":11,"turns":5},{"damage":1,"enemies":"3 Louse","floor":12,"turns":3},{"damage":1,"enemies":"Lagavulin","floor":13,"turns":6},{"damage":15,"enemies":"The Guardian","floor":16,"turns":8},{"damage":0,"enemies":"Chosen","floor":18,"turns":6},{"damage":12,"enemies":"2 Thieves","floor":20,"turns":5},{"damage":13,"enemies":"Cultist and Chosen","floor":21,"turns":9},{"damage":3,"enemies":"Snecko","floor":22,"turns":7},{"damage":25,"enemies":"Slavers","floor":23,"turns":7},{"damage":9,"enemies":"Centurion and Healer","floor":25,"turns":9},{"damage":7,"enemies":"Snake Plant","floor":29,"turns":5},{"damage":0,"enemies":"Snecko","floor":31,"turns":6},{"damage":10,"enemies":"Champ","floor":33,"turns":16},{"damage":13,"enemies":"3 Darklings","floor":35,"turns":12},{"damage":8,"enemies":"Orb Walker","floor":36,"turns":4},{"damage":39,"enemies":"hubris:GrandSnecko","floor":40,"turns":15}],"seed_played":"-3514967482992469100","potions_obtained":[{"floor":4,"key":"FearPotion"},{"floor":13,"key":"Block Potion"},{"floor":16,"key":"FearPotion"},{"floor":18,"key":"SkillPotion"}],"is_trial":false,"path_per_floor":["M","M","M","M","M","R","M","R","T","M","M","M","E","?","R","B",null,"M","$","M","M","M","E","R","M","T","?","R","M","R","M","R","B",null,"M","M","?","$","?","B",null],"character_chosen":"ILLYA","items_purchased":["Membership Card","Calipers","PrismaMod:IllyaBerserCAR"],"campfire_rested":2,"item_purchase_floors":[19,19,19],"current_hp_per_floor":[82,82,82,71,67,67,61,61,61,61,52,51,50,50,74,59,82,82,82,70,57,54,29,53,47,47,74,74,67,67,67,67,57,82,69,61,61,61,61,44],"gold":0,"neow_bonus":"TEN_PERCENT_HP_BONUS","is_daily":false,"chose_seed":false,"campfire_upgraded":5,"win_rate":0.0,"timestamp":1608173454,"path_taken":["M","M","M","M","M","R","M","R","T","M","M","M","E","?","R","BOSS","M","$","M","M","M","E","R","M","T","?","R","M","R","M","R","BOSS","M","M","?","$","?","BOSS"],"items_purchased_type":["Relic","Relic","Card"],"build_version":"2020-12-13","purchased_purges":0,"victory":true,"max_hp_per_floor":[82,82,82,82,82,82,82,82,82,82,82,82,82,82,82,82,82,82,82,82,82,82,82,82,82,82,82,82,82,82,82,82,82,82,82,82,82,82,82,82],"card_choices":[{"not_picked":["PrismaMod:IllyaFriendMaker","PrismaMod:IllyaPoisonBlock","PrismaMod:IllyaAssassinRevenge"],"picked":"SKIP","floor":1},{"not_picked":["PrismaMod:IllyaAOECommonAttack","PrismaMod:IllyaRubysPotion"],"picked":"PrismaMod:IllyaGun","floor":2},{"not_picked":["PrismaMod:IllyaPartialInstallAssassin","PrismaMod:IllyaEvokeAll"],"picked":"PrismaMod:IllyaGun","floor":3},{"not_picked":["PrismaMod:IllyaCommandSeal","PrismaMod:IllyaUpgradeOrbs"],"picked":"PrismaMod:IllyaHassanGift","floor":4},{"not_picked":["PrismaMod:IllyaGrailKun","PrismaMod:IllyaBoysLove","PrismaMod:IllyaDetonatingBlow"],"picked":"SKIP","floor":5},{"not_picked":["PrismaMod:IllyaPoisoningPhantasm","PrismaMod:IllyaPartialInstallAssassin"],"picked":"PrismaMod:IllyaCheapChannelAttack","floor":7},{"not_picked":["PrismaMod:IllyaAlice","PrismaMod:IllyaRubysPotion","PrismaMod:IllyaMinorReinForce"],"picked":"SKIP","floor":10},{"not_picked":["PrismaMod:IllyaAssassinRevenge","PrismaMod:IllyaAlice"],"picked":"PrismaMod:IllyaCheapChannelDefend","floor":11},{"not_picked":["PrismaMod:IllyaEvokeAll","PrismaMod:IllyaMaid"],"picked":"PrismaMod:IllyaHassanGift","floor":12},{"not_picked":["PrismaMod:IllyaRapidFire","PrismaMod:IllyaHassanGift","PrismaMod:IllyaGrailKun"],"picked":"SKIP","floor":13},{"not_picked":["PrismaMod:IllyaInstallBerserker","PrismaMod:IllyaCarnivalDefend"],"picked":"PrismaMod:IllyaUberDefendChannel","floor":16},{"not_picked":["PrismaMod:IllyaUpgradeOrbs","PrismaMod:IllyaMinorRapidFire"],"picked":"PrismaMod:IllyaUncommonDefend+1","floor":18},{"not_picked":["PrismaMod:IllyaTestament","PrismaMod:IllyaCommandSeal"],"picked":"PrismaMod:IllyaBerserCAR","floor":20},{"not_picked":["PrismaMod:IllyaFriendMaker+1","PrismaMod:IllyaUncommonDefend"],"picked":"PrismaMod:IllyaStunPoison","floor":21},{"not_picked":["PrismaMod:IllyaPartialInstallAssassin","PrismaMod:IllyaBride+1"],"picked":"PrismaMod:IllyaStunPoison","floor":22},{"not_picked":["PrismaMod:IllyaAOECommonAttack","PrismaMod:IllyaUberPoisonBlock"],"picked":"PrismaMod:IllyaCheapChannelDefend+1","floor":23},{"not_picked":["PrismaMod:IllyaMinorReinForce","PrismaMod:IllyaCommandSeal","PrismaMod:IllyaEvokeAll"],"picked":"SKIP","floor":25},{"not_picked":["PrismaMod:IllyaFriendMaker","PrismaMod:IllyaAlice+1","PrismaMod:IllyaUberDefendChannel"],"picked":"SKIP","floor":29},{"not_picked":["PrismaMod:IllyaEvokeAll","PrismaMod:IllyaAOECommonAttack","PrismaMod:IllyaCommonEvoke"],"picked":"SKIP","floor":31},{"not_picked":["PrismaMod:IllyaUberAttackChannel","PrismaMod:IllyaInstallSaber"],"picked":"PrismaMod:IllyaInstallForeigner","floor":33},{"not_picked":["PrismaMod:IllyaMinorRapidFire+1","PrismaMod:IllyaReinForce+1","PrismaMod:IllyaMaid"],"picked":"SKIP","floor":35},{"not_picked":["PrismaMod:IllyaBlindPoisonToss+1","PrismaMod:IllyaEvokeAll"],"picked":"PrismaMod:IllyaGrail+1","floor":36}],"player_experience":204298,"relics_obtained":[{"floor":9,"key":"Boot"},{"floor":13,"key":"ReplayTheSpireMod:TigerMarble"},{"floor":23,"key":"Mirror"},{"floor":26,"key":"Meat on the Bone"}],"event_choices":[{"damage_healed":0,"gold_gain":0,"player_choice":"Ignored","damage_taken":0,"max_hp_gain":0,"max_hp_loss":0,"event_name":"Purifier","floor":14,"gold_loss":0},{"damage_healed":27,"gold_gain":0,"player_choice":"Heal","damage_taken":0,"max_hp_gain":0,"max_hp_loss":0,"event_name":"The Library","floor":27,"gold_loss":0},{"damage_healed":0,"gold_gain":0,"player_choice":"Paid","damage_taken":0,"relics_obtained":["Red Mask"],"max_hp_gain":0,"max_hp_loss":0,"event_name":"Tomb of Lord Red Mask","floor":37,"gold_loss":289},{"damage_healed":0,"gold_gain":0,"player_choice":"Portal","damage_taken":0,"max_hp_gain":0,"max_hp_loss":0,"event_name":"betterThird:BetterPortal","floor":39,"gold_loss":0}],"is_beta":false,"boss_relics":[{"not_picked":["ChewingGum","Replay:Ancient Bell","Replay:Wanted Poster"]},{"not_picked":["Kintsugi","hubris:BlackHole"],"picked":"Fusion Hammer"}],"items_purged_floors":[],"is_endless":false,"potions_floor_spawned":[3,4,10,13,16,18,25,31],"ascension_level":0}}