{"host":"g1wmg2w41xhsnw8g","time":1608211094,"event":{"mods":["2.2 Compatiblity","Act Like it!","Aspiration","BaseMod","Better Altar","Better Match","Better Note","Better Sensory Stone","Better Skull","Better Third Choice","BetterRewards","Booster Modes","CapriCore","Colored Map","Colored Powertips","Curses Come First","Defuse TimeMaze Blight","Displayed Cursed Tome","Friendly Minions","GifTheSpireLib","Googly Eyes","Hubris","Infinite Spire","Magitek Elite","Minty Spire (QoL Compilation)","Red Circlet Mod","Relic Sorter","SCP261 Mod","Shop Mod","Spicy Shops","StSLib","The Sage","TheBandit","Transform Curses","????"],"gold_per_floor":[112,124,124,140,159,193,211,211,211,211,211,245,245,263,263,363,363,378,378,338,353,353,353,353,63,87,102,140,158,187,191,191,191],"floor_reached":31,"playtime":1971,"items_purged":[],"score":351,"play_id":"38591e65-28ff-4f60-9edb-c9afd045cb98","local_time":"20201217081814","daily_mods":["SealedDeck","Specialized","Heirloom","Elite Swarm"],"is_ascension_mode":true,"campfire_choices":[{"data":"wariomod:Goblast","floor":8,"key":"SMITH"},{"data":"wariomod:RacingSpeed","floor":10,"key":"SMITH"},{"data":"wariomod:KeyFinisher","floor":15,"key":"SMITH"},{"data":"wariomod:MassiveParty","floor":23,"key":"SMITH"}],"circlet_count":0,"master_deck":["wariomod:BodyBlock","wariomod:BodyBlock","wariomod:BodyBlock","wariomod:BodyBlock","wariomod:BodyBlock","wariomod:Game+1","wariomod:DisarmingMoves","wariomod:ChargeForth","wariomod:SmallSprint","wariomod:Goblast+1","wariomod:Leapslam","wariomod:DoubleDash+1","wariomod:Immortalize","wariomod:OctoJump","wariomod:KeyFinisher+1","wariomod:TrekTime","wariomod:SimpleShield","wariomod:RacingSpeed+1","wariomod:GoAgain+1","wariomod:DanceDash","wariomod:MassiveParty+1"],"relics":["wariomod:TheHat","hubris:64BitClover","infinitespire:Midas Blood","aspiration:ChemicalBlood","Bronze Scales","Vajra","hubris:Backtick","Singing Bowl","infinitespire:Lychee Nut","MerchantsRug","wariomod:GlassHat","Bag of Preparation","aspiration:HiddenCompartment","Juzu Bracelet"],"acts_visited":["Exordium","TheCity"],"potions_floor_usage":[6,6,16,16,21,27,29,30,30,30,31,31],"damage_taken":[{"damage":11,"enemies":"Jaw Worm","floor":1,"turns":2},{"damage":0,"enemies":"Cultist","floor":2,"turns":5},{"damage":1,"enemies":"2 Louse","floor":4,"turns":4},{"damage":2,"enemies":"Blue Slaver","floor":5,"turns":5},{"damage":0,"enemies":"Lagavulin","floor":6,"turns":6},{"damage":0,"enemies":"Lots of Slimes","floor":7,"turns":2},{"damage":17,"enemies":"3 Sentries","floor":12,"turns":3},{"damage":13,"enemies":"2 Fungi Beasts","floor":14,"turns":3},{"damage":2,"enemies":"Slime Boss","floor":16,"turns":6},{"damage":10,"enemies":"2 Thieves","floor":18,"turns":3},{"damage":20,"enemies":"Spheric Guardian","floor":21,"turns":4},{"damage":0,"enemies":"Snecko","floor":27,"turns":5},{"damage":41,"enemies":"Slavers","floor":28,"turns":5},{"damage":10,"enemies":"Chosen and Byrds","floor":29,"turns":2},{"damage":24,"enemies":"Nightmare","floor":30,"turns":6},{"damage":10,"enemies":"Centurion and Healer","floor":31,"turns":2}],"seed_played":"6350694739137397706","potions_obtained":[{"floor":2,"key":"SkillPotion"},{"floor":5,"key":"BlessingOfTheForge"},{"floor":7,"key":"SteroidPotion"},{"floor":18,"key":"PowerPotion"},{"floor":28,"key":"SCP261:BostonMolassesPotion"},{"floor":30,"key":"SCP261:GirlTearsPotion"}],"is_trial":true,"path_per_floor":["M","M","?","M","M","E","M","R","T","R","?","E","?","M","R","B",null,"M","AVR","?","M","?","R","?","$","T","M","E","M","NM","M"],"character_chosen":"THE_BANDIT","items_purchased":["MerchantsRug","wariomod:GlassHat"],"campfire_rested":0,"item_purchase_floors":[25,25],"current_hp_per_floor":[69,69,69,68,66,66,66,66,66,66,66,49,90,77,77,75,90,82,69,69,51,51,51,51,51,51,59,26,21,5,0,0,0],"gold":191,"neow_bonus":"","is_daily":false,"chose_seed":false,"campfire_upgraded":4,"win_rate":0.0,"timestamp":1608211094,"path_taken":["M","M","?","M","M","E","?","R","T","R","?","E","?","?","R","BOSS","M","AVR","?","?","?","R","?","$","T","M","E","?","NM","M"],"items_purchased_type":["Relic","Relic"],"build_version":"2020-12-13","purchased_purges":0,"victory":false,"max_hp_per_floor":[80,80,80,80,80,80,80,80,80,80,80,80,90,90,90,90,90,92,69,69,71,71,71,71,71,71,73,75,77,79,79,79,79],"card_choices":[{"not_picked":["wariomod:Leapslam","wariomod:SpikeSlash"],"picked":"wariomod:TrekTime","floor":1},{"not_picked":["wariomod:BoomBoom","wariomod:DoubleDash"],"picked":"wariomod:SimpleShield","floor":2},{"not_picked":["wariomod:SmackSlam","wariomod:Bombshield","wariomod:Immortalize"],"picked":"SKIP","floor":4},{"not_picked":["wariomod:BoomBoom","wariomod:Leapslam"],"picked":"wariomod:RacingSpeed","floor":5},{"not_picked":["wariomod:EnergizedBombs","wariomod:DeadlyDash"],"picked":"wariomod:GoAgain","floor":6},{"not_picked":["wariomod:Smackflip","wariomod:Game"],"picked":"wariomod:DanceDash","floor":7},{"not_picked":["wariomod:Sidestep","wariomod:BoomAndDoom"],"picked":"wariomod:GoAgain","floor":12},{"not_picked":["wariomod:PayItForwards","wariomod:BodyBlock","wariomod:SpikeSlash"],"picked":"SKIP","floor":14},{"not_picked":["wariomod:FabulousPrizes","wariomod:Sidestep"],"picked":"wariomod:MassiveParty","floor":16},{"not_picked":["wariomod:TheGrandJourney+1","wariomod:Game","wariomod:AwfulLook"],"picked":"Singing Bowl","floor":18},{"not_picked":["wariomod:SimpleShield+1","wariomod:SmallSprint","wariomod:DamnedStrength"],"picked":"Singing Bowl","floor":21},{"not_picked":["wariomod:BodyBlock+1","wariomod:SmallSprint","wariomod:Boomsmack"],"picked":"Singing Bowl","floor":27},{"not_picked":["wariomod:VeryLongJump","wariomod:Enshrine","wariomod:GodlyGift"],"picked":"Singing Bowl","floor":28},{"not_picked":["wariomod:Boomsmack","wariomod:CursedSpaces+1","wariomod:BodyBlock"],"picked":"Singing Bowl","floor":29},{"not_picked":["wariomod:SpacialMastery","wariomod:Sidestep","wariomod:GodlyGift"],"picked":"Singing Bowl","floor":30}],"player_experience":1074958,"relics_obtained":[{"floor":6,"key":"infinitespire:Midas Blood"},{"floor":9,"key":"aspiration:ChemicalBlood"},{"floor":12,"key":"Bronze Scales"},{"floor":16,"key":"Vajra"},{"floor":26,"key":"Bag of Preparation"},{"floor":28,"key":"aspiration:HiddenCompartment"},{"floor":30,"key":"Juzu Bracelet"}],"event_choices":[{"damage_healed":0,"gold_gain":0,"player_choice":"Cursed","damage_taken":0,"max_hp_gain":0,"max_hp_loss":0,"event_name":"Wheel of Change","floor":3,"gold_loss":0,"cards_obtained":["Decay"]},{"cards_removed":["wariomod:GoAgain"],"damage_healed":31,"gold_gain":0,"player_choice":"Offered Rare","damage_taken":0,"max_hp_gain":10,"max_hp_loss":0,"event_name":"Bonfire Elementals","floor":13,"gold_loss":0},{"damage_healed":0,"gold_gain":0,"player_choice":"Upgraded Two","damage_taken":0,"max_hp_gain":0,"max_hp_loss":0,"event_name":"Designer","floor":20,"gold_loss":40,"cards_upgraded":["wariomod:Game","wariomod:DoubleDash"]},{"damage_healed":0,"gold_gain":0,"player_choice":"Upgraded","damage_taken":0,"max_hp_gain":0,"max_hp_loss":0,"event_name":"Upgrade Shrine","floor":22,"gold_loss":0,"cards_upgraded":["wariomod:GoAgain"]},{"cards_removed":["Decay"],"damage_healed":0,"gold_gain":0,"player_choice":"Purged","damage_taken":0,"max_hp_gain":0,"max_hp_loss":0,"event_name":"Purifier","floor":24,"gold_loss":0}],"is_beta":false,"boss_relics":[{"not_picked":["aspiration:IroncladSkillbook","Runic Pyramid"],"picked":"hubris:Backtick"}],"items_purged_floors":[],"is_endless":true,"potions_floor_spawned":[2,5,7,18,28,30],"killed_by":"Centurion and Healer","ascension_level":1}}