{"host":"szbnbddwah33j004","time":1608179138,"event":{"mods":["2.2 Compatiblity","AchievementEnabler","Act Like it!","BaseMod","BetterRewards","Colored Map","Energized Spire","Hubris","Minty Spire (QoL Compilation)","StSLib","Strawberry Spire"],"gold_per_floor":[114,130,47,64,83,83,109,109,133,133,162,162,162,162,162,265,265,279,279,297,308,318,318,318,318],"floor_reached":24,"playtime":1914,"items_purged":[],"score":216,"play_id":"eef82aa4-7ff0-4a28-b629-12ca4c702db1","local_time":"20201216222538","is_ascension_mode":true,"campfire_choices":[{"data":"Zap","floor":6,"key":"SMITH"},{"data":"Dualcast","floor":8,"key":"SMITH"},{"data":"Fusion","floor":10,"key":"SMITH"},{"data":"Aggregate","floor":13,"key":"SMITH"},{"floor":15,"key":"REST"},{"data":"hubris:SpecializedCircuitry","floor":23,"key":"SMITH"}],"circlet_count":0,"master_deck":["Strike_B","Strike_B","Strike_B","Strike_B+1","Defend_B","Defend_B+1","Defend_B","Defend_B+1","Zap+1","Dualcast+1","Aggregate+1","Auto Shields+1","Discovery","Doom and Gloom","Chaos","Fusion+1","Sunder+1","hubris:SpecializedCircuitry+1","Loop+1","Melter","Stack","Cold Snap"],"relics":["Cracked Core","NeowsBlessing","strawberrySpire:PoopsieRoll","War Paint","Vajra","hubris:GrandSneckoEye"],"acts_visited":["Exordium","TheCity"],"potions_floor_usage":[7,16,16,22,24],"damage_taken":[{"damage":0,"enemies":"Jaw Worm","floor":1,"turns":1},{"damage":0,"enemies":"Small Slimes","floor":2,"turns":1},{"damage":0,"enemies":"Cultist","floor":4,"turns":1},{"damage":12,"enemies":"3 Louse","floor":5,"turns":3},{"damage":21,"enemies":"Lagavulin","floor":7,"turns":5},{"damage":8,"enemies":"Gremlin Nob","floor":11,"turns":4},{"damage":43,"enemies":"The Guardian","floor":16,"turns":9},{"damage":5,"enemies":"Chosen","floor":18,"turns":5},{"damage":10,"enemies":"3 Byrds","floor":20,"turns":3},{"damage":9,"enemies":"Centurion and Healer","floor":21,"turns":4},{"damage":6,"enemies":"Cultist and Chosen","floor":22,"turns":5},{"damage":51,"enemies":"Slavers","floor":24,"turns":3}],"seed_played":"2970947653674591604","potions_obtained":[{"floor":1,"key":"SneckoOil"},{"floor":5,"key":"Regen Potion"},{"floor":7,"key":"EssenceOfSteel"},{"floor":16,"key":"Ancient Potion"},{"floor":20,"key":"Swift Potion"},{"floor":21,"key":"Block Potion"}],"is_trial":false,"path_per_floor":["M","M","$","M","M","R","E","R","T","R","E","?","R","?","R","B",null,"M","?","M","M","M","R","E"],"character_chosen":"DEFECT","items_purchased":["Discovery"],"campfire_rested":1,"item_purchase_floors":[3],"current_hp_per_floor":[75,75,75,75,63,63,42,42,42,42,34,34,34,19,41,13,75,70,75,65,56,50,50,0,0],"gold":318,"neow_bonus":"THREE_ENEMY_KILL","is_daily":false,"chose_seed":false,"campfire_upgraded":5,"win_rate":0.0,"timestamp":1608179138,"path_taken":["M","M","$","M","M","R","E","R","T","R","E","?","R","?","R","BOSS","M","?","M","M","?","R","E"],"items_purchased_type":["Card"],"build_version":"2020-12-13","purchased_purges":0,"victory":false,"max_hp_per_floor":[75,75,75,75,75,75,75,75,75,75,75,75,75,75,75,75,75,75,75,75,75,75,75,75,75],"card_choices":[{"not_picked":["hubris:Ukulele","Turbo"],"picked":"Aggregate","floor":1},{"not_picked":["Sweeping Beam","FTL"],"picked":"Auto Shields","floor":2},{"not_picked":["Sweeping Beam","Barrage"],"picked":"Doom and Gloom","floor":4},{"not_picked":["Barrage","Steam"],"picked":"Chaos","floor":5},{"not_picked":["strawberrySpire:Disconnect","strawberrySpire:GearCrunch"],"picked":"Fusion","floor":7},{"not_picked":["Go for the Eyes","strawberrySpire:Gammacceleration"],"picked":"Sunder","floor":11},{"not_picked":["Thunder Strike","Reboot"],"picked":"hubris:SpecializedCircuitry","floor":16},{"not_picked":["Cold Snap","Leap"],"picked":"Loop+1","floor":18},{"not_picked":["Hologram","Leap+1"],"picked":"Melter","floor":20},{"not_picked":["Steam","hubris:Ukulele+1"],"picked":"Stack","floor":21},{"not_picked":["Steam+1","strawberrySpire:Adapter"],"picked":"Cold Snap","floor":22}],"player_experience":48635,"relics_obtained":[{"floor":7,"key":"strawberrySpire:PoopsieRoll"},{"floor":9,"key":"War Paint"},{"floor":11,"key":"Vajra"}],"event_choices":[{"damage_healed":0,"gold_gain":0,"player_choice":"Entered Light","damage_taken":15,"max_hp_gain":0,"max_hp_loss":0,"event_name":"Shining Light","floor":14,"gold_loss":0,"cards_upgraded":["Strike_B","Auto Shields"]},{"damage_healed":5,"gold_gain":0,"player_choice":"Full Heal","damage_taken":0,"max_hp_gain":0,"max_hp_loss":0,"event_name":"Wheel of Change","floor":19,"gold_loss":0}],"is_beta":false,"boss_relics":[{"not_picked":["SacredBark","Fusion Hammer"],"picked":"hubris:GrandSneckoEye"}],"items_purged_floors":[],"is_endless":false,"potions_floor_spawned":[1,5,7,16,20,21],"killed_by":"Slavers","ascension_level":1}}