{"host":"4a6fro0of1ie0h2w","time":1608236686,"event":{"mods":["Aspiration","BaseMod","CCEM","Colored Map","Conspire","Downfall","GifTheSpireLib","Halation","Highlight Path","Hubris","Infinite Spire","Marisa????????","Minty Spire (QoL Compilation)","Permanent Neow","Replay The Spire","StSLib","Stuff the Spire","The Servant 0.9.4"],"gold_per_floor":[99,128,128,578,595,595,622,632,632,664,28,41,41,41,51,51,51],"floor_reached":16,"playtime":758,"items_purged":["Slimebound:Icky"],"score":108,"play_id":"e53d9aa4-90df-4aac-ad43-4a3ef6623e27","local_time":"20201217222446","is_ascension_mode":false,"campfire_choices":[{"data":"champ:Taunt","floor":1,"key":"SMITH"},{"floor":6,"key":"REST"},{"data":"champ:FlashCut","floor":9,"key":"SMITH"}],"circlet_count":0,"master_deck":["champ:Strike","champ:Strike","champ:Strike","champ:Strike","champ:Defend","champ:Defend","champ:Defend","champ:Defend","champ:Execute","champ:Taunt+1","champ:Lariat","Slimebound:Icky","Slimebound:Icky","champ:TornadoPunch","champ:FlashCut+1","champ:Circumvent","champ:PerfectedStrike","champ:AdrenalArmor","champ:FlashCut"],"relics":["champ:ChampionCrown","WingedGreaves","CCEMRelics:OverlyComfyChair","Bronze Scales","Orichalcum","aspiration:SeaSaltIceCream","aspiration:Nostalgia","Burning Blood","Meat on the Bone","Ring of Fury","Ring of Peace"],"acts_visited":["Exordium"],"potions_floor_usage":[16],"damage_taken":[{"damage":56,"enemies":"Lagavulin","floor":2,"turns":8},{"damage":9,"enemies":"Cultist","floor":5,"turns":5},{"damage":1,"enemies":"2 Louse","floor":8,"turns":3},{"damage":26,"enemies":"3 Sentries","floor":10,"turns":7},{"damage":5,"enemies":"downfall:FleeingMerchant","floor":11,"turns":4},{"damage":4,"enemies":"Jaw Worm","floor":12,"turns":3},{"damage":11,"enemies":"2 Fungi Beasts","floor":15,"turns":4},{"damage":73,"enemies":"downfall:Ironclad","floor":16,"turns":9}],"seed_played":"-947146439910074707","potions_obtained":[{"floor":2,"key":"SteroidPotion"},{"floor":10,"key":"Reflective Coating"},{"floor":15,"key":"Elixir"}],"is_trial":false,"path_per_floor":["R","E","?","?","M","R","T","M","R","E","$","M","?","?","M","B"],"character_chosen":"THE_CHAMP","items_purchased":["aspiration:SeaSaltIceCream","champ:AdrenalArmor","Meat on the Bone"],"campfire_rested":1,"item_purchase_floors":[11,11,11],"current_hp_per_floor":[63,22,22,22,20,47,47,48,48,33,34,56,56,56,70,0,0],"gold":51,"neow_bonus":"ONE_RARE_RELIC","is_daily":false,"chose_seed":false,"campfire_upgraded":2,"win_rate":0.0,"timestamp":1608236686,"path_taken":["R","E","?","?","M","R","T","M","R","E","?","M","?","?","M","BOSS"],"items_purchased_type":["Relic","Card","Relic"],"build_version":"2020-12-13","purchased_purges":1,"victory":false,"max_hp_per_floor":[90,90,90,90,90,90,90,90,90,90,90,90,90,90,90,90,90],"card_choices":[{"not_picked":["champ:DefensiveStyle","champ:Encircle"],"picked":"champ:Lariat","floor":2},{"not_picked":["champ:BringItOn","champ:GladiatorsShout"],"picked":"champ:TornadoPunch","floor":5},{"not_picked":["champ:FanOfKnives","champ:DefensiveShout"],"picked":"champ:FlashCut","floor":8},{"not_picked":["champ:PerfectForm","champ:FanOfKnives"],"picked":"champ:Circumvent","floor":10},{"not_picked":["champ:TornadoPunch","champ:GladiatorsShout"],"picked":"champ:PerfectedStrike","floor":11},{"not_picked":["champ:BringItOn","champ:FanOfKnives","champ:BerserkersShout"],"picked":"SKIP","floor":12},{"not_picked":["champ:DefensiveStyle","champ:BringItOn"],"picked":"champ:FlashCut","floor":15}],"player_experience":175278,"relics_obtained":[{"floor":2,"key":"CCEMRelics:OverlyComfyChair"},{"floor":7,"key":"Bronze Scales"},{"floor":10,"key":"Orichalcum"},{"floor":13,"key":"Ring of Fury"},{"floor":13,"key":"Ring of Peace"}],"event_choices":[{"cards_removed":["Spreading Infection"],"damage_healed":0,"gold_gain":0,"player_choice":"Card Removal","damage_taken":0,"max_hp_gain":0,"max_hp_loss":0,"event_name":"Wheel of Change","floor":14,"gold_loss":0}],"is_beta":false,"boss_relics":[],"items_purged_floors":[11],"is_endless":false,"potions_floor_spawned":[2,10,15],"killed_by":"downfall:Ironclad","ascension_level":0}}