{"host":"0y7rggrn2c7yxnri","time":1608190355,"event":{"mods":["AchievementEnabler","Act Like it!","AlwaysNeverKeys","Aspiration","Bartender","BaseMod","Better Altar","Better Sensory Stone","Better Skull","Better Third Choice","Better Vampires","BetterRewards","Colored Map","Colored Powertips","Displayed Cursed Tome","Duelist Mod","GifTheSpireLib","Magitek Elite","Minty Spire (QoL Compilation)","Permanent Neow","Quick Restart","Replay The Spire","Shop Mod","Spicy Shops","StSLib","Stuff the Spire","The Alterego","The Animator","The Servant 0.9.4","Transform Curses","Virulent Crown","Wandering Minibosses","vexMod"],"gold_per_floor":[114,114,133,152,77,77,105,121,144,156,168,3,3,3,3,80,80,92,92,92,92,92,122,139,174,197,60,95,106,106,120,120,196,196,212,264,979,1003,441,468,1,3,3,51,51,67,67,67,67,92,145,145,145,145,145,126,152,152],"floor_reached":59,"playtime":2155,"items_purged":["animator:Curse_Greed"],"score":3667,"play_id":"b89e2e2a-70ce-4b2a-8527-ea4f2f7d09a8","local_time":"20201217023235","is_ascension_mode":true,"campfire_choices":[{"data":"Apotheosis","floor":6,"key":"SMITH"},{"floor":15,"key":"REST"},{"floor":30,"key":"DIG"},{"floor":55,"key":"DIG"}],"circlet_count":0,"master_deck":["AscendersBane","Strike_R","Strike_R","Strike_R","Strike_R","Strike_R","Defend_R","Defend_R","Defend_R+1","Defend_R+1","Bash","Apotheosis+1","Cleave","Limit Break+1","StuffTheSpire:Ambrosia+1","Spot Weakness","Demon Form","StuffTheSpire:Pyroclast","Heavy Blade","Double Tap+1","ReplayTheSpireMod:LeadingStrike","Feed","Pommel Strike+1","ReplayTheSpireMod:Limb From Limb","StuffTheSpire:Resist+1","ReplayTheSpireMod:LeadingStrike"],"relics":["Burning Blood","Replay:WaspNest","Potion Belt","Divine Protection","Another Sword","ReplayTheSpireMod:CursedCoin","aspiration:FrozenJewel","Oddly Smooth Stone","Medical Kit","StuffTheSpire:Kangaroo","MutagenicStrength","ReplayTheSpireMod:Ninjato","Anchor","InkBottle","Blood Vial","Fusion Hammer","Smiling Mask","wanderingMiniBosses:MasterThiefsPresence","Replay:Wax Seal","MerchantsRug","Lantern","aspiration:ChemicalBlood","Question Card","StuffTheSpire:Saxophone","StuffTheSpire:Expresso","StrikeDummy","vexMod:Dragonfruit","Lizard Tail","aspiration:StickyExplosives","StuffTheSpire:EmeraldSignet","StuffTheSpire:Gunfinga","Gambling Chip"],"acts_visited":["Exordium","TheCity","TheBeyond","TheEnding"],"potions_floor_usage":[7,16,29,29,37,40,46,52,53,58,58,58],"damage_taken":[{"damage":0,"enemies":"Cultist","floor":1,"turns":3},{"damage":11,"enemies":"Jaw Worm","floor":3,"turns":3},{"damage":14,"enemies":"Small Slimes","floor":4,"turns":4},{"damage":24,"enemies":"Lagavulin","floor":7,"turns":4},{"damage":1,"enemies":"Looter","floor":8,"turns":2},{"damage":11,"enemies":"Exordium Thugs","floor":10,"turns":3},{"damage":10,"enemies":"Gremlin Gang","floor":11,"turns":3},{"damage":14,"enemies":"Hexaghost","floor":16,"turns":6},{"damage":22,"enemies":"Shell Parasite","floor":18,"turns":4},{"damage":25,"enemies":"Book of Stabbing","floor":23,"turns":4},{"damage":0,"enemies":"Spheric Guardian","floor":24,"turns":3},{"damage":0,"enemies":"Gremlin Leader","floor":25,"turns":4},{"damage":29,"enemies":"Book of Stabbing","floor":28,"turns":4},{"damage":6,"enemies":"Cultist and Chosen","floor":29,"turns":4},{"damage":0,"enemies":"Sentry and Sphere","floor":31,"turns":3},{"damage":9,"enemies":"Collector","floor":33,"turns":6},{"damage":0,"enemies":"3 Darklings","floor":35,"turns":1},{"damage":12,"enemies":"Orb Walker","floor":37,"turns":5},{"damage":29,"enemies":"Giant Head","floor":40,"turns":5},{"damage":0,"enemies":"Sphere and 2 Shapes","floor":46,"turns":1},{"damage":0,"enemies":"Mind Bloom Boss Battle","floor":50,"turns":2},{"damage":0,"enemies":"2 Orb Walkers","floor":51,"turns":1},{"damage":4,"enemies":"Awakened One","floor":52,"turns":5},{"damage":0,"enemies":"Time Eater","floor":53,"turns":4},{"damage":0,"enemies":"Shield and Spear","floor":57,"turns":1},{"damage":83,"enemies":"The Heart","floor":58,"turns":5}],"seed_played":"7747432126269596055","potions_obtained":[{"floor":1,"key":"Strength Potion"},{"floor":7,"key":"AttackPotion"},{"floor":10,"key":"Swift Potion"},{"floor":16,"key":"Languid Potion"},{"floor":23,"key":"Weak Potion"},{"floor":31,"key":"Cursed Concoction"},{"floor":33,"key":"Elixir"},{"floor":37,"key":"AttackPotion"},{"floor":45,"key":"Flashbang"},{"floor":46,"key":"SpeedPotion"}],"is_trial":false,"path_per_floor":["M","?","M","M","$","R","E","M","T","M","M","$","$","$","R","B",null,"M","?","?","?","$","E","M","E","T","$","E","M","R","M","R","B",null,"M","T","M","T","$","E","$","$","T","?","?","M","?","PTL","PTL","?","R_BF","B","B",null,"R","$","E","B",null],"character_chosen":"IRONCLAD","items_purchased":["Replay:WaspNest","Potion Belt","Divine Protection","Apotheosis","Another Sword","Replay:Multitool","Cleave","aspiration:DSix","vexMod:Spyglass","ReplayTheSpireMod:CursedCoin","Limit Break","Simple Rune","Medical Kit","InkBottle","MerchantsRug","Guide Book","Lantern","aspiration:ChemicalBlood","Frozen Egg 2","Feed","StuffTheSpire:Saxophone","StuffTheSpire:Expresso","StuffTheSpire:Gunfinga"],"campfire_rested":1,"item_purchase_floors":[0,0,0,0,0,0,0,0,0,0,0,0,12,27,39,39,39,39,41,41,41,42,56],"current_hp_per_floor":[74,74,70,63,63,63,46,52,52,48,45,45,45,45,69,62,77,62,70,70,74,74,56,63,70,70,70,48,51,51,60,86,87,90,93,93,89,89,89,70,70,70,70,37,37,51,51,51,51,61,71,81,91,109,109,109,117,54],"gold":152,"neow_bonus":"","is_daily":false,"chose_seed":false,"campfire_upgraded":1,"win_rate":0.0,"timestamp":1608190355,"path_taken":["M","?","?","M","$","R","E","M","T","M","M","?","$","?","R","BOSS","M","?","?","?","?","E","M","E","T","?","E","?","R","M","R","BOSS","M","?","M","?","?","E","?","$","T","?","?","?","?","PTL","PTL","?","R_BF","BOSS","BOSS","R","$","E","BOSS"],"items_purchased_type":["Relic","Relic","Relic","Card","Relic","Relic","Card","Relic","Relic","Relic","Card","Relic","Relic","Relic","Relic","Relic","Relic","Relic","Relic","Card","Relic","Relic","Relic"],"build_version":"2020-12-13","purchased_purges":1,"victory":true,"max_hp_per_floor":[75,75,76,77,77,77,78,79,79,80,81,81,81,81,81,82,82,83,83,83,83,83,84,85,86,86,86,87,88,88,89,89,91,91,93,93,95,95,95,97,97,97,97,102,102,108,103,103,103,105,107,113,115,115,115,115,117,119],"card_choices":[{"not_picked":["Power Through","Ghostly Armor","Sentinel"],"picked":"SKIP","floor":1},{"not_picked":["StuffTheSpire:CelestialWarden","StuffTheSpire:Harmony"],"picked":"StuffTheSpire:Ambrosia","floor":2},{"not_picked":["Havoc","ReplayTheSpireMod:Strike From Hell"],"picked":"Spot Weakness","floor":3},{"not_picked":["Replay:Undeath\u0027s Touch","StuffTheSpire:Resist","Rage"],"picked":"SKIP","floor":4},{"not_picked":["True Grit","Sever Soul","StuffTheSpire:BloodClot"],"picked":"SKIP","floor":7},{"not_picked":["StuffTheSpire:RockThrow","Armaments","Flame Barrier"],"picked":"SKIP","floor":8},{"not_picked":["Carnage","StuffTheSpire:BloodClot","ReplayTheSpireMod:Corrosion Curse"],"picked":"SKIP","floor":10},{"not_picked":["StuffTheSpire:Slingshot","Perfected Strike","Impervious"],"picked":"SKIP","floor":11},{"not_picked":["Reaper","Hemogenesis"],"picked":"Demon Form","floor":16},{"not_picked":["Ghostly Armor","Body Slam"],"picked":"StuffTheSpire:Pyroclast","floor":18},{"not_picked":["Shockwave","ReplayTheSpireMod:Muscle Training","StuffTheSpire:Incineration"],"picked":"SKIP","floor":23},{"not_picked":["Hemokinesis","StuffTheSpire:Incineration","Reckless Charge"],"picked":"SKIP","floor":24},{"not_picked":["Shrug It Off","Iron Wave","Bludgeon"],"picked":"SKIP","floor":25},{"not_picked":["Twin Strike","StuffTheSpire:BloodClot+1"],"picked":"Heavy Blade","floor":28},{"not_picked":["Perfected Strike","Life Link","Shrug It Off"],"picked":"SKIP","floor":29},{"not_picked":["Heavy Blade","Sword Boomerang","StuffTheSpire:TitanForm"],"picked":"SKIP","floor":31},{"not_picked":["Fiend Fire","Juggernaut"],"picked":"Double Tap","floor":33},{"not_picked":["Searing Blow","Havoc","Perfected Strike+1"],"picked":"SKIP","floor":35},{"not_picked":["Searing Blow","Iron Wave","ReplayTheSpireMod:Limb From Limb"],"picked":"SKIP","floor":37},{"not_picked":["Juggernaut","Massacre+1"],"picked":"ReplayTheSpireMod:LeadingStrike","floor":40},{"not_picked":["Ghostly Armor","StuffTheSpire:RockThrow+1","Body Slam"],"picked":"Pommel Strike+1","floor":44},{"not_picked":["Clash","Sentinel","ReplayTheSpireMod:Strike From Hell","Heavy Blade"],"picked":"SKIP","floor":46},{"not_picked":["Wild Strike","Replay:Undeath\u0027s Touch+1","Flame Barrier"],"picked":"ReplayTheSpireMod:Limb From Limb","floor":50},{"not_picked":["StuffTheSpire:Incineration+1","Spot Weakness+1","Dual Wield"],"picked":"StuffTheSpire:Resist+1","floor":51},{"not_picked":["Inflame","Warcry","StuffTheSpire:BloodClot+1"],"picked":"ReplayTheSpireMod:LeadingStrike","floor":57}],"player_experience":307749,"relics_obtained":[{"floor":7,"key":"aspiration:FrozenJewel"},{"floor":9,"key":"Oddly Smooth Stone"},{"floor":23,"key":"ReplayTheSpireMod:Ninjato"},{"floor":25,"key":"Red Skull"},{"floor":26,"key":"Anchor"},{"floor":28,"key":"Blood Vial"},{"floor":30,"key":"Omamori"},{"floor":36,"key":"Smiling Mask"},{"floor":37,"key":"wanderingMiniBosses:MasterThiefsPresence"},{"floor":38,"key":"Replay:Wax Seal"},{"floor":40,"key":"Question Card"},{"floor":43,"key":"StrikeDummy"},{"floor":44,"key":"vexMod:Dragonfruit"},{"floor":50,"key":"Lizard Tail"},{"floor":51,"key":"aspiration:StickyExplosives"},{"floor":55,"key":"StuffTheSpire:EmeraldSignet"},{"floor":57,"key":"Gambling Chip"}],"event_choices":[{"damage_healed":0,"gold_gain":0,"player_choice":"Inject Mutagens","damage_taken":0,"relics_obtained":["MutagenicStrength"],"max_hp_gain":0,"max_hp_loss":0,"event_name":"Drug Dealer","floor":20,"gold_loss":0},{"damage_healed":0,"gold_gain":0,"player_choice":"Got Potions","damage_taken":0,"max_hp_gain":0,"max_hp_loss":0,"event_name":"Lab","floor":45,"gold_loss":0},{"damage_healed":0,"gold_gain":0,"player_choice":"Max HP","damage_taken":0,"max_hp_gain":0,"max_hp_loss":5,"event_name":"Winding Halls","floor":47,"gold_loss":0},{"damage_healed":0,"gold_gain":0,"player_choice":"Fight","damage_taken":0,"max_hp_gain":0,"max_hp_loss":0,"event_name":"MindBloom","floor":50,"gold_loss":0},{"damage_healed":0,"gold_gain":0,"player_choice":"Fight","damage_taken":0,"max_hp_gain":0,"max_hp_loss":0,"event_name":"Mysterious Sphere","floor":51,"gold_loss":0}],"is_beta":false,"boss_relics":[{"not_picked":["aspiration:RunicSpoon","SlaversCollar"],"picked":"StuffTheSpire:Kangaroo"},{"not_picked":["Replay:Drink Me","vexMod:RockOfEvil"],"picked":"Fusion Hammer"}],"items_purged_floors":[5],"is_endless":false,"potions_floor_spawned":[1,7,10,16,23,31,33,37,46],"ascension_level":20}}