{"host":"npubv26u89aif4fa","time":1608201771,"event":{"mods":["Astrologer","BaseMod","Better Vampires","Colored Powertips","GifTheSpireLib","GungeonMod","HornydragonMod","Hubris","Jedi Mod","Minty Spire (QoL Compilation)","MostiFishMod","Nova Terra(诺娃・泰拉)","Quick Restart","Remilia（蕾米莉亚）","Replay The Spire","StSLib","Td1madao Mod","The Administrix","The Alterego","The Bug Knight","The Cursed","The Dragon Tamer","The Hayseed","The Runesmith","TheWitcher","Yuri Mod","Yuyuko","【东方二次创作】八云紫mod"],"gold_per_floor":[111,111,122,141,141,159,173,187,187,216,216,34,64,84,84,185,185,199,199,213,224,236,236,264,264,264,276,295,307,332,58,58,162,162,181,181,197,211,225,225,275,309,309,309,924,950,963,983,983,983,983,983,625,660,660],"floor_reached":56,"playtime":4919,"items_purged":["alterego_mod:Strike","alterego_mod:Strike"],"score":1352,"play_id":"baebd911-53ed-42eb-ac7e-611f74498477","local_time":"20201217184251","is_ascension_mode":false,"campfire_choices":[{"floor":11.0,"key":"RECALL"},{"data":"TheCursedMod:CircleOfFocus","floor":15.0,"key":"SMITH"},{"data":"alterego_mod:BrynhildrsRune","floor":23.0,"key":"SMITH"},{"data":"alterego_mod:Venus","floor":25.0,"key":"SMITH"},{"data":"alterego_mod:Tantrum","floor":32.0,"key":"SMITH"},{"data":"alterego_mod:Weigh","floor":44.0,"key":"SMITH"},{"floor":49.0,"key":"REST"},{"data":"AdministrixMod:JustRewards","floor":52.0,"key":"SMITH"}],"circlet_count":0,"master_deck":["alterego_mod:Strike","alterego_mod:Strike","alterego_mod:Defend","alterego_mod:Defend","alterego_mod:Defend","alterego_mod:Defend","alterego_mod:Impale","alterego_mod:BigMeatyClaws","alterego_mod:BrynhildrsRune+1","alterego_mod:Punishment","TheCursedMod:CircleOfFocus+1","AdministrixMod:JustRewards+1","MostiFishMod:ButterFly","alterego_mod:Venus+1","Blue","HollowMod:DungDefenderAura","Reinforcement Parts","alterego_mod:Schoolgirl","MostiFishMod:Hijack","alterego_mod:Swimsuit","Wandering Soul","MiserableFate","alterego_mod:Undulate+1","Runesmith:FieryHammer+1","alterego_mod:DeftHands","alterego_mod:Tantrum+1","alterego_mod:RingBreak","alterego_mod:SakuraPetals","SnafuTest:UnpredictablePuncture+1","NovaMod:AssaultMode","alterego_mod:Weigh+1","TheCursedMod:CircleOfFlame+1","alterego_mod:Swimsuit","alterego_mod:Exercise","DiffusionOfMisfortune+1"],"relics":["alterego_mod:MasochisticConstitution","DaveBox","Sling","Question Card","PrismaticShard","hubris:Towel","Vajra","Membership Card","Orichalcum","ImportantClient","jedi:battlestandard","Strawberry","Question Card","Red Mask","Incense Burner","Snecko Eye","hubris:CuriousFeather","jedi:kaleidoscope","Toxic Egg 2","Runesmith:Locket","hubris:Metronome","Gremlin Horn","Replay:Multitool","yuri:PortableGlitches"],"acts_visited":["Exordium","TheCity","TheBeyond","TheEnding"],"potions_floor_usage":[],"damage_taken":[{"damage":13.0,"enemies":"Cultist","floor":1.0,"turns":4.0},{"damage":15.0,"enemies":"Jaw Worm","floor":3.0,"turns":5.0},{"damage":8.0,"enemies":"2 Louse","floor":4.0,"turns":3.0},{"damage":0.0,"enemies":"Blue Slaver","floor":6.0,"turns":1.0},{"damage":0.0,"enemies":"3 Louse","floor":7.0,"turns":1.0},{"damage":3.0,"enemies":"Red Slaver","floor":8.0,"turns":3.0},{"damage":15.0,"enemies":"3 Sentries","floor":10.0,"turns":5.0},{"damage":15.0,"enemies":"Lagavulin","floor":13.0,"turns":7.0},{"damage":8.0,"enemies":"Blue Slaver","floor":14.0,"turns":4.0},{"damage":20.0,"enemies":"Fading Forest","floor":16.0,"turns":11.0},{"damage":1.0,"enemies":"Spheric Guardian","floor":18.0,"turns":3.0},{"damage":0.0,"enemies":"3 Cultists","floor":20.0,"turns":3.0},{"damage":7.0,"enemies":"Cultist and Chosen","floor":21.0,"turns":3.0},{"damage":9.0,"enemies":"Centurion and Healer","floor":22.0,"turns":3.0},{"damage":1.0,"enemies":"Book of Stabbing","floor":24.0,"turns":3.0},{"damage":37.0,"enemies":"Shelled Parasite and Fungi","floor":27.0,"turns":4.0},{"damage":19.0,"enemies":"Sentry and Sphere","floor":28.0,"turns":4.0},{"damage":1.0,"enemies":"Snake Plant","floor":29.0,"turns":3.0},{"damage":0.0,"enemies":"Masked Bandits","floor":30.0,"turns":1.0},{"damage":22.0,"enemies":"Champ","floor":33.0,"turns":4.0},{"damage":0.0,"enemies":"Orb Walker","floor":35.0,"turns":2.0},{"damage":6.0,"enemies":"3 Shapes","floor":37.0,"turns":4.0},{"damage":18.0,"enemies":"4 Shapes","floor":38.0,"turns":1.0},{"damage":0.0,"enemies":"Jaw Worm Horde","floor":39.0,"turns":2.0},{"damage":20.0,"enemies":"Reptomancer","floor":40.0,"turns":4.0},{"damage":61.0,"enemies":"Mind Bloom Boss Battle","floor":41.0,"turns":4.0},{"damage":0.0,"enemies":"Giant Head","floor":42.0,"turns":1.0},{"damage":0.0,"enemies":"Sphere and 2 Shapes","floor":45.0,"turns":2.0},{"damage":4.0,"enemies":"R_Hoarder","floor":46.0,"turns":3.0},{"damage":2.0,"enemies":"HollowMod:SlobberingHusk","floor":47.0,"turns":2.0},{"damage":0.0,"enemies":"4 Shapes","floor":48.0,"turns":1.0},{"damage":32.0,"enemies":"Donu and Deca","floor":50.0,"turns":4.0},{"damage":5,"enemies":"Shield and Spear","floor":54,"turns":3},{"damage":104,"enemies":"The Heart","floor":55,"turns":6}],"seed_played":"-3298718153314861939","potions_obtained":[{"floor":4.0,"key":"Adrenaline Potion"},{"floor":7.0,"key":"BlessingOfTheForge"},{"floor":8.0,"key":"PowerPotion"},{"floor":14.0,"key":"Strength Potion"},{"floor":42.0,"key":"jedi:tentaclejuice"}],"is_trial":false,"path_per_floor":["M","?","M","M","?","M","M","M","T","E","R","$","E","M","R","B",null,"M","?","M","M","M","R","E","R","T","M","M","M","?","$","R","B",null,"M","?","M","M","M","E","?","E","T","R","M","E","M","M","R","B",null,"R","$","E","B",null],"character_chosen":"The_Alterego","items_purchased":["Membership Card","Incense Burner","alterego_mod:Tantrum","alterego_mod:RingBreak","alterego_mod:SakuraPetals","alterego_mod:Swimsuit","Gremlin Horn","Replay:Multitool","alterego_mod:Exercise"],"campfire_rested":1,"item_purchase_floors":[12,31,31,31,31,53,53,53,53],"current_hp_per_floor":[65,65,51,44,44,56,64,66,66,70,70,70,64,68,68,70,85,85,85,85,82,85,85,95,95,95,66,56,65,65,65,65,82,99,99,99,94,101,101,86,30,30,30,30,34,47,46,74,105,85,106,106,106,102,11],"gold":660,"neow_bonus":"TEN_PERCENT_HP_BONUS","is_daily":false,"chose_seed":false,"campfire_upgraded":6,"win_rate":0.0,"timestamp":1608201771,"path_taken":["M","?","M","M","?","M","M","M","T","E","R","$","E","?","R","BOSS","M","?","M","M","M","R","E","R","T","M","M","M","?","$","R","BOSS","M","?","M","?","M","E","?","E","T","R","M","E","M","M","R","BOSS","R","$","E","BOSS"],"items_purchased_type":["Relic","Relic","Card","Card","Card","Card","Relic","Relic","Card"],"build_version":"2020-12-13","purchased_purges":2,"victory":true,"max_hp_per_floor":[78,78,79,80,80,80,80,81,81,82,82,82,83,84,84,85,85,86,86,85,86,87,87,95,95,95,96,97,98,98,98,98,99,99,99,99,100,101,101,102,103,103,103,103,103,104,105,105,105,106,106,106,106,107,108],"card_choices":[{"not_picked":["alterego_mod:DustData","alterego_mod:TrashNCrash"],"picked":"alterego_mod:Punishment","floor":1.0},{"not_picked":["SnafuTest:UnpredictablePuncture","SnafuTest:Shooting","Dodge and Roll"],"picked":"TheCursedMod:CircleOfFocus","floor":3.0},{"not_picked":["Forethought","SnafuTest:Shooting","MostiFishMod:Speedup"],"picked":"AdministrixMod:JustRewards","floor":4.0},{"not_picked":["Ie6","Gather the Spring","SnafuTest:SpellChainLightning"],"picked":"Blue","floor":6.0},{"not_picked":["Shallow_ocean_purpleEX","TheSimpletonMod:PestManagement","SnafuTest:NoPass"],"picked":"HollowMod:DungDefenderAura","floor":7.0},{"not_picked":["Headbutt","astrologer:TheMoon","SnafuTest:SpellChainLightning","Here Defend Chip"],"picked":"SKIP","floor":8.0},{"not_picked":["NovaMod:PulseGrenade","DemoMod:Unmoved","astrologer:TheHangedMan"],"picked":"Reinforcement Parts","floor":10.0},{"not_picked":["yuri:TPose","TheCursedMod:VitalStrike","HollowMod:HeavyBlow","DemoMod:FastSwitch"],"picked":"SKIP","floor":13.0},{"not_picked":["Reverse The Screen","HollowMod:MonarchWings","Meditate"],"picked":"alterego_mod:Schoolgirl","floor":14.0},{"not_picked":["MostiFishMod:Zero-Sum","Runesmith:ArcReactor","TheCursedMod:CollectTribute"],"picked":"MostiFishMod:Hijack","floor":16.0},{"not_picked":["HollowMod:MawleksShell+1","Unstable Ward+1","HeadDefend","Fondling of Papilio"],"picked":"SKIP","floor":18.0},{"not_picked":["NovaMod:GhostAcademy+1","Unborn Light","NovaMod:PulseGrenade"],"picked":"Wandering Soul","floor":20.0},{"not_picked":["Provocative+1","Sword Boomerang","NovaMod:Lurk+1","Body Slam+1"],"picked":"SKIP","floor":21.0},{"not_picked":["DemoMod:HungryBullets","DemoMod:Unmoved","Disarm"],"picked":"MiserableFate","floor":22.0},{"not_picked":["Stigmanizer","HeadDefend","Good Instincts+1"],"picked":"alterego_mod:Undulate+1","floor":24.0},{"not_picked":["Trumpet","AdministrixMod:QuietConspiracy","NovaMod:Detonation","BraveAlcohol","alterego_mod:Maid+1"],"picked":"SKIP","floor":27.0},{"not_picked":["Runesmith:PerfectChisel","TheCursedMod:ReleasedStrength","DemoMod:ZorGun","yuri:MultiDip"],"picked":"Runesmith:FieryHammer+1","floor":28.0},{"not_picked":["DTMod:ForkedFire","ReplayTheSpireMod:Shiv Toss","DemoMod:PracticeMakesPerfect","Noxious Fumes","NovaMod:CovertOps"],"picked":"SKIP","floor":29.0},{"not_picked":["PathToVictory+1","AdministrixMod:BloodlessSapphire","astrologer:TheMoon","MNeedle_purple"],"picked":"alterego_mod:DeftHands","floor":30.0},{"not_picked":["Replay:Undeath\u0027s Touch+1","FearNoEvil+1","AdministrixMod:BishamonBlessing","Dying Sakura"],"picked":"SnafuTest:UnpredictablePuncture+1","floor":35.0},{"not_picked":["Replay:Undeath\u0027s Touch","DTMod:Training+1","MostiFishMod:ActiveDefenseSystem","alterego_mod:Pet"],"picked":"NovaMod:AssaultMode","floor":37.0},{"not_picked":["yuri:Skip","NovaMod:Bioaugmentation+1","EmptyFist","Gauzy Sakura+1","FollowUp+1"],"picked":"SKIP","floor":38.0},{"not_picked":["HollowMod:NewInfectedGuardian","Searing Blow+1","SignatureMove","DTMod:TagTeam+1","Slice"],"picked":"SKIP","floor":39.0},{"not_picked":["yuri:BookPurple+1","alterego_mod:Pet","DTMod:Shift","CharismaGuard","Runesmith:RuneHurl+1"],"picked":"SKIP","floor":40.0},{"not_picked":["Replay:BasicMightCard","astrologer:Still","Clash","SnafuTest:BombDancingStar"],"picked":"alterego_mod:Weigh","floor":41.0},{"not_picked":["jedi:overflow+1","TheSimpletonMod:BumperCrop+1","yuri:BookPurple","RainbowAttack"],"picked":"TheCursedMod:CircleOfFlame+1","floor":42.0},{"not_picked":["TheSimpletonMod:Asparagus","NovaMod:Pollution+1","Caffeine+1","yuri:ThrowingKnives","DemoMod:FeignSurrender+1"],"picked":"SKIP","floor":45.0},{"not_picked":["MostiFishMod:GrandStart","HollowMod:ChannelNail+1","Replay:Vibes+1","HollowMod:RecoilStrike","AdministrixMod:SealAway+1"],"picked":"SKIP","floor":46.0},{"not_picked":["Replay:BluntJabs","Distracted+1","Evaluate+1","Judgment+1","SnafuTest:BombDancingStar+1"],"picked":"SKIP","floor":47.0},{"not_picked":["Floating Swing Kick","SnafuTest:Shooting+1","TheCursedMod:TroublousMinions+1","yuri:ThrowBook+1","FavorOfDestiny+1"],"picked":"SKIP","floor":48.0},{"not_picked":["yuri:yuriQuickStrike+1","TheSimpletonMod:CropRotation+1","AlcoholAttack+1","Survey Options+1"],"picked":"DiffusionOfMisfortune+1","floor":54}],"player_experience":93537,"relics_obtained":[{"floor":1.0,"key":"Question Card"},{"floor":1.0,"key":"PrismaticShard"},{"floor":10.0,"key":"Vajra"},{"floor":13.0,"key":"Orichalcum"},{"floor":16.0,"key":"ImportantClient"},{"floor":24.0,"key":"Strawberry"},{"floor":26.0,"key":"Question Card"},{"floor":30.0,"key":"Red Mask"},{"floor":40.0,"key":"hubris:CuriousFeather"},{"floor":41.0,"key":"jedi:kaleidoscope"},{"floor":42.0,"key":"Toxic Egg 2"},{"floor":43.0,"key":"Runesmith:Locket"},{"floor":46.0,"key":"hubris:Metronome"},{"floor":54,"key":"yuri:PortableGlitches"}],"event_choices":[{"damage_healed":0.0,"max_hp_gain":0.0,"max_hp_loss":0.0,"gold_gain":0.0,"event_name":"Match and Keep!","player_choice":"2 cards matched","floor":5.0,"gold_loss":0.0,"damage_taken":0.0,"cards_obtained":["MostiFishMod:ButterFly","alterego_mod:Venus"]},{"damage_healed":0.0,"max_hp_gain":0.0,"max_hp_loss":0.0,"gold_gain":0.0,"event_name":"Match and Keep!","player_choice":"2 cards matched","floor":5.0,"gold_loss":0.0,"damage_taken":0.0,"cards_obtained":["MostiFishMod:ButterFly","alterego_mod:Venus"]},{"damage_healed":0.0,"max_hp_gain":0.0,"max_hp_loss":0.0,"gold_gain":0.0,"event_name":"The Library","player_choice":"Read","floor":19.0,"gold_loss":0.0,"damage_taken":0.0,"cards_obtained":["alterego_mod:Swimsuit"]},{"damage_healed":0.0,"max_hp_gain":0.0,"max_hp_loss":0.0,"gold_gain":0.0,"event_name":"Masked Bandits","player_choice":"Fought Bandits","floor":30.0,"gold_loss":0.0,"damage_taken":0.0},{"damage_healed":0.0,"max_hp_gain":0.0,"max_hp_loss":0.0,"gold_gain":0.0,"event_name":"Wheel of Change","player_choice":"Full Heal","floor":36.0,"gold_loss":0.0,"damage_taken":0.0},{"damage_healed":0.0,"max_hp_gain":0.0,"max_hp_loss":0.0,"gold_gain":0.0,"event_name":"MindBloom","player_choice":"Fight","floor":41.0,"gold_loss":0.0,"damage_taken":0.0}],"is_beta":false,"boss_relics":[{"not_picked":["MetatronsCube","Transparent"],"picked":"jedi:battlestandard"},{"not_picked":["hubris:CrackedHourglass","SynthV:MejaisSoulstealer"],"picked":"Snecko Eye"}],"items_purged_floors":[12,53],"is_endless":false,"potions_floor_spawned":[4,7,8,14,21,27,29,33,35,42,45,46,54],"ascension_level":0}}