{"host":"uwh382mre4waz4ff","time":1608179092,"event":{"mods":["AchievementEnabler","BaseMod","Better Note","Better Third Choice","BetterRewards","Downfall","Highlight Path","HololiveMod","Minty Spire (QoL Compilation)","StSLib"],"gold_per_floor":[66,63,78,89,58,79,102,102,108,132,139,139,158,52,67,170,170,170,204,10,37,49,49,49,49,79,79,79,79,96,96,118,220,220,70,70,70,88,13,26,96,135,147,173,192,192,215,225,256,256,256,289,9,9,184],"floor_reached":56,"playtime":2695,"items_purged":["Hololive_RevenueRecovery","Hololive_Strike","Hololive_Defend"],"score":2846,"play_id":"fbd03e93-f37f-41a5-a6cd-e26593860cca","local_time":"20201217122452","is_ascension_mode":true,"campfire_choices":[{"data":"Hololive_CallHoshimachiSuisei","floor":1,"key":"SMITH"},{"data":"Hololive_CallAZKi","floor":8,"key":"SMITH"},{"floor":18,"key":"RECALL"},{"data":"Hololive_CallHimemoriLuna","floor":23,"key":"SMITH"},{"data":"Hololive_CallYukihanaLamy","floor":25,"key":"SMITH"},{"data":"Hololive_Nanodesu","floor":35,"key":"SMITH"},{"data":"Hololive_CocoNews","floor":37,"key":"SMITH"},{"data":"Hololive_CallShiroganeNoel","floor":39,"key":"SMITH"},{"data":"Hololive_Rebirth","floor":54,"key":"SMITH"}],"circlet_count":0,"master_deck":["AscendersBane","Hololive_Defend+1","Hololive_OvertimeWork","Hololive_CallNatsuiroMatsuri","Hololive_CallNekomataOkayu","Hololive_CallInugamiKorone","Hololive_CallAZKi+1","Hololive_CallHoshimachiSuisei+1","Hololive_CallShiroganeNoel+1","Hololive_CallAiraniIofifteen","Hololive_CallFriendA","Hololive_StrengthChampion+1","Hololive_CallNatsuiroMatsuri","Hololive_CallInugamiKorone","Hololive_CallYukihanaLamy+1","Hololive_DurableLive","Hololive_CallAkaiHaato","Hololive_CallCivia+1","Hololive_CallAiraniIofifteen","Hololive_CallHimemoriLuna+1","Hololive_CallTokinoSora","Hololive_CallTokoyamiTowa+1","Hololive_CallTsunomakiWatame","Hololive_CallSpadeEcho","Apotheosis+1","Hololive_DiamondStrike+1","Hololive_CocoNews+1","Hololive_Nanodesu+1","Hololive_StrengthChampion","Hololive_CallYozoraMel+1","Hololive_CallManoAloe","Hololive_Rebirth+1","Hololive_CallUsadaPekora+1","Hololive_CallYogiri+1","Hololive_CallYuzukiChoco","Hololive_CallRoboco","Hololive_CallShiroganeNoel"],"relics":["Hololive_TheStar","Lizard Tail","Hololive_LightStick","Anchor","Darkstone Periapt","Hololive_Finger","PreservedInsect","Regal Pillow","Kunai","Vajra","Coffee Dripper","downfall:HeartBlessingRed","downfall:HeartBlessingGreen","downfall:HeartBlessingBlue","Eternal Feather","Shuriken","Unceasing Top","Pantograph","Whetstone"],"acts_visited":["Exordium","TheCity","TheBeyond","TheEnding"],"potions_floor_usage":[21,21,52],"damage_taken":[{"damage":0,"enemies":"Cultist","floor":2,"turns":3},{"damage":0,"enemies":"Gremlin Nob","floor":3,"turns":4},{"damage":0,"enemies":"2 Louse","floor":4,"turns":2},{"damage":0,"enemies":"downfall:FleeingMerchant","floor":5,"turns":4},{"damage":0,"enemies":"3 Sentries","floor":6,"turns":6},{"damage":0,"enemies":"Small Slimes","floor":9,"turns":3},{"damage":0,"enemies":"Gremlin Nob","floor":10,"turns":3},{"damage":0,"enemies":"Red Slaver","floor":11,"turns":2},{"damage":0,"enemies":"Lots of Slimes","floor":13,"turns":2},{"damage":0,"enemies":"downfall:FleeingMerchant","floor":14,"turns":4},{"damage":0,"enemies":"Blue Slaver","floor":15,"turns":1},{"damage":0,"enemies":"downfall:Defect","floor":16,"turns":3},{"damage":10,"enemies":"Slavers","floor":19,"turns":5},{"damage":0,"enemies":"downfall:FleeingMerchant","floor":20,"turns":4},{"damage":0,"enemies":"Gremlin Leader","floor":21,"turns":4},{"damage":0,"enemies":"3 Byrds","floor":22,"turns":3},{"damage":9,"enemies":"Slavers","floor":26,"turns":5},{"damage":0,"enemies":"Chosen","floor":29,"turns":1},{"damage":0,"enemies":"downfall:FleeingMerchant","floor":30,"turns":3},{"damage":0,"enemies":"Centurion and Healer","floor":32,"turns":4},{"damage":0,"enemies":"downfall:Silent","floor":33,"turns":6},{"damage":0,"enemies":"3 Darklings","floor":38,"turns":4},{"damage":0,"enemies":"Orb Walker","floor":40,"turns":2},{"damage":0,"enemies":"Reptomancer","floor":42,"turns":4},{"damage":0,"enemies":"Jaw Worm Horde","floor":43,"turns":3},{"damage":0,"enemies":"Nemesis","floor":44,"turns":3},{"damage":0,"enemies":"3 Darklings","floor":45,"turns":3},{"damage":0,"enemies":"Maw","floor":47,"turns":5},{"damage":0,"enemies":"Spire Growth","floor":48,"turns":2},{"damage":0,"enemies":"3 Darklings","floor":49,"turns":3},{"damage":0,"enemies":"downfall:Ironclad","floor":50,"turns":5},{"damage":0,"enemies":"downfall:CharBossMerchant","floor":52,"turns":4},{"damage":0,"enemies":"downfall:NeowBoss","floor":55,"turns":18}],"seed_played":"-5469489410954680564","potions_obtained":[{"floor":2,"key":"CultistPotion"},{"floor":3,"key":"sneckomod:MuddlingPotion"},{"floor":9,"key":"Explosive Potion"},{"floor":15,"key":"FearPotion"},{"floor":16,"key":"AttackPotion"},{"floor":21,"key":"Swift Potion"},{"floor":32,"key":"Explosive Potion"},{"floor":42,"key":"EntropicBrew"},{"floor":43,"key":"LiquidBronze"}],"is_trial":false,"path_per_floor":["R","M","E","M","$","E","T","R","M","E","M","?","M","$","M","B",null,"R","E","$","E","M","R","T","R","E","?","?","M","$","?","M","B",null,"R","$","R","M","R","M","T","E","M","E","M","?","M","M","M","B",null,"E","$","R","B",null],"character_chosen":"Hololive_HololiveCharacter","items_purchased":["Hololive_CallHimemoriLuna","Apotheosis","War Paint","Whetstone"],"campfire_rested":0,"item_purchase_floors":[20,30,30,53],"current_hp_per_floor":[32,32,32,32,32,32,32,32,32,32,32,32,32,32,32,32,34,34,24,24,24,24,24,24,24,15,15,15,15,15,15,15,15,30,30,30,30,30,40,40,40,40,45,45,45,45,45,45,45,45,45,45,45,45,45],"gold":184,"neow_bonus":"ONE_RARE_RELIC","is_daily":false,"chose_seed":false,"campfire_upgraded":8,"win_rate":0.0,"timestamp":1608179092,"path_taken":["R","M","E","M","$","E","T","R","M","E","?","?","M","$","M","BOSS","R","E","$","E","M","R","T","R","E","?","?","?","$","?","M","BOSS","R","$","R","M","R","M","T","E","M","E","M","?","M","M","M","BOSS","E","$","R","BOSS"],"items_purchased_type":["Card","Card","Relic","Relic"],"build_version":"2020-12-13","purchased_purges":3,"victory":true,"max_hp_per_floor":[35,35,35,35,35,35,35,35,35,35,35,35,35,35,35,35,35,35,35,35,35,35,35,35,35,35,35,35,35,35,35,35,35,35,35,35,35,35,45,45,45,45,45,45,45,45,45,45,45,45,45,45,45,45,45],"card_choices":[{"not_picked":["Hololive_OvertimeWork","Hololive_LuckPotion","Hololive_CallNatsuiroMatsuri"],"picked":"Hololive_CallShiroganeNoel","floor":2},{"not_picked":["Hololive_Rebound","Hololive_OvertimeWork","Hololive_Psychosis","Hololive_Sequa"],"picked":"SKIP","floor":3},{"not_picked":["Hololive_FlyingPonyTail","Hololive_Trident","Hololive_CandyCastle"],"picked":"Hololive_CallAiraniIofifteen","floor":4},{"not_picked":["Hololive_CallCivia","Hololive_CallInugamiKorone","Hololive_HuntDinosaur"],"picked":"Hololive_CallFriendA","floor":5},{"not_picked":["Hololive_OvertimeWork","Hololive_ScarfAndHalo","Hololive_Sequa"],"picked":"Hololive_StrengthChampion","floor":6},{"not_picked":["Hololive_Psychosis","Hololive_Rebound","Hololive_FlyingPonyTail","Hololive_RevenueBasedLive"],"picked":"SKIP","floor":9},{"not_picked":["Hololive_Rebound","Hololive_RevenueBasedLive","Hololive_SummonFox"],"picked":"Hololive_CallNatsuiroMatsuri","floor":10},{"not_picked":["Hololive_Psychosis","Hololive_RevenueBasedLive","Hololive_HuntDinosaur"],"picked":"Hololive_CallInugamiKorone","floor":11},{"not_picked":["Hololive_Rebound","Hololive_Breathe","Hololive_OvertimeWork"],"picked":"Hololive_CallYukihanaLamy","floor":13},{"not_picked":["Hololive_Trident","Hololive_OvertimeWork","Hololive_CallNatsuiroMatsuri"],"picked":"Hololive_DurableLive","floor":14},{"not_picked":["Hololive_CallHoushouMarine","Hololive_Sequa","Hololive_FlyingPonyTail"],"picked":"Hololive_CallAkaiHaato","floor":15},{"not_picked":["Hololive_Breathe+1","Hololive_ILoveYou","Hololive_LuckPotion+1"],"picked":"Hololive_CallCivia+1","floor":19},{"not_picked":["Hololive_Breathe","Hololive_Psychosis","Hololive_FlyingPonyTail+1"],"picked":"Hololive_CallAiraniIofifteen","floor":20},{"not_picked":["Hololive_CallTokoyamiTowa","Hololive_CallHoushouMarine","Hololive_CocoNews"],"picked":"Hololive_CallTokinoSora","floor":21},{"not_picked":["Hololive_Sequa","Hololive_Psychosis+1","Hololive_LuckPotion"],"picked":"Hololive_CallTokoyamiTowa+1","floor":22},{"not_picked":["Hololive_CallSpadeEcho","Hololive_Trident","Hololive_Psychosis+1"],"picked":"Hololive_CallTsunomakiWatame","floor":26},{"not_picked":["Hololive_Drill","Hololive_RevenueBasedLive","Hololive_LuckPotion","Hololive_OvertimeWork"],"picked":"SKIP","floor":29},{"not_picked":["Hololive_Drill","Hololive_RevenueBasedLive","Hololive_LuckPotion","Hololive_OvertimeWork"],"picked":"SKIP","floor":29},{"not_picked":["Hololive_HuntDinosaur","Hololive_Rebound","Hololive_Sequa","Hololive_CandyCastle"],"picked":"SKIP","floor":30},{"not_picked":["Hololive_OvertimeWork","Hololive_ScarfAndHalo","Hololive_StrengthChampion"],"picked":"Hololive_CocoNews","floor":32},{"not_picked":["Hololive_FlareMind","Hololive_Rebirth","Hololive_StarCraft"],"picked":"Hololive_Nanodesu","floor":33},{"not_picked":["Hololive_Trident+1","Hololive_FlyingPonyTail+1","Hololive_Drill+1","Hololive_CallInugamiKorone"],"picked":"SKIP","floor":38},{"not_picked":["Hololive_Rebound","Hololive_HuntDinosaur","Hololive_RevenueBasedLive"],"picked":"Hololive_StrengthChampion","floor":40},{"not_picked":["Hololive_Thief","Hololive_Drill+1","Hololive_CallShiroganeNoel"],"picked":"Hololive_CallYozoraMel+1","floor":42},{"not_picked":["Hololive_CocoNews","Hololive_Psychosis","Hololive_Breathe"],"picked":"Hololive_CallManoAloe","floor":43},{"not_picked":["Hololive_LuckPotion+1","Hololive_Rebound+1","Hololive_Psychosis+1"],"picked":"Hololive_Rebirth","floor":44},{"not_picked":["Hololive_CallShiroganeNoel","Hololive_Sequa","Hololive_Psychosis+1"],"picked":"Hololive_CallUsadaPekora+1","floor":45},{"not_picked":["Hololive_Drill+1","Hololive_RevenueBasedLive","Hololive_CallAZKi+1"],"picked":"Hololive_CallYogiri+1","floor":47},{"not_picked":["Hololive_CallSakuraMiko","Hololive_RevenueBasedLive","Hololive_Psychosis"],"picked":"Hololive_CallYuzukiChoco","floor":48},{"not_picked":["Hololive_StrengthChampion","Hololive_Breathe+1","Hololive_Teleport"],"picked":"Hololive_CallRoboco","floor":49},{"not_picked":["Hololive_HighAtkLowDef","Hololive_StrengthChampion","Hololive_Rebound"],"picked":"Hololive_CallShiroganeNoel","floor":52}],"player_experience":118255,"relics_obtained":[{"floor":3,"key":"Hololive_LightStick"},{"floor":6,"key":"Anchor"},{"floor":10,"key":"Darkstone Periapt"},{"floor":19,"key":"PreservedInsect"},{"floor":21,"key":"Regal Pillow"},{"floor":24,"key":"Kunai"},{"floor":26,"key":"Vajra"},{"floor":41,"key":"Eternal Feather"},{"floor":42,"key":"Shuriken"},{"floor":44,"key":"Unceasing Top"},{"floor":52,"key":"Pantograph"}],"event_choices":[{"damage_healed":0,"gold_gain":0,"player_choice":"Read","damage_taken":0,"max_hp_gain":0,"max_hp_loss":0,"event_name":"The Library","floor":27,"gold_loss":0,"cards_obtained":["Hololive_CallSpadeEcho"]},{"cards_removed":["Hololive_Strike"],"damage_healed":0,"gold_gain":0,"player_choice":"Card Removal","damage_taken":0,"max_hp_gain":0,"max_hp_loss":0,"event_name":"Wheel of Change","floor":28,"gold_loss":0},{"damage_healed":0,"gold_gain":0,"player_choice":"Full Heal","damage_taken":0,"max_hp_gain":0,"max_hp_loss":0,"event_name":"Wheel of Change","floor":46,"gold_loss":0}],"is_beta":false,"boss_relics":[{"not_picked":["Runic Pyramid","Snecko Eye"],"picked":"Hololive_Finger"},{"not_picked":["SacredBark","Astrolabe"],"picked":"Coffee Dripper"}],"items_purged_floors":[14,20,53],"is_endless":false,"potions_floor_spawned":[2,3,9,15,16,21,32,33,38,42,43],"ascension_level":11}}