{"host":"ipcfr4ajj2jkxvg7","time":1608202922,"event":{"mods":["BaseMod","Colored Powertips","GifTheSpireLib","Marisa（F雨　魔理沙）","Minty Spire (QoL Compilation)","Quick Restart","Remilia（蕾米莉亚）","Replay The Spire","RumiaBox-露米娅的神秘盒子","StSLib"],"gold_per_floor":[114,114,114,13,27,55,67,94,94,70,95,95,124,48,48,151,151,165,177,49,49,63,63,88,88,88,13,13,42,42,42],"floor_reached":30,"playtime":664,"items_purged":["Defend_MRS"],"score":584,"play_id":"f35c5d5b-58e1-4d21-adf8-bb4ba99a257e","local_time":"20201217190202","is_ascension_mode":true,"campfire_choices":[{"data":"EnergyFlow","floor":12.0,"key":"SMITH"},{"data":"OrrerysSun","floor":15.0,"key":"SMITH"},{"data":"MachineGunSpark","floor":23.0,"key":"SMITH"},{"data":"PropBag","floor":28,"key":"SMITH"}],"circlet_count":0,"master_deck":["Strike_MRS","Strike_MRS","Strike_MRS","Defend_MRS","MasterSpark","UpSweep","MilkyWay","EnergyFlow+1","PowerUp","DeepEcoloBomb","PowerUp","MagicAbsorber","OrrerysSun+1","PowerUp","MachineGunSpark+1","PulseMagic","RefractionSpark","CasketOfStar","PropBag+1","SporeBomb+1"],"relics":["MiniHakkero","NeowsBlessing","AddBug","SecretRecord","SecretRecord","SecretRecord","SecretRecord"],"acts_visited":["Exordium","TheCity"],"potions_floor_usage":[24],"damage_taken":[{"damage":0.0,"enemies":"Jaw Worm","floor":1.0,"turns":1.0},{"damage":0.0,"enemies":"Small Slimes","floor":5.0,"turns":1.0},{"damage":0.0,"enemies":"Gremlin Nob","floor":6.0,"turns":1.0},{"damage":9.0,"enemies":"2 Louse","floor":7.0,"turns":2.0},{"damage":2.0,"enemies":"Lagavulin","floor":8.0,"turns":5.0},{"damage":26.0,"enemies":"3 Sentries","floor":11.0,"turns":6.0},{"damage":0.0,"enemies":"Lagavulin","floor":13.0,"turns":3.0},{"damage":0.0,"enemies":"Slime Boss","floor":16.0,"turns":6.0},{"damage":7.0,"enemies":"Chosen","floor":18.0,"turns":4.0},{"damage":23.0,"enemies":"3 Byrds","floor":19.0,"turns":5.0},{"damage":0.0,"enemies":"Sentry and Sphere","floor":22.0,"turns":2.0},{"damage":0,"enemies":"Gremlin Leader","floor":24,"turns":3},{"damage":34,"enemies":"Slavers","floor":29,"turns":3},{"damage":0,"enemies":"Centurion and Healer","floor":30,"turns":1}],"seed_played":"-435458572565225889","potions_obtained":[{"floor":1.0,"key":"Block Potion"},{"floor":6.0,"key":"GamblersBrew"},{"floor":7.0,"key":"Regen Potion"},{"floor":11.0,"key":"SpeedPotion"},{"floor":19.0,"key":"AttackPotion"},{"floor":29,"key":"Milkshake"}],"is_trial":false,"path_per_floor":["M","?","$","$","M","E","M","E","T","$","E","R","E","$","R","B",null,"M","M","$","?","M","R","E","?","T","$","R","E","M"],"character_chosen":"MARISA","items_purchased":["MilkyWay","EnergyFlow","PowerUp","OrrerysSun","PowerUp","PropBag"],"campfire_rested":0,"item_purchase_floors":[4,4,10,14,20,27],"current_hp_per_floor":[68,68,68,68,68,68,59,57,57,57,46,46,46,46,46,46,68,61,38,38,38,38,38,38,38,38,38,38,4,4,4],"gold":42,"neow_bonus":"THREE_ENEMY_KILL","is_daily":false,"chose_seed":false,"campfire_upgraded":4,"win_rate":0.0,"timestamp":1608202922,"path_taken":["M","?","?","$","M","E","M","E","T","?","E","R","E","$","R","BOSS","M","M","$","?","M","R","E","?","T","$","R","E","M"],"items_purchased_type":["Card","Card","Card","Card","Card","Card"],"build_version":"2020-12-13","purchased_purges":1,"victory":false,"max_hp_per_floor":[75,75,75,75,75,75,75,75,75,75,75,75,75,75,75,75,75,75,75,75,75,75,75,75,75,75,75,75,75,75,75],"card_choices":[{"not_picked":["RefractionSpark","OneTimeOff","DoubleSpark"],"picked":"SKIP","floor":1.0},{"not_picked":["DarkSpark","GravityBeat","MysteriousBeam"],"picked":"SKIP","floor":5.0},{"not_picked":["GravityBeat","EarthLightRay"],"picked":"PowerUp","floor":6.0},{"not_picked":["DoubleSpark","ChargeUpSpray"],"picked":"DeepEcoloBomb","floor":7.0},{"not_picked":["GasGiant","StarDustReverie","MeteoricShower"],"picked":"SKIP","floor":8.0},{"not_picked":["DarkMatter","AsteroidBelt","BlazeAway"],"picked":"SKIP","floor":11.0},{"not_picked":["BlazeAway","NonDirectionalLaser"],"picked":"MagicAbsorber","floor":13.0},{"not_picked":["DarkSpark+1","DoubleSpark","6A"],"picked":"SKIP","floor":18.0},{"not_picked":["WitchLeyline","6A+1","DoubleSpark"],"picked":"SKIP","floor":19.0},{"not_picked":["DC","OpenUniverse+1","WitchLeyline+1"],"picked":"SKIP","floor":22.0},{"not_picked":["EnergyFlow","JA"],"picked":"PulseMagic","floor":24},{"not_picked":["RefractionSpark","OortCloud"],"picked":"SporeBomb+1","floor":29}],"player_experience":394504,"relics_obtained":[{"floor":1.0,"key":"AddBug"},{"floor":6.0,"key":"Singing Bowl"},{"floor":8.0,"key":"SecretRecord"},{"floor":8.0,"key":"Bronze Scales"},{"floor":9.0,"key":"Snack Pack"},{"floor":11.0,"key":"GodSword1"},{"floor":13.0,"key":"Replay:Bandana"},{"floor":18.0,"key":"SecretRecord"},{"floor":24,"key":"ReplayTheSpireMod:Shallot"},{"floor":26,"key":"StoneCalendar"},{"floor":29,"key":"SecretRecord"},{"floor":29,"key":"Blue Doll"}],"event_choices":[{"damage_healed":0.0,"max_hp_gain":0.0,"max_hp_loss":0.0,"gold_gain":0.0,"event_name":"The Library","player_choice":"Read","floor":21.0,"gold_loss":0.0,"damage_taken":0.0,"cards_obtained":["MachineGunSpark"]},{"damage_healed":0,"gold_gain":0,"cards_transformed":["Defend_MRS","Strike_MRS"],"player_choice":"Became Test Subject","damage_taken":0,"max_hp_gain":0,"max_hp_loss":0,"event_name":"Drug Dealer","floor":25,"gold_loss":0,"cards_obtained":["RefractionSpark","CasketOfStar"]}],"is_beta":false,"boss_relics":[{"not_picked":["Replay:Wanted Poster","Cursed Key"],"picked":"Velvet Choker"}],"items_purged_floors":[20],"is_endless":false,"potions_floor_spawned":[1,6,7,11,19,29],"killed_by":"Centurion and Healer","ascension_level":8}}