{"host":"2461dio7vetlq1z3","time":1608235734,"event":{"mods":["2.2 Compatiblity","AchievementEnabler","BaseMod","Better Third Choice","Hermit","Marisa????????","Minty Spire (QoL Compilation)","Relic Stats","Spicy Shops","StSLib","Waifu the Spire"],"gold_per_floor":[160,174,36,54,70,70,95,95,95,95,123,137,137,17,17,115,115,131,131,131],"floor_reached":19,"playtime":640,"items_purged":[],"score":263,"play_id":"935f1a05-aa8f-4375-a36e-61267aa12bc0","local_time":"20201217210854","is_ascension_mode":true,"campfire_choices":[{"data":"hermit:CursedWeapon","floor":6,"key":"SMITH"},{"data":"hermit:Dive","floor":10,"key":"SMITH"},{"data":"hermit:TakeCover","floor":13,"key":"SMITH"},{"data":"hermit:Strike_Hermit","floor":15,"key":"PURGE"}],"circlet_count":0,"master_deck":["hermit:Snapshot","hermit:Covet","hermit:Ricochet","hermit:Headshot+1","hermit:Dive+1","hermit:Horror","hermit:Malice+1","hermit:CursedWeapon+1","hermit:ItchyTrigger","Swift Strike","hermit:GoldenBullet","hermit:TakeCover+1","hermit:FatalDesire","hermit:FromBeyond","hermit:Vantage","hermit:GoldenBullet","hermit:Misfire","hermit:OverwhelmingPower","hermit:Roulette","hermit:Maintenance","hermit:Gestalt","hermit:LowProfile"],"relics":["Tiny House","Whetstone","Nunchaku","The Courier","Peace Pipe","Pandora\u0027s Box"],"acts_visited":["Exordium","TheCity"],"potions_floor_usage":[7,7],"damage_taken":[{"damage":2,"enemies":"Jaw Worm","floor":1,"turns":4},{"damage":0,"enemies":"Cultist","floor":2,"turns":2},{"damage":3,"enemies":"Small Slimes","floor":4,"turns":2},{"damage":0,"enemies":"3 Louse","floor":5,"turns":2},{"damage":0,"enemies":"Gremlin Nob","floor":7,"turns":2},{"damage":19,"enemies":"Lagavulin","floor":11,"turns":4},{"damage":0,"enemies":"Large Slime","floor":12,"turns":2},{"damage":38,"enemies":"The Guardian","floor":16,"turns":12},{"damage":10,"enemies":"Shell Parasite","floor":18,"turns":4},{"damage":0,"enemies":"2 Thieves","floor":19,"turns":1}],"seed_played":"2626403174663463212","potions_obtained":[{"floor":0,"key":"hermit:BlackBile"},{"floor":5,"key":"FearPotion"},{"floor":12,"key":"Weak Potion"},{"floor":18,"key":"BlessingOfTheForge"}],"is_trial":false,"path_per_floor":["M","M","$","M","M","R","E","?","T","R","E","M","R","$","R","B",null,"M","M"],"character_chosen":"HERMIT","items_purchased":["hermit:Horror","Peace Pipe"],"campfire_rested":0,"item_purchase_floors":[3,14],"current_hp_per_floor":[71,71,71,68,68,68,68,68,68,68,49,49,49,49,49,11,63,53,53,53],"gold":131,"neow_bonus":"BOSS_RELIC","is_daily":false,"chose_seed":false,"campfire_upgraded":3,"win_rate":0.0,"timestamp":1608235734,"path_taken":["M","M","$","M","M","R","E","?","T","R","E","M","R","?","R","BOSS","M","M"],"items_purchased_type":["Card","Relic"],"build_version":"2020-12-13","purchased_purges":0,"victory":false,"max_hp_per_floor":[80,80,80,80,80,80,80,80,80,80,80,80,80,80,80,80,80,80,80,80],"relic_stats":{"Peace Pipe":1,"Nunchaku":[3],"counters":[10,35],"Pandora\u0027s Box":["hermit:FromBeyond","hermit:Vantage","hermit:GoldenBullet","hermit:Misfire","hermit:OverwhelmingPower","hermit:Roulette","hermit:Maintenance","hermit:Gestalt"],"Whetstone":["hermit:Headshot","hermit:Malice"],"obtain_stats":[{"Peace Pipe":14,"Nunchaku":9,"Tiny House":0,"Pandora\u0027s Box":17,"The Courier":11,"Whetstone":7,"hermit:Momento":0},{"Peace Pipe":7,"Nunchaku":5,"Tiny House":0,"Pandora\u0027s Box":8,"The Courier":6,"Whetstone":5,"hermit:Momento":0},{"Peace Pipe":18,"Nunchaku":12,"Tiny House":0,"Pandora\u0027s Box":30,"The Courier":16,"Whetstone":12,"hermit:Momento":0}]},"card_choices":[{"not_picked":["hermit:Quickdraw","hermit:Grudge"],"picked":"hermit:Ricochet","floor":0},{"not_picked":["hermit:Misfire","hermit:Ricochet"],"picked":"hermit:Headshot","floor":1},{"not_picked":["hermit:Manifest","hermit:ItchyTrigger"],"picked":"hermit:Dive","floor":2},{"not_picked":["hermit:Shortfuse","hermit:Headshot"],"picked":"hermit:Malice","floor":4},{"not_picked":["hermit:Desperado","hermit:Misfire"],"picked":"hermit:CursedWeapon","floor":5},{"not_picked":["hermit:DeadMansHand","hermit:Ricochet"],"picked":"hermit:ItchyTrigger","floor":7},{"not_picked":["hermit:CalledShot","hermit:TakeCover"],"picked":"hermit:GoldenBullet","floor":11},{"not_picked":["hermit:Deadeye","hermit:Roulette"],"picked":"hermit:TakeCover","floor":12},{"not_picked":["hermit:Roughhouse","hermit:Reprieve"],"picked":"hermit:FatalDesire","floor":16},{"not_picked":["hermit:Roulette","hermit:Snipe"],"picked":"hermit:LowProfile","floor":18}],"player_experience":800546,"relics_obtained":[{"floor":7,"key":"Whetstone"},{"floor":9,"key":"Nunchaku"},{"floor":11,"key":"The Courier"}],"event_choices":[{"damage_healed":0,"gold_gain":0,"player_choice":"2 cards matched","damage_taken":0,"max_hp_gain":0,"max_hp_loss":0,"event_name":"Match and Keep!","floor":8,"gold_loss":0,"cards_obtained":["hermit:Strike_Hermit","Swift Strike"]}],"is_beta":false,"boss_relics":[{"not_picked":["Sozu","Black Star"],"picked":"Pandora\u0027s Box"}],"items_purged_floors":[],"is_endless":false,"potions_floor_spawned":[5,12,18],"killed_by":"2 Thieves","ascension_level":6}}