{"host":"l99crexq2sc8megk","time":1608210282,"event":{"mods":["BaseMod","Downfall","Hermit","Minty Spire (QoL Compilation)","Quick Restart","Replay The Spire","StSLib","The Cursed"],"gold_per_floor":[118,132,152,77,27,60,160,179,251,266,266,266,266,281,44,59,59,133,133,152,172,199,26,44,44,44,60,60,60,60,20,30,47,47,47,47],"floor_reached":35,"playtime":2982,"items_purged":["TheCursedMod:Dregs","Bash"],"score":444,"play_id":"f36ad6f6-5189-460b-9394-8e982063fb06","local_time":"20201217210441","is_ascension_mode":true,"campfire_choices":[{"floor":17,"key":"REST"},{"floor":25,"key":"REST"},{"data":"Offering","floor":30,"key":"SMITH"},{"floor":34,"key":"DIG"}],"circlet_count":0,"master_deck":["AscendersBane","ReplayTheSpireMod:Strike From Hell","Wild Strike","Power Through","Fire Breathing","Shrug It Off","Havoc","Feel No Pain+1","Fire Breathing+1","Offering+1","Dark Embrace+1","Pommel Strike","Searing Blow","Second Wind","Armaments"],"relics":["Kintsugi","Replay:PocketPolymizer","Frozen Egg 2","Frozen Eye","Ooze Armor","Red Mask","Bottled Flame","Bronze Scales"],"acts_visited":["Exordium","TheCity"],"potions_floor_usage":[20,22,35],"damage_taken":[{"damage":17.0,"enemies":"Small Slimes","floor":1.0,"turns":4.0},{"damage":0.0,"enemies":"2 Louse","floor":2.0,"turns":3.0},{"damage":6.0,"enemies":"Cultist","floor":3.0,"turns":3.0},{"damage":13.0,"enemies":"Gremlin Nob","floor":6.0,"turns":3.0},{"damage":23.0,"enemies":"Exordium Wildlife","floor":8.0,"turns":4.0},{"damage":0.0,"enemies":"Large Slime","floor":10.0,"turns":4.0},{"damage":3.0,"enemies":"Blue Slaver","floor":14.0,"turns":4.0},{"damage":14,"enemies":"Looter","floor":16,"turns":3},{"damage":11,"enemies":"Slime Boss","floor":18,"turns":6},{"damage":10,"enemies":"3 Byrds","floor":20,"turns":3},{"damage":8,"enemies":"Chosen","floor":21,"turns":4},{"damage":24,"enemies":"Masked Bandits","floor":22,"turns":4},{"damage":6,"enemies":"Snake Plant","floor":24,"turns":3},{"damage":6,"enemies":"Cultist and Chosen","floor":27,"turns":3},{"damage":21,"enemies":"Centurion and Healer","floor":32,"turns":5},{"damage":6,"enemies":"Sentry and Sphere","floor":33,"turns":3},{"damage":15,"enemies":"Collector","floor":35,"turns":2}],"seed_played":"-5601636066902762761","potions_obtained":[{"floor":1.0,"key":"Fire Potion"},{"floor":2.0,"key":"Fire Potion"},{"floor":6.0,"key":"FairyPotion"},{"floor":16,"key":"Elixir"},{"floor":21,"key":"Reflective Coating"},{"floor":32,"key":"Toxic Potion"},{"floor":33,"key":"DuplicationPotion"}],"is_trial":false,"path_per_floor":["M","M","M","$","?","E","?","M","T","M","PTL","PTL","?","M","$","M","R","B",null,"M","M","?","$","M","R","?","M","T","?","R","$","M","M","R","B"],"character_chosen":"IRONCLAD","items_purchased":["Frozen Eye","Havoc","Fire Potion","Dark Embrace+1","Second Wind"],"campfire_rested":2,"item_purchase_floors":[15,15,15,23,31],"current_hp_per_floor":[51,51,45,45,45,32,32,9,9,9,9,9,9,6,6,19,41,30,64,54,46,22,22,16,38,38,32,32,32,32,32,11,5,5,0,0],"gold":47,"neow_bonus":"BOSS_RELIC","is_daily":false,"chose_seed":false,"campfire_upgraded":1,"win_rate":0.0,"timestamp":1608210281,"path_taken":["M","M","M","$","?","E","?","M","T","?","PTL","PTL","?","M","$","M","R","BOSS","M","M","?","$","M","R","?","M","T","?","R","$","?","M","R","BOSS"],"items_purchased_type":["Relic","Card","Potion","Card","Card"],"build_version":"2020-12-13","purchased_purges":2,"victory":false,"max_hp_per_floor":[75,75,75,75,75,75,75,75,75,75,75,75,75,75,75,75,75,75,75,75,75,75,75,75,75,75,75,75,75,75,75,75,75,75,75,75],"card_choices":[{"not_picked":["Warcry","Abandon"],"picked":"ReplayTheSpireMod:Strike From Hell","floor":1.0},{"not_picked":["Dropkick","Anger","ReplayTheSpireMod:Muscle Training"],"picked":"SKIP","floor":2.0},{"not_picked":["Perfected Strike","Thunderclap"],"picked":"Wild Strike","floor":3.0},{"not_picked":["Dropkick","Headbutt"],"picked":"Power Through","floor":6.0},{"not_picked":["Flex","Thunderclap"],"picked":"Fire Breathing","floor":8.0},{"not_picked":["Entrench","Iron Wave","Body Slam"],"picked":"SKIP","floor":10.0},{"not_picked":["Entrench","Abandon"],"picked":"Shrug It Off","floor":14.0},{"not_picked":["Body Slam","Anger"],"picked":"Feel No Pain+1","floor":16},{"not_picked":["Exhume","Reaper"],"picked":"Offering","floor":18},{"not_picked":["Wild Strike","ReplayTheSpireMod:Corrosion Curse","Pummel"],"picked":"SKIP","floor":20},{"not_picked":["Cleave","Spot Weakness","Iron Wave"],"picked":"SKIP","floor":21},{"not_picked":["Iron Wave","Heavy Blade+1","Armaments"],"picked":"SKIP","floor":24},{"not_picked":["Spot Weakness","Demon Form+1","ReplayTheSpireMod:Strike From Hell"],"picked":"SKIP","floor":27},{"not_picked":["Infernal Blade","Dropkick","Replay:Undeath\u0027s Touch+1"],"picked":"SKIP","floor":32},{"not_picked":["ReplayTheSpireMod:LeadingStrike","Uppercut","Wild Strike+1"],"picked":"SKIP","floor":33}],"player_experience":352949,"relics_obtained":[{"floor":6.0,"key":"Replay:PocketPolymizer"},{"floor":9.0,"key":"Frozen Egg 2"},{"floor":22,"key":"Red Mask"},{"floor":28,"key":"Bottled Flame"},{"floor":34,"key":"Bronze Scales"}],"event_choices":[{"cards_removed":["CommonCold"],"damage_healed":0.0,"max_hp_gain":0.0,"max_hp_loss":0.0,"gold_gain":0.0,"event_name":"The Cleric","player_choice":"Card Removal","floor":5.0,"gold_loss":50.0,"damage_taken":0.0},{"damage_healed":0.0,"max_hp_gain":0.0,"max_hp_loss":0.0,"gold_gain":100.0,"event_name":"Golden Shrine","player_choice":"Pray","floor":7.0,"gold_loss":0.0,"damage_taken":0.0},{"damage_healed":0.0,"max_hp_gain":0.0,"max_hp_loss":0.0,"gold_gain":0.0,"event_name":"Golden Idol","player_choice":"Ignored","floor":13.0,"gold_loss":0.0,"damage_taken":0.0},{"damage_healed":0,"gold_gain":0,"player_choice":"Fought Bandits","damage_taken":0,"max_hp_gain":0,"max_hp_loss":0,"event_name":"Masked Bandits","floor":22,"gold_loss":0},{"damage_healed":0,"gold_gain":0,"player_choice":"Ignored","damage_taken":0,"max_hp_gain":0,"max_hp_loss":0,"event_name":"Ghosts","floor":29,"gold_loss":0}],"is_beta":false,"boss_relics":[{"not_picked":["Replay:Bronze Core","Replay:Grab Bag"],"picked":"Ooze Armor"}],"items_purged_floors":[4,23],"is_endless":false,"potions_floor_spawned":[1,2,6,16,21,32,33],"killed_by":"Collector","ascension_level":14}}