{"host":"Dean","time":1608212074,"event":{"mods":["2.2 Compatiblity","AchievementEnabler","BaseMod","Block Reminder","Colored Map","Colored Powertips","Downfall","Minty Spire (QoL Compilation)","Permanent Neow","Quick Restart","Relic Stats","Replay The Spire","StSLib"],"gold_per_floor":[0,12,40,40,75,75,75,75,100,100,100,118,13,33,45,150,150,75,109,109,122,136,146,146,173,23,52,152,152,29,180,195,293,293,293,321,368,380,212,212,235,267,283,311,311,333,4,56,76,80,80,112,21,21,21],"floor_reached":56,"playtime":4805,"items_purged":["champ:Defend","champ:BladeFlurry+1"],"score":2217,"play_id":"007ee2b6-78b6-42e7-8b31-1a783f39d4cb","local_time":"20201217083434","is_ascension_mode":true,"campfire_choices":[{"data":"champ:Taunt","floor":1,"key":"SMITH"},{"floor":6,"key":"RECALL"},{"data":"champ:IronFortress","floor":8,"key":"SMITH"},{"data":"champ:Execute","floor":10,"key":"SMITH"},{"data":"champ:Defend","floor":18,"key":"SMITH"},{"data":"champ:Defend","floor":20,"key":"SMITH"},{"data":"champ:Defend","floor":26,"key":"SMITH"},{"floor":35,"key":"REST"}],"circlet_count":0,"master_deck":["champ:Execute+1","champ:Taunt+1","champ:IronFortress+1","champ:ShieldSigil+1","champ:SkillfulDodge+1","champ:Lariat+1","champ:Circumvent+1","champ:Backstep+1","champ:DefensiveShout+1","champ:ShieldSigil+1","champ:GutPunch+1","champ:Lariat+1","champ:PerfectForm+1","champ:ShieldSlam+1","champ:TornadoPunch+1","champ:BringItOn+1","champ:StanceDance+1","champ:FocusedDefense+1","champ:StrikeOfGenius+1","champ:EnGarde+1","champ:EnGarde+1","champ:ShieldSigil+1","champ:Lariat+1","champ:DefensiveShout+1","champ:Balance+1","champ:ShieldWall+1","champ:Circumvent+1","expansioncontent:CaCaw+1","champ:HeavySlash+1","champ:CalledShot+1","champ:ShieldSigil+1","champ:ShieldSigil+1","champ:RecklessLeap+1","champ:Circumvent+1","champ:StrikeOfGenius+1","champ:ShieldSigil+1","champ:EnGarde+1","Impatience+1","champ:IronFortress+1","champ:Backstep+1","champ:CheapShot+1","champ:Duel+1"],"relics":["champ:ChampionCrown","Membership Card","Golden Egg","Toxic Egg 2","Ornamental Fan","Regal Pillow","champ:SpectersHand","Replay:Towering Pillar of Hats","Guardian:PocketSentry","Membership Card","Lantern","Replay:Bronze Core","downfall:HeartBlessingRed","Vajra","Pocketwatch","downfall:HeartBlessingGreen","downfall:HeartBlessingBlue","WingedGreaves","Incense Burner","Blue Candle","Orrery","champ:DefensiveTrainingManual","Astrolabe","MawBank","Meat on the Bone","Chameleon Ring","Oddly Smooth Stone","Replay:Bandana","PreservedInsect","TheAbacus","Mercury Hourglass","Replay:Kaleidoscope","Replay:Rubber Ducky"],"acts_visited":["Exordium","TheCity","TheBeyond","TheEnding"],"potions_floor_usage":[19,31,42,49,55,55,55,55],"damage_taken":[{"damage":5,"enemies":"2 Louse","floor":2,"turns":3},{"damage":43,"enemies":"3 Sentries","floor":3,"turns":13},{"damage":33,"enemies":"Replay:BlueRogue","floor":5,"turns":6},{"damage":10,"enemies":"Small Slimes","floor":12,"turns":5},{"damage":10,"enemies":"downfall:FleeingMerchant","floor":13,"turns":4},{"damage":9,"enemies":"Jaw Worm","floor":14,"turns":1},{"damage":13,"enemies":"Large Slime","floor":15,"turns":5},{"damage":37,"enemies":"downfall:Ironclad","floor":16,"turns":5},{"damage":24,"enemies":"Slavers","floor":19,"turns":3},{"damage":20,"enemies":"Shell Parasite","floor":21,"turns":3},{"damage":10,"enemies":"3 Byrds","floor":22,"turns":5},{"damage":48,"enemies":"Centurion and Healer","floor":23,"turns":4},{"damage":68,"enemies":"Gremlin Leader","floor":25,"turns":6},{"damage":8,"enemies":"Replay:Snechameleon","floor":27,"turns":3},{"damage":8,"enemies":"downfall:CharBossIronclad","floor":28,"turns":5},{"damage":75,"enemies":"downfall:FleeingMerchant","floor":30,"turns":5},{"damage":0,"enemies":"downfall:FleeingMerchant","floor":31,"turns":2},{"damage":12,"enemies":"Chosen and Byrds","floor":32,"turns":3},{"damage":48,"enemies":"downfall:Defect","floor":33,"turns":3},{"damage":85,"enemies":"Giant Head","floor":36,"turns":5},{"damage":77,"enemies":"R_Hoarder","floor":37,"turns":4},{"damage":21,"enemies":"Nemesis","floor":42,"turns":3},{"damage":66,"enemies":"3 Darklings","floor":43,"turns":4},{"damage":0,"enemies":"Giant Head","floor":44,"turns":3},{"damage":35,"enemies":"3 Shapes","floor":46,"turns":5},{"damage":22,"enemies":"Mind Bloom Boss Battle","floor":48,"turns":3},{"damage":6,"enemies":"Writhing Mass","floor":49,"turns":1},{"damage":2,"enemies":"downfall:Watcher","floor":50,"turns":4},{"damage":89,"enemies":"downfall:CharBossMerchant","floor":52,"turns":5},{"damage":60,"enemies":"downfall:NeowBoss","floor":55,"turns":21}],"seed_played":"-6249525304981646333","potions_obtained":[{"floor":5,"key":"GamblersBrew"},{"floor":12,"key":"Weak Potion"},{"floor":14,"key":"PowerPotion"},{"floor":16,"key":"champ:CounterPotion"},{"floor":22,"key":"Elixir"},{"floor":32,"key":"Milkshake"},{"floor":33,"key":"SkillPotion"},{"floor":40,"key":"Reflective Coating"},{"floor":40,"key":"Regen Potion"},{"floor":43,"key":"Weak Potion"},{"floor":44,"key":"SkillPotion"},{"floor":49,"key":"EssenceOfSteel"}],"is_trial":false,"path_per_floor":["R","M","E","?","E","R","T","R","?","R","?","M","$","M","M","B",null,"R","E","R","M","M","M","T","E","R","E","?","?","$","$","M","B",null,"R","E","E","?","$","R","T","E","M","E","?","M","$","?","M","B",null,"E","$","R","B",null],"character_chosen":"THE_CHAMP","items_purchased":["Guardian:PocketSentry","Membership Card","Lantern","champ:DefensiveShout+1","champ:ShieldSigil+1","champ:GutPunch","champ:BerserkerStyle","champ:EnGarde+1","Orrery","champ:DefensiveTrainingManual","champ:ShieldWall","champ:Circumvent+1","expansioncontent:CaCaw","Chameleon Ring","TheAbacus","Mercury Hourglass","champ:EnGarde+1","Impatience+1","champ:IronFortress","champ:Duel","EntropicBrew"],"campfire_rested":1,"item_purchase_floors":[13,13,13,13,13,13,13,30,30,31,31,31,31,39,47,47,47,47,47,53,53],"current_hp_per_floor":[90,90,67,90,72,72,72,72,72,72,72,72,72,66,63,60,90,90,74,74,84,90,90,90,90,100,100,100,100,100,100,100,100,100,100,100,100,90,90,90,90,95,97,97,89,99,99,97,91,89,100,100,100,100,100],"gold":21,"neow_bonus":"REMOVE_TWO","is_daily":false,"chose_seed":false,"campfire_upgraded":6,"win_rate":0.0,"timestamp":1608212074,"path_taken":["R","M","E","?","E","R","T","R","?","R","?","?","$","M","M","BOSS","R","E","R","M","M","M","T","E","R","E","?","?","$","$","M","BOSS","R","E","E","?","$","R","T","E","M","E","?","?","$","?","M","BOSS","E","$","R","BOSS"],"items_purchased_type":["Relic","Relic","Relic","Card","Card","Card","Card","Card","Relic","Relic","Card","Card","Card","Relic","Relic","Relic","Card","Card","Card","Card","Potion"],"build_version":"2020-12-07","purchased_purges":2,"victory":true,"max_hp_per_floor":[90,90,90,90,90,90,90,90,90,90,90,90,90,90,90,90,90,90,90,90,90,90,90,90,90,100,100,100,100,100,100,100,100,100,100,100,100,100,100,100,100,100,100,100,100,100,100,100,100,100,100,100,100,100,100],"relic_stats":{"Regal Pillow":0,"TheAbacus":[30],"counters":[30,141],"Ornamental Fan":[8],"Blue Candle":[4],"Astrolabe":["champ:BladeFlurry","champ:LastStand","champ:CalledShot"],"PreservedInsect":114,"MawBank":36,"obtain_stats":[{"Golden Egg":0,"Regal Pillow":5,"Lantern":13,"Vajra":19,"champ:ChampionCrown":0,"downfall:HeartBlessingGreen":26,"Incense Burner":28,"Replay:Rubber Ducky":52,"Replay:Bandana":42,"Chameleon Ring":39,"TheAbacus":47,"downfall:HeartBlessingBlue":26,"champ:DefensiveTrainingManual":31,"Replay:Bronze Core":17,"WingedGreaves":27,"Toxic Egg 2":0,"Replay:Towering Pillar of Hats":9,"downfall:HeartBlessingRed":18,"Blue Candle":28,"Astrolabe":34,"Oddly Smooth Stone":41,"PreservedInsect":44,"Guardian:PocketSentry":13,"Replay:Kaleidoscope":48,"MawBank":36,"Mercury Hourglass":47,"Ornamental Fan":3,"Orrery":30,"Membership Card":0,"champ:SpectersHand":7,"Pocketwatch":25,"Meat on the Bone":37},{"Golden Egg":0,"Regal Pillow":3,"Lantern":5,"Vajra":9,"champ:ChampionCrown":0,"downfall:HeartBlessingGreen":13,"Incense Burner":15,"Replay:Rubber Ducky":29,"Replay:Bandana":22,"Chameleon Ring":21,"TheAbacus":25,"downfall:HeartBlessingBlue":13,"champ:DefensiveTrainingManual":17,"Replay:Bronze Core":8,"WingedGreaves":14,"Toxic Egg 2":0,"Replay:Towering Pillar of Hats":3,"downfall:HeartBlessingRed":8,"Blue Candle":15,"Astrolabe":19,"Oddly Smooth Stone":21,"PreservedInsect":24,"Guardian:PocketSentry":5,"Replay:Kaleidoscope":26,"MawBank":20,"Mercury Hourglass":25,"Ornamental Fan":2,"Orrery":16,"Membership Card":0,"champ:SpectersHand":3,"Pocketwatch":13,"Meat on the Bone":21},{"Golden Egg":0,"Regal Pillow":22,"Lantern":31,"Vajra":45,"champ:ChampionCrown":0,"downfall:HeartBlessingGreen":63,"Incense Burner":71,"Replay:Rubber Ducky":120,"Replay:Bandana":95,"Chameleon Ring":92,"TheAbacus":107,"downfall:HeartBlessingBlue":63,"champ:DefensiveTrainingManual":77,"Replay:Bronze Core":42,"WingedGreaves":66,"Toxic Egg 2":0,"Replay:Towering Pillar of Hats":22,"downfall:HeartBlessingRed":42,"Blue Candle":71,"Astrolabe":83,"Oddly Smooth Stone":92,"PreservedInsect":102,"Guardian:PocketSentry":31,"Replay:Kaleidoscope":110,"MawBank":88,"Mercury Hourglass":107,"Ornamental Fan":16,"Orrery":75,"Membership Card":0,"champ:SpectersHand":22,"Pocketwatch":63,"Meat on the Bone":92}],"Pocketwatch":[19],"Meat on the Bone":24,"Mercury Hourglass":[93]},"card_choices":[{"not_picked":["champ:FocusedBerserking+1","champ:FlashCut"],"picked":"champ:IronFortress","floor":2},{"not_picked":["champ:FocusedDefense+1","champ:LastStand"],"picked":"champ:ShieldSigil+1","floor":3},{"not_picked":["champ:BringItOn+1","champ:PerfectedStrike"],"picked":"champ:SkillfulDodge+1","floor":5},{"not_picked":["champ:FalseCounter+1","champ:IronFortress"],"picked":"champ:Lariat+1","floor":9},{"not_picked":["champ:FaceSlap","champ:RapidStrikes"],"picked":"champ:Circumvent+1","floor":12},{"not_picked":["champ:RecklessLeap","champ:ArenaPreparation+1"],"picked":"champ:Backstep+1","floor":13},{"not_picked":["champ:FocusedGladiator+1","champ:RisingSlash","champ:FanOfKnives"],"picked":"SKIP","floor":14},{"not_picked":["champ:RapidStrikes","champ:Riposte+1"],"picked":"champ:Lariat+1","floor":15},{"not_picked":["champ:DancingMaster","champ:CrownThrow"],"picked":"champ:PerfectForm","floor":16},{"not_picked":["champ:Circumvent+1","champ:GladiatorsShout+1"],"picked":"champ:ShieldSlam","floor":19},{"not_picked":["champ:BerserkersShout+1","champ:Riposte+1","champ:RageSigil+1"],"picked":"SKIP","floor":21},{"not_picked":["champ:BringItOn+1","champ:FocusedBerserking+1"],"picked":"champ:TornadoPunch+1","floor":22},{"not_picked":["champ:FanOfKnives","champ:PerfectedStrike"],"picked":"champ:BringItOn+1","floor":23},{"not_picked":["champ:Circumvent+1","champ:Backstep+1"],"picked":"champ:StanceDance+1","floor":25},{"not_picked":["champ:RecklessLeap","champ:FanOfKnives"],"picked":"champ:FocusedDefense+1","floor":27},{"not_picked":["champ:Aggression+1","champ:CrookedStrike+1"],"picked":"champ:StrikeOfGenius","floor":28},{"not_picked":["champ:Lariat+1","champ:BerserkerStyle"],"picked":"champ:EnGarde+1","floor":30},{"not_picked":["champ:CheapShot","champ:FaceSlap+1"],"picked":"champ:ShieldSigil+1","floor":30},{"not_picked":["champ:Aggression+1","champ:RageSigil+1"],"picked":"champ:Lariat+1","floor":30},{"not_picked":["champ:SwordSigil+1","champ:TornadoPunch"],"picked":"champ:DefensiveShout+1","floor":30},{"not_picked":["champ:RageSigil+1","champ:GladiatorsShout+1"],"picked":"champ:Balance+1","floor":30},{"not_picked":["champ:FaceSlap","champ:BringItOn+1","champ:ViciousMockery+1"],"picked":"SKIP","floor":31},{"not_picked":["champ:ViciousMockery+1","champ:DeathBlow","champ:TornadoPunch+1"],"picked":"SKIP","floor":32},{"not_picked":["champ:IgnorePain+1","champ:EnchantSword+1"],"picked":"champ:HeavySlash","floor":33},{"not_picked":["champ:ViciousMockery+1","champ:FanOfKnives","champ:Balance+1"],"picked":"SKIP","floor":36},{"not_picked":["champ:FlashCut+1","champ:DefensiveShout+1"],"picked":"champ:ShieldSigil+1","floor":37},{"not_picked":["champ:RecklessLeap","champ:RisingSlash"],"picked":"champ:ShieldSigil+1","floor":42},{"not_picked":["champ:Encircle","champ:CrookedStrike","champ:AdrenalArmor+1"],"picked":"SKIP","floor":43},{"not_picked":["champ:EndlessRage+1","champ:Shatter+1"],"picked":"champ:RecklessLeap+1","floor":44},{"not_picked":["champ:FocusedBerserking+1","champ:Backstep+1"],"picked":"champ:ShieldSigil+1","floor":46},{"not_picked":["champ:SwordSigil+1","champ:FlashCut"],"picked":"champ:Backstep+1","floor":49},{"not_picked":["champ:FlashCut","champ:FaceSlap"],"picked":"champ:CheapShot","floor":52}],"player_experience":999726,"relics_obtained":[{"floor":3,"key":"Ornamental Fan"},{"floor":5,"key":"Regal Pillow"},{"floor":7,"key":"champ:SpectersHand"},{"floor":9,"key":"Replay:Towering Pillar of Hats"},{"floor":19,"key":"Vajra"},{"floor":25,"key":"Pocketwatch"},{"floor":27,"key":"WingedGreaves"},{"floor":28,"key":"Incense Burner"},{"floor":28,"key":"Blue Candle"},{"floor":36,"key":"MawBank"},{"floor":37,"key":"Meat on the Bone"},{"floor":41,"key":"Oddly Smooth Stone"},{"floor":42,"key":"Replay:Bandana"},{"floor":44,"key":"PreservedInsect"},{"floor":48,"key":"Replay:Kaleidoscope"},{"floor":52,"key":"Replay:Rubber Ducky"}],"event_choices":[{"damage_healed":30,"gold_gain":0,"player_choice":"Banana","damage_taken":0,"max_hp_gain":0,"max_hp_loss":0,"event_name":"Big Fish","floor":4,"gold_loss":0},{"cards_removed":["champ:Strike"],"damage_healed":0,"gold_gain":0,"player_choice":"Elegance","damage_taken":0,"max_hp_gain":0,"max_hp_loss":0,"event_name":"Back to Basics","floor":29,"gold_loss":0}],"is_beta":true,"boss_relics":[{"not_picked":["SlaversCollar","Runic Dome"],"picked":"Replay:Bronze Core"},{"not_picked":["Tiny House","Ring of Chaos"],"picked":"Astrolabe"}],"items_purged_floors":[13,39],"is_endless":false,"potions_floor_spawned":[5,12,14,16,22,23,25,32,33,43,44,46,49],"ascension_level":3}}