{"host":"Ian","time":1608239176,"event":{"mods":["BaseMod","Bestiary","Block Reminder","Colored Map","Highlight Path","Key Reminder","Minty Spire (QoL Compilation)","Relic Stats"],"gold_per_floor":[114,129,129,148,167,167,193,193,245,273,305,345,384,38,38,111,111,122,19,69,87,101,133,133,133],"floor_reached":24,"playtime":1231,"items_purged":[],"score":472,"play_id":"2079e3d2-9638-4be2-937f-c5ee669736d0","local_time":"20201217210616","is_ascension_mode":true,"campfire_choices":[{"data":"Clothesline","floor":6,"key":"SMITH"},{"floor":8,"key":"REST"},{"data":"Disarm","floor":15,"key":"SMITH"}],"circlet_count":0,"master_deck":["AscendersBane","Strike_R+1","Strike_R","Strike_R","Strike_R","Strike_R","Defend_R","Defend_R","Defend_R","Defend_R","Bash+1","Disarm+1","Cleave","Clothesline+1","Burning Pact","Shrug It Off","Chrysalis","Barricade","Rampage+1","Armaments","Double Tap"],"relics":["Mark of Pain","Meat on the Bone","Potion Belt","MawBank","Du-Vu Doll","Anchor","Oddly Smooth Stone","SacredBark","Dream Catcher"],"acts_visited":["Exordium","TheCity"],"potions_floor_usage":[7,11,12,21,22,23,23,23,23,23,23],"damage_taken":[{"damage":2,"enemies":"Jaw Worm","floor":1,"turns":4},{"damage":0,"enemies":"Small Slimes","floor":2,"turns":3},{"damage":0,"enemies":"Cultist","floor":4,"turns":4},{"damage":9,"enemies":"Blue Slaver","floor":5,"turns":3},{"damage":19,"enemies":"Lagavulin","floor":7,"turns":5},{"damage":22,"enemies":"Gremlin Nob","floor":10,"turns":4},{"damage":0,"enemies":"Gremlin Gang","floor":11,"turns":3},{"damage":12,"enemies":"Lagavulin","floor":12,"turns":7},{"damage":6,"enemies":"The Guardian","floor":16,"turns":12},{"damage":11,"enemies":"Shell Parasite","floor":18,"turns":7},{"damage":48,"enemies":"3 Byrds","floor":21,"turns":8},{"damage":58,"enemies":"Snecko","floor":22,"turns":10},{"damage":24,"enemies":"Gremlin Leader","floor":23,"turns":11},{"damage":23,"enemies":"Sentry and Sphere","floor":24,"turns":3}],"seed_played":"135959498589774254","potions_obtained":[{"floor":1,"key":"Dexterity Potion"},{"floor":2,"key":"EntropicBrew"},{"floor":7,"key":"Dexterity Potion"},{"floor":10,"key":"DistilledChaos"},{"floor":16,"key":"Ancient Potion"},{"floor":18,"key":"EssenceOfSteel"},{"floor":21,"key":"Weak Potion"}],"is_trial":false,"path_per_floor":["M","M","?","M","M","R","E","R","T","E","M","E","T","$","R","B",null,"M","$","?","M","M","E","M"],"character_chosen":"IRONCLAD","items_purchased":["Chrysalis","Oddly Smooth Stone","Regen Potion","Armaments"],"campfire_rested":1,"item_purchase_floors":[14,14,19,19],"current_hp_per_floor":[66,66,43,43,34,34,15,37,37,27,39,39,39,39,39,45,68,57,57,57,21,29,17,0,0],"gold":133,"neow_bonus":"BOSS_RELIC","is_daily":false,"chose_seed":false,"campfire_upgraded":2,"win_rate":0.0,"timestamp":1608239176,"path_taken":["M","M","?","M","M","R","E","R","T","E","M","E","?","$","R","BOSS","M","$","?","?","M","E","M"],"items_purchased_type":["Card","Relic","Potion","Card"],"build_version":"2020-12-07","purchased_purges":0,"victory":false,"max_hp_per_floor":[75,75,75,75,75,75,75,75,75,75,75,75,75,75,75,75,75,75,75,75,75,75,75,75,75],"relic_stats":{"Dream Catcher":0,"counters":[14,84],"MawBank":48,"obtain_stats":[{"Potion Belt":9,"Du-Vu Doll":12,"Anchor":13,"Dream Catcher":23,"SacredBark":17,"Oddly Smooth Stone":14,"Mark of Pain":0,"MawBank":10,"Burning Blood":0,"Meat on the Bone":7},{"Potion Belt":5,"Du-Vu Doll":8,"Anchor":8,"Dream Catcher":13,"SacredBark":9,"Oddly Smooth Stone":8,"Mark of Pain":0,"MawBank":6,"Burning Blood":0,"Meat on the Bone":5},{"Potion Belt":19,"Du-Vu Doll":33,"Anchor":33,"Dream Catcher":81,"SacredBark":45,"Oddly Smooth Stone":33,"Mark of Pain":0,"MawBank":23,"Burning Blood":0,"Meat on the Bone":19}],"Meat on the Bone":84},"card_choices":[{"not_picked":["Entrench","Rage"],"picked":"Disarm","floor":1},{"not_picked":["Heavy Blade","Havoc"],"picked":"Cleave","floor":2},{"not_picked":["Iron Wave","Pummel"],"picked":"Clothesline","floor":4},{"not_picked":["Dual Wield","Sword Boomerang"],"picked":"Burning Pact","floor":5},{"not_picked":["Perfected Strike","Brutality","Thunderclap"],"picked":"SKIP","floor":7},{"not_picked":["Warcry","Carnage"],"picked":"Shrug It Off","floor":10},{"not_picked":["Seeing Red","Wild Strike","Bloodletting"],"picked":"SKIP","floor":11},{"not_picked":["Reckless Charge","Perfected Strike","Anger"],"picked":"SKIP","floor":12},{"not_picked":["Double Tap","Limit Break"],"picked":"Barricade","floor":16},{"not_picked":["Clash","Shrug It Off"],"picked":"Rampage+1","floor":18},{"not_picked":["Anger","Iron Wave","Flex"],"picked":"SKIP","floor":21},{"not_picked":["Headbutt","Perfected Strike"],"picked":"Double Tap","floor":22},{"not_picked":["Fire Breathing","Armaments","Flex"],"picked":"SKIP","floor":23}],"player_experience":2543737,"relics_obtained":[{"floor":7,"key":"Meat on the Bone"},{"floor":9,"key":"Potion Belt"},{"floor":10,"key":"MawBank"},{"floor":12,"key":"Du-Vu Doll"},{"floor":13,"key":"Anchor"},{"floor":23,"key":"Dream Catcher"}],"event_choices":[{"damage_healed":0,"gold_gain":0,"player_choice":"Entered Light","damage_taken":23,"max_hp_gain":0,"max_hp_loss":0,"event_name":"Shining Light","floor":3,"gold_loss":0,"cards_upgraded":["Bash","Strike_R"]},{"damage_healed":0,"gold_gain":50,"player_choice":"Pray","damage_taken":0,"max_hp_gain":0,"max_hp_loss":0,"event_name":"Golden Shrine","floor":20,"gold_loss":0}],"is_beta":true,"boss_relics":[{"not_picked":["Black Star","Philosopher\u0027s Stone"],"picked":"SacredBark"}],"items_purged_floors":[],"is_endless":false,"potions_floor_spawned":[1,2,7,10,16,18,21],"killed_by":"Sentry and Sphere","ascension_level":20}}