{"host":"k5dhp0bkccqfauyu","time":1608178733,"event":{"mods":["BaseMod","Better Note","Better Skull","Better Vampires","Colored Map","Colored Powertips","DeckTracker","Minty Spire (QoL Compilation)","Permanent Neow","StSLib","SuperFastMode"],"gold_per_floor":[117,130,146,162,87,121,121,162,162,71,31,50,87,107,107,195,249,266,105,124,24,52,52,61,61,61,61,97,97,141,150,150,235,235,254,271,271,15,15,47,47,47,47,64,112,334,367,367,367,367,367,367],"floor_reached":51,"playtime":1677,"items_purged":["Strike_B","Reprogram","Zap"],"score":1403,"play_id":"4ac06cb3-45eb-44f7-9c49-3287d54a7ae1","local_time":"20201217151853","is_ascension_mode":true,"campfire_choices":[{"data":"Hyperbeam","floor":7,"key":"SMITH"},{"data":"Hologram","floor":15,"key":"SMITH"},{"data":"Fission","floor":23,"key":"SMITH"},{"data":"Turbo","floor":25,"key":"SMITH"},{"data":"Skim","floor":27,"key":"SMITH"},{"data":"Consume","floor":29,"key":"SMITH"},{"data":"Static Discharge","floor":32,"key":"SMITH"},{"data":"Recycle","floor":41,"key":"SMITH"},{"floor":49,"key":"REST"}],"circlet_count":0,"master_deck":["AscendersBane","Dualcast","Hyperbeam+1","Beam Cell","Cold Snap","Hologram+1","Static Discharge+1","Skim+1","Meteor Strike","Turbo+1","Capacitor","Compile Driver","Meteor Strike","Lockon","Beam Cell","Static Discharge","Fission+1","Coolheaded","Undo","Consume+1","Hologram","Electrodynamics","Recycle+1"],"relics":["Cracked Core","Ginger","CeramicFish","Centennial Puzzle","Meat on the Bone","Pandora\u0027s Box","Lantern","TungstenRod","Question Card","Red Mask","Du-Vu Doll","WarpedTongs","Busted Crown","Membership Card","Sundial","Regal Pillow","Orichalcum","Eternal Feather"],"acts_visited":["Exordium","TheCity","TheBeyond"],"potions_floor_usage":[8,13,13,16,33,33,47,51],"damage_taken":[{"damage":0,"enemies":"Small Slimes","floor":1,"turns":1},{"damage":0,"enemies":"Jaw Worm","floor":2,"turns":2},{"damage":0,"enemies":"Cultist","floor":3,"turns":2},{"damage":13,"enemies":"Exordium Wildlife","floor":4,"turns":3},{"damage":8,"enemies":"Gremlin Nob","floor":6,"turns":3},{"damage":12,"enemies":"3 Sentries","floor":8,"turns":5},{"damage":0,"enemies":"Looter","floor":12,"turns":1},{"damage":16,"enemies":"Lagavulin","floor":13,"turns":5},{"damage":8,"enemies":"Exordium Thugs","floor":14,"turns":2},{"damage":44,"enemies":"The Guardian","floor":16,"turns":8},{"damage":24,"enemies":"Shell Parasite","floor":18,"turns":3},{"damage":0,"enemies":"Spheric Guardian","floor":20,"turns":2},{"damage":1,"enemies":"3 Cultists","floor":22,"turns":3},{"damage":0,"enemies":"Masked Bandits","floor":28,"turns":2},{"damage":33,"enemies":"Gremlin Leader","floor":30,"turns":5},{"damage":12,"enemies":"Collector","floor":33,"turns":6},{"damage":5,"enemies":"3 Darklings","floor":35,"turns":4},{"damage":8,"enemies":"Orb Walker","floor":36,"turns":3},{"damage":3,"enemies":"Giant Head","floor":40,"turns":5},{"damage":14,"enemies":"Jaw Worm Horde","floor":44,"turns":2},{"damage":28,"enemies":"Nemesis","floor":47,"turns":5},{"damage":51,"enemies":"Awakened One","floor":50,"turns":11},{"damage":37,"enemies":"Time Eater","floor":51,"turns":3}],"seed_played":"-4202569848154453977","potions_obtained":[{"floor":2,"key":"SpeedPotion"},{"floor":6,"key":"FocusPotion"},{"floor":11,"key":"Regen Potion"},{"floor":13,"key":"DuplicationPotion"},{"floor":14,"key":"FairyPotion"},{"floor":18,"key":"Dexterity Potion"},{"floor":22,"key":"CultistPotion"},{"floor":35,"key":"LiquidBronze"},{"floor":40,"key":"LiquidMemories"},{"floor":47,"key":"DuplicationPotion"}],"is_trial":false,"path_per_floor":["M","M","M","M","?","E","R","E","T","$","?","M","E","M","R","B",null,"M","$","M","$","M","R","?","R","T","R","?","R","E","?","R","B",null,"M","M","?","$","?","E","R","$","T","M","T","?","E","T","R","B","B"],"character_chosen":"DEFECT","items_purchased":["Turbo","Lantern","Membership Card","Recycle"],"campfire_rested":1,"item_purchase_floors":[10,19,38,38],"current_hp_per_floor":[64,64,64,51,51,43,43,31,31,31,31,31,29,33,33,25,60,36,36,36,36,47,47,47,47,47,47,47,47,26,26,26,26,60,55,47,47,47,47,44,44,44,44,42,42,42,26,26,71,32,0,0],"gold":367,"neow_bonus":"ONE_RANDOM_RARE_CARD","is_daily":false,"chose_seed":false,"campfire_upgraded":8,"win_rate":0.0,"timestamp":1608178733,"path_taken":["M","M","M","M","?","E","R","E","T","$","?","M","E","M","R","BOSS","M","$","M","$","M","R","?","R","T","R","?","R","E","?","R","BOSS","M","M","?","?","?","E","R","$","T","M","?","?","E","?","R","BOSS","BOSS"],"items_purchased_type":["Card","Relic","Relic","Card"],"build_version":"2020-12-13","purchased_purges":3,"victory":false,"max_hp_per_floor":[71,71,71,71,71,71,71,71,71,71,71,71,71,71,71,71,71,71,71,71,71,71,71,71,71,71,71,71,71,71,71,71,71,71,71,71,71,71,71,71,71,71,71,71,71,71,71,71,71,71,71,71],"card_choices":[{"not_picked":["Redo","Sweeping Beam"],"picked":"Beam Cell","floor":1},{"not_picked":["Gash","Leap"],"picked":"Cold Snap","floor":2},{"not_picked":["Barrage","Rebound"],"picked":"Hologram","floor":3},{"not_picked":["Cold Snap","Chaos"],"picked":"Static Discharge","floor":4},{"not_picked":["Conserve Battery","Leap"],"picked":"Skim","floor":6},{"not_picked":["Reprogram","Rebound"],"picked":"Meteor Strike","floor":8},{"not_picked":["Blizzard","Hologram"],"picked":"Capacitor","floor":12},{"not_picked":["Conserve Battery","Steam"],"picked":"Compile Driver","floor":13},{"not_picked":["Beam Cell","Chaos","Sunder"],"picked":"SKIP","floor":14},{"not_picked":["Thunder Strike","All For One"],"picked":"Meteor Strike","floor":16},{"not_picked":["Redo","Compile Driver","Gash"],"picked":"SKIP","floor":18},{"not_picked":["Leap","Stack+1"],"picked":"Undo","floor":20},{"not_picked":["Cold Snap","Steam"],"picked":"Consume","floor":22},{"not_picked":["Hello World","Chaos","Coolheaded"],"picked":"Chill","floor":28},{"not_picked":["Force Field","Static Discharge","Streamline"],"picked":"Hologram","floor":30},{"not_picked":["Core Surge","All For One","Biased Cognition"],"picked":"Electrodynamics","floor":33},{"not_picked":["Fusion","Go for the Eyes"],"picked":"SKIP","floor":35},{"not_picked":["Compile Driver","Melter"],"picked":"SKIP","floor":36},{"not_picked":["Conserve Battery","Beam Cell"],"picked":"SKIP","floor":40},{"not_picked":["Steam","Streamline"],"picked":"SKIP","floor":44},{"not_picked":["Streamline","Static Discharge"],"picked":"SKIP","floor":47}],"player_experience":1759642,"relics_obtained":[{"floor":6,"key":"Ginger"},{"floor":8,"key":"CeramicFish"},{"floor":9,"key":"Centennial Puzzle"},{"floor":13,"key":"Meat on the Bone"},{"floor":26,"key":"Question Card"},{"floor":28,"key":"Red Mask"},{"floor":30,"key":"Du-Vu Doll"},{"floor":40,"key":"Sundial"},{"floor":45,"key":"Regal Pillow"},{"floor":47,"key":"Orichalcum"},{"floor":48,"key":"Eternal Feather"}],"event_choices":[{"cards_removed":["Strike_B"],"damage_healed":0,"gold_gain":0,"player_choice":"Card Removal","damage_taken":0,"max_hp_gain":0,"max_hp_loss":0,"event_name":"The Cleric","floor":5,"gold_loss":75},{"damage_healed":0,"gold_gain":0,"player_choice":"Bought 3 Potions","damage_taken":0,"max_hp_gain":0,"max_hp_loss":0,"event_name":"The Woman in Blue","floor":11,"gold_loss":0},{"damage_healed":0,"gold_gain":0,"player_choice":"Opened","damage_taken":0,"relics_obtained":["TungstenRod"],"max_hp_gain":0,"max_hp_loss":0,"event_name":"The Mausoleum","floor":24,"gold_loss":0,"cards_obtained":["Writhe"]},{"damage_healed":0,"gold_gain":0,"player_choice":"Fought Bandits","damage_taken":0,"max_hp_gain":0,"max_hp_loss":0,"event_name":"Masked Bandits","floor":28,"gold_loss":0},{"damage_healed":0,"gold_gain":0,"player_choice":"Rummage","damage_taken":0,"relics_obtained":["WarpedTongs"],"max_hp_gain":0,"max_hp_loss":0,"event_name":"Accursed Blacksmith","floor":31,"gold_loss":0,"cards_obtained":["Pain"]},{"cards_removed":["Pain","Writhe"],"damage_healed":0,"gold_gain":0,"player_choice":"Removed Curses","damage_taken":0,"max_hp_gain":0,"max_hp_loss":0,"event_name":"Fountain of Cleansing","floor":37,"gold_loss":0},{"cards_removed":["Chill"],"damage_healed":0,"gold_gain":0,"player_choice":"Removed Skill","damage_taken":0,"max_hp_gain":0,"max_hp_loss":0,"event_name":"Falling","floor":39,"gold_loss":0},{"damage_healed":0,"gold_gain":222,"player_choice":"Wore Mask","damage_taken":0,"max_hp_gain":0,"max_hp_loss":0,"event_name":"Tomb of Lord Red Mask","floor":46,"gold_loss":0}],"is_beta":false,"boss_relics":[{"not_picked":["Runic Dome","SlaversCollar"],"picked":"Pandora\u0027s Box"},{"not_picked":["Empty Cage","FrozenCore"],"picked":"Busted Crown"}],"items_purged_floors":[10,21,38],"is_endless":false,"potions_floor_spawned":[2,6,12,13,14,18,22,35,40,47],"killed_by":"Time Eater","ascension_level":20}}