{"host":"htqwg582tjjtn9p7","time":1608217461,"event":{"mods":["2.2 Compatiblity","AchievementEnabler","Act Like it!","Aspiration","BaseMod","Better Third Choice","Colored Map","Conspire","Curses Come First","Displayed Cursed Tome","Energized Spire","Force Act Four","GifTheSpireLib","Hermit","Highlight Path","JesterMod","Mad Scientist","Minty Spire (QoL Compilation)","Pale of the Ancients","Permanent Neow","Random Character Button","Relic Stats","Replay The Spire","Robot Space Explorer","Somnambulant","Spicy Shops","Spikes Relics","StSLib","Stuff the Spire","The Blue Laboratory","The Disciple","The Dragon Tamer","The Forsaken","The Gatherer","The Judge","The Jungle","The Runesmith","The Servant 0.9.4"],"gold_per_floor":[118,138,17,17,17,17,44,44,98,114,114,36,51,83,83,154,154,164,214,214,214,34,34,64,83,110,128,154,171,203,217,217,217,217],"floor_reached":33,"playtime":1545,"items_purged":["Strike_G","Strike_G"],"score":592,"play_id":"74fc4d4c-4432-47ab-b67a-7f99a2d79ce0","local_time":"20201217160421","is_ascension_mode":true,"campfire_choices":[{"data":"Panache","floor":6,"key":"SMITH"},{"floor":8,"key":"REST"},{"data":"Neutralize","floor":11,"key":"SMITH"},{"data":"Prepared","floor":15,"key":"SMITH"},{"floor":23,"key":"REST"},{"floor":32,"key":"REST"}],"circlet_count":0,"master_deck":["AscendersBane","Strike_G","Strike_G","Strike_G","Defend_G","Defend_G","Defend_G","Defend_G+1","Defend_G","Survivor","Neutralize+1","Panache+1","Flying Knee","StuffTheSpire:DoubleShiv","Footwork","Deflect","Predator","Prepared+1","Envenom","PiercingWail","ReplayTheSpireMod:Scrap Shanks","Reflex","Die Die Die","Reflex","conspire:DoublingDagger","Dash+1"],"relics":["Ring of the Snake","StuffTheSpire:OldFever","StuffTheSpire:HeavyRock","Ring of Chaos","Nloth\u0027s Gift","Toy Ornithopter","Strawberry","Replay:Mystery Machine","Gremlin Food"],"acts_visited":["Exordium","TheCity"],"potions_floor_usage":[14,16,18,24,31],"damage_taken":[{"damage":9,"enemies":"Cultist","floor":1,"turns":5},{"damage":0,"enemies":"Jaw Worm","floor":2,"turns":5},{"damage":13,"enemies":"3 Sentries","floor":7,"turns":9},{"damage":0,"enemies":"2 Louse","floor":10,"turns":1},{"damage":0,"enemies":"Blue Slaver","floor":13,"turns":2},{"damage":6,"enemies":"Lagavulin","floor":14,"turns":7},{"damage":7,"enemies":"Slime Boss","floor":16,"turns":9},{"damage":11,"enemies":"conspire:FuzzyDice","floor":18,"turns":7},{"damage":8,"enemies":"Gremlin Leader","floor":24,"turns":7},{"damage":2,"enemies":"Shell Parasite","floor":25,"turns":7},{"damage":8,"enemies":"3 Cultists","floor":27,"turns":4},{"damage":5,"enemies":"conspire:SneckoGhost","floor":28,"turns":7},{"damage":0,"enemies":"Centurion and Healer","floor":29,"turns":5},{"damage":0,"enemies":"Replay:Snechameleon","floor":30,"turns":6},{"damage":0,"enemies":"Shelled Parasite and Fungi","floor":31,"turns":4},{"damage":72,"enemies":"conspire:MysteriousRune","floor":33,"turns":9}],"seed_played":"-6216537409893191081","potions_obtained":[{"floor":1,"key":"blueLaboratory:ArtificerPotion"},{"floor":7,"key":"Explosive Potion"},{"floor":14,"key":"SkillPotion"},{"floor":16,"key":"blueLaboratory:PhilterOfMotion"},{"floor":25,"key":"blueLaboratory:AbyssPotion"},{"floor":29,"key":"Block Potion"},{"floor":31,"key":"blueLaboratory:AbyssPotion"}],"is_trial":false,"path_per_floor":["M","M","$","?","?","R","E","R","T","M","R","$","M","E","R","B",null,"M","?","?","?","$","R","E","M","T","M","E","M","E","M","R","B"],"character_chosen":"THE_SILENT","items_purchased":["Footwork","Predator","ReplayTheSpireMod:Scrap Shanks"],"campfire_rested":3,"item_purchase_floors":[3,12,22],"current_hp_per_floor":[50,50,50,55,51,51,38,57,57,57,57,57,57,51,51,44,60,53,53,35,35,35,56,48,46,53,45,40,40,40,45,68,0,0],"gold":217,"neow_bonus":"RANDOM_COLORLESS_2","is_daily":false,"chose_seed":false,"campfire_upgraded":3,"win_rate":0.0,"timestamp":1608217461,"path_taken":["M","?","$","?","?","R","E","R","T","M","R","?","M","E","R","BOSS","M","?","?","?","$","R","E","M","T","M","E","M","E","M","R","BOSS"],"items_purchased_type":["Card","Card","Card"],"build_version":"2020-12-13","purchased_purges":2,"victory":false,"max_hp_per_floor":[60,60,60,65,65,65,65,65,65,65,65,65,65,65,65,65,65,65,65,70,70,70,70,70,70,77,77,77,77,77,77,77,77,77],"relic_stats":{"counters":[16,94],"Nloth\u0027s Gift":2,"obtain_stats":[{"Gremlin Food":30,"StuffTheSpire:HeavyRock":14,"Strawberry":26,"Ring of Chaos":17,"StuffTheSpire:RubySignet":7,"Nloth\u0027s Gift":21,"Replay:Mystery Machine":28,"StuffTheSpire:OldFever":9,"Toy Ornithopter":24,"Ring of the Snake":0},{"Gremlin Food":14,"StuffTheSpire:HeavyRock":6,"Strawberry":10,"Ring of Chaos":7,"StuffTheSpire:RubySignet":3,"Nloth\u0027s Gift":8,"Replay:Mystery Machine":12,"StuffTheSpire:OldFever":3,"Toy Ornithopter":9,"Ring of the Snake":0},{"Gremlin Food":81,"StuffTheSpire:HeavyRock":29,"Strawberry":59,"Ring of Chaos":38,"StuffTheSpire:RubySignet":19,"Nloth\u0027s Gift":45,"Replay:Mystery Machine":70,"StuffTheSpire:OldFever":19,"Toy Ornithopter":52,"Ring of the Snake":0}],"Toy Ornithopter":5,"Ring of the Snake":[32]},"card_choices":[{"not_picked":["Feint","The Bomb"],"picked":"Panache","floor":0},{"not_picked":["Concentrate","Deadly Poison"],"picked":"Flying Knee","floor":1},{"not_picked":["StuffTheSpire:Incursion","Deadly Poison"],"picked":"StuffTheSpire:DoubleShiv","floor":2},{"not_picked":["Sucker Punch","Deadly Poison","ShadowRift"],"picked":"SKIP","floor":7},{"not_picked":["Accuracy","Dagger Throw"],"picked":"Deflect","floor":10},{"not_picked":["ReplayTheSpireMod:Exploit Weakness","Flying Knee"],"picked":"Prepared","floor":13},{"not_picked":["Bane","StuffTheSpire:Incantation","ShadowRift"],"picked":"SKIP","floor":14},{"not_picked":["Corpse Explosion","ReplayTheSpireMod:From All Sides"],"picked":"Envenom","floor":16},{"not_picked":["Slice","Dagger Spray"],"picked":"PiercingWail","floor":18},{"not_picked":["Calculated Gamble","Infinite Blades"],"picked":"Reflex","floor":24},{"not_picked":["Replay:Poison Smokescreen","Dodge and Roll","Predator"],"picked":"SKIP","floor":25},{"not_picked":["Hidden Blade","Outmaneuver"],"picked":"Die Die Die","floor":27},{"not_picked":["Bouncing Flask","Catalyst","Atom Bomb"],"picked":"SKIP","floor":28},{"not_picked":["StuffTheSpire:Injection","Blur"],"picked":"Reflex","floor":29},{"not_picked":["Flechettes","Envenom"],"picked":"conspire:DoublingDagger","floor":30},{"not_picked":["Dodge and Roll","Dagger Spray+1"],"picked":"Dash+1","floor":31}],"player_experience":1689380,"relics_obtained":[{"floor":7,"key":"StuffTheSpire:RubySignet"},{"floor":9,"key":"StuffTheSpire:OldFever"},{"floor":14,"key":"StuffTheSpire:HeavyRock"},{"floor":24,"key":"Toy Ornithopter"},{"floor":26,"key":"Strawberry"},{"floor":28,"key":"Replay:Mystery Machine"},{"floor":30,"key":"Gremlin Food"}],"event_choices":[{"damage_healed":0,"gold_gain":0,"player_choice":"Donut","damage_taken":0,"max_hp_gain":5,"max_hp_loss":0,"event_name":"Big Fish","floor":4,"gold_loss":0},{"damage_healed":0,"gold_gain":0,"player_choice":"Leave","damage_taken":0,"max_hp_gain":0,"max_hp_loss":0,"event_name":"conspire:Investor","floor":5,"gold_loss":0},{"damage_healed":0,"gold_gain":50,"player_choice":"Steal","damage_taken":0,"max_hp_gain":0,"max_hp_loss":0,"event_name":"betterThird:BetterNest","floor":19,"gold_loss":0},{"damage_healed":0,"gold_gain":0,"player_choice":"Shed Blood","damage_taken":23,"max_hp_gain":5,"max_hp_loss":0,"event_name":"Forgotten Altar","floor":20,"gold_loss":0},{"damage_healed":0,"gold_gain":0,"player_choice":"Traded Relic","damage_taken":0,"relics_obtained":["Nloth\u0027s Gift"],"max_hp_gain":0,"max_hp_loss":0,"event_name":"N\u0027loth","floor":21,"relics_lost":["StuffTheSpire:RubySignet"],"gold_loss":0}],"is_beta":false,"boss_relics":[{"not_picked":["ChewingGum","StuffTheSpire:RunicConfusion"],"picked":"Ring of Chaos"}],"items_purged_floors":[3,22],"is_endless":false,"potions_floor_spawned":[1,7,14,16,25,29,31],"killed_by":"conspire:MysteriousRune","ascension_level":15}}