{"host":"i41n6wh529970c2c","time":1608225450,"event":{"mods":["Act Like it!","BaseMod","BetterRewards","Friendly Minions","Gold Saver","Hermit","Minty Spire (QoL Compilation)","Replay The Spire","Shop Mod","StSLib"],"gold_per_floor":[1271,349,349,349,97,126,22,22,45,58,84,84,109,125,125,227,227,139,153,153,153,171,171,202,219,219,238,238,271,289,289,289,393,393,413,429,441,441,456,483,496,528,528,528,553,569,569,618,618,618],"floor_reached":51,"playtime":2502,"items_purged":["Dualcast","Zap","Defend_B"],"score":1244,"play_id":"6baa19a2-efa5-44d8-8c70-28a124f8a1b6","local_time":"20201217121730","is_ascension_mode":true,"campfire_choices":[{"data":"ReplayGash","floor":15.0,"key":"SMITH"},{"data":"Darkness","floor":23,"key":"SMITH"},{"floor":28,"key":"DIG"},{"data":"Scorching Beam","floor":32,"key":"SMITH"},{"data":"Creative AI","floor":44,"key":"SMITH"},{"floor":49,"key":"DIG"}],"circlet_count":0,"master_deck":["Strike_B","Strike_B","Strike_B+1","Defend_B","Defend_B","Gash+1","Gash+1","Self Repair","Leap+1","Reboot+1","Streamline","Hyperbeam","Hologram+1","ReplayGash+1","Beam Cell+1","Gash+1","Go for the Eyes","ReplayTheSpireMod:Muscle Training","All For One","Machine Learning","Conserve Battery","Darkness+1","Scrape","Offering","WeaponsOverheat+1","Scorching Beam+1","Double Tap","Spreading Infection","Creative AI+1","CurseOfTheBell","Gash+1"],"relics":["NeowsBlessing","Symbiotic Virus","Emotion Chip","Orrery","Cables","Replay:Wax Seal","War Paint","Blood Vial","Iron Core","Lantern","Coffee Dripper","Chameleon Ring","Shovel","Replay:Bottled Steam","Durian","Replay:PocketPolymizer","ReplayTheSpireMod:Ring of Collecting","ReplayTheSpireMod:Ring of Exchange","Calling Bell","Juzu Bracelet","Replay:Bottled Eggs","Calipers","Mummified Hand","Potion Belt","Ring of Hypnosis","Quantum Egg","Boot","Replay:Kaleidoscope","Orichalcum"],"acts_visited":["Exordium","TheCity","TheBeyond"],"potions_floor_usage":[24,40,41,42,50],"damage_taken":[{"damage":0.0,"enemies":"Small Slimes","floor":1.0,"turns":1.0},{"damage":0.0,"enemies":"3 Sentries","floor":6.0,"turns":1.0},{"damage":0.0,"enemies":"Jaw Worm","floor":10.0,"turns":1.0},{"damage":23.0,"enemies":"Lagavulin","floor":11.0,"turns":5.0},{"damage":5.0,"enemies":"3 Sentries","floor":13.0,"turns":2.0},{"damage":0.0,"enemies":"Cultist","floor":14.0,"turns":2.0},{"damage":12.0,"enemies":"Fading Forest","floor":16.0,"turns":11.0},{"damage":1.0,"enemies":"Shell Parasite","floor":18.0,"turns":2.0},{"damage":2.0,"enemies":"Spheric Guardian","floor":19.0,"turns":3.0},{"damage":29,"enemies":"Snecko","floor":22,"turns":4},{"damage":0,"enemies":"Gremlin Leader","floor":24,"turns":3},{"damage":0,"enemies":"Shelled Parasite and Fungi","floor":25,"turns":2},{"damage":23,"enemies":"Snake Plant","floor":27,"turns":4},{"damage":15,"enemies":"Slavers","floor":29,"turns":4},{"damage":9,"enemies":"Cultist and Chosen","floor":30,"turns":3},{"damage":1,"enemies":"Pondfish","floor":33,"turns":4},{"damage":10,"enemies":"3 Shapes","floor":35,"turns":4},{"damage":6,"enemies":"3 Darklings","floor":36,"turns":2},{"damage":28,"enemies":"4 Shapes","floor":37,"turns":3},{"damage":7,"enemies":"Jaw Worm Horde","floor":39,"turns":2},{"damage":3,"enemies":"Giant Head","floor":40,"turns":4},{"damage":16,"enemies":"Sphere and 2 Shapes","floor":41,"turns":4},{"damage":35,"enemies":"Reptomancer","floor":42,"turns":3},{"damage":0,"enemies":"Giant Head","floor":45,"turns":4},{"damage":6,"enemies":"Maw","floor":46,"turns":3},{"damage":1,"enemies":"2 Orb Walkers","floor":48,"turns":2},{"damage":15,"enemies":"Awakened One","floor":50,"turns":5}],"seed_played":"4437160030969057277","potions_obtained":[{"floor":11.0,"key":"SteroidPotion"},{"floor":13.0,"key":"Venom Potion"},{"floor":19.0,"key":"SpeedPotion"},{"floor":22,"key":"Block Potion"},{"floor":33,"key":"Reflective Coating"},{"floor":36,"key":"SpeedPotion"},{"floor":37,"key":"Strength Potion"},{"floor":40,"key":"BlessingOfTheForge"},{"floor":42,"key":"Fire Potion"},{"floor":48,"key":"Strength Potion"}],"is_trial":false,"path_per_floor":["M","$","?","?","$","E","$","?","T","M","E","?","E","M","R","B",null,"M","M","?","?","M","R","E","M","T","M","R","E","M","?","R","B",null,"M","M","M","?","M","E","M","E","T","R","E","M","?","?","R","B",null],"character_chosen":"DEFECT","items_purchased":["Gash","Self Repair","Leap","Reboot","Streamline","Symbiotic Virus","Emotion Chip","Orrery","Replay:Wax Seal"],"campfire_rested":0,"item_purchase_floors":[2,2,2,2,2,2,2,5,7],"current_hp_per_floor":[75,75,75,60,60,60,60,60,60,60,44,44,48,50,50,47,68,69,69,69,69,49,49,58,60,60,46,51,45,45,45,45,53,73,72,75,56,56,58,64,57,24,24,24,26,29,70,69,69,62],"gold":618,"neow_bonus":"THREE_ENEMY_KILL","is_daily":false,"chose_seed":false,"campfire_upgraded":4,"win_rate":0.0,"timestamp":1608225450,"path_taken":["M","$","?","?","?","E","$","?","T","?","E","?","E","M","R","BOSS","M","M","?","?","M","R","E","M","T","?","R","E","M","?","R","BOSS","M","M","M","?","M","E","M","E","T","R","E","M","?","?","R","BOSS"],"items_purchased_type":["Card","Card","Card","Card","Card","Relic","Relic","Relic","Relic"],"build_version":"2020-12-13","purchased_purges":3,"victory":true,"max_hp_per_floor":[75,75,75,75,75,75,75,75,75,75,75,75,75,75,75,75,75,75,75,75,75,75,75,75,75,75,75,80,80,80,80,80,80,80,80,80,80,80,80,80,80,80,80,80,80,80,70,70,70,70],"card_choices":[{"not_picked":["Stack","Defragment"],"picked":"Gash","floor":1.0},{"not_picked":["Heatsinks","Defragment"],"picked":"Hyperbeam","floor":5.0},{"not_picked":["Stack","Coolheaded"],"picked":"Hologram","floor":5.0},{"not_picked":["Hologram","Compile Driver"],"picked":"ReplayGash","floor":5.0},{"not_picked":["Compile Driver","Consume"],"picked":"Beam Cell","floor":5.0},{"not_picked":["Hologram","Recycle"],"picked":"Gash","floor":6.0},{"not_picked":["Capacitor","Defragment"],"picked":"Go for the Eyes","floor":10.0},{"not_picked":["BasicCrystalCard","Capacitor","FTL"],"picked":"SKIP","floor":11.0},{"not_picked":["Iron Wave","Stack"],"picked":"ReplayTheSpireMod:Muscle Training","floor":13.0},{"not_picked":["Force Field","Turbo"],"picked":"All For One","floor":14.0},{"not_picked":["Barricade","Mirror Shield"],"picked":"Machine Learning","floor":16.0},{"not_picked":["Beam Cell","Fusion"],"picked":"Conserve Battery","floor":18.0},{"not_picked":["Coolheaded","Turbo"],"picked":"Darkness","floor":19.0},{"not_picked":["Streamline+1","Flex"],"picked":"Scrape","floor":22},{"not_picked":["Fire Breathing+1","Sweeping Beam"],"picked":"Offering","floor":24},{"not_picked":["Turbo","Redo+1"],"picked":"WeaponsOverheat+1","floor":25},{"not_picked":["Iron Wave","Stack","Warcry"],"picked":"SKIP","floor":27},{"not_picked":["Beam Cell","ReplaySort"],"picked":"Scorching Beam","floor":29},{"not_picked":["Conserve Battery","Melter"],"picked":"Double Tap","floor":30},{"not_picked":["Juggernaut","Barricade"],"picked":"Creative AI","floor":33},{"not_picked":["Hologram+1","BasicCrystalCard+1"],"picked":"Gash+1","floor":35},{"not_picked":["Barrage","Tempest+1","Cold Snap+1"],"picked":"SKIP","floor":36},{"not_picked":["BasicCrystalCard","Redo+1","Scrape+1"],"picked":"SKIP","floor":37},{"not_picked":["Double Energy","Turbo","Hello World"],"picked":"SKIP","floor":39},{"not_picked":["Turbo+1","Stack","Doom and Gloom"],"picked":"SKIP","floor":40},{"not_picked":["Streamline+1","Stack","Rainbow"],"picked":"SKIP","floor":41},{"not_picked":["Ball Lightning","Leap","Fusion+1"],"picked":"SKIP","floor":42},{"not_picked":["Compile Driver","Rebound","Doom and Gloom"],"picked":"SKIP","floor":45},{"not_picked":["BasicCrystalCard","Compile Driver","Steam"],"picked":"SKIP","floor":46}],"player_experience":826195,"relics_obtained":[{"floor":6.0,"key":"Cables"},{"floor":9.0,"key":"War Paint"},{"floor":11.0,"key":"Blood Vial"},{"floor":13.0,"key":"Lantern"},{"floor":24,"key":"Shovel"},{"floor":26,"key":"Replay:Bottled Steam"},{"floor":28,"key":"Durian"},{"floor":29,"key":"Replay:PocketPolymizer"},{"floor":31,"key":"ReplayTheSpireMod:Ring of Collecting"},{"floor":31,"key":"ReplayTheSpireMod:Ring of Exchange"},{"floor":34,"key":"Juzu Bracelet"},{"floor":34,"key":"Replay:Bottled Eggs"},{"floor":34,"key":"Calipers"},{"floor":40,"key":"Mummified Hand"},{"floor":42,"key":"Potion Belt"},{"floor":43,"key":"Ring of Hypnosis"},{"floor":43,"key":"Quantum Egg"},{"floor":45,"key":"Boot"},{"floor":48,"key":"Replay:Kaleidoscope"},{"floor":49,"key":"Orichalcum"}],"event_choices":[{"damage_healed":0.0,"max_hp_gain":0.0,"max_hp_loss":0.0,"gold_gain":0.0,"event_name":"Shining Light","player_choice":"Entered Light","floor":4.0,"gold_loss":0.0,"damage_taken":15.0,"cards_upgraded":["Reboot","Strike_B"]},{"cards_removed":["Defend_B"],"damage_healed":0.0,"max_hp_gain":0.0,"max_hp_loss":0.0,"gold_gain":0.0,"event_name":"Purifier","player_choice":"Purged","floor":8.0,"gold_loss":0.0,"damage_taken":0.0},{"damage_healed":0,"gold_gain":0,"player_choice":"Ignored","damage_taken":0,"max_hp_gain":0,"max_hp_loss":0,"event_name":"N\u0027loth","floor":21,"gold_loss":0},{"damage_healed":0,"gold_gain":0,"player_choice":"Upgraded","damage_taken":0,"max_hp_gain":0,"max_hp_loss":0,"event_name":"Upgrade Shrine","floor":38,"gold_loss":0,"cards_upgraded":["Beam Cell"]},{"damage_healed":70,"gold_gain":0,"player_choice":"Heal","damage_taken":0,"max_hp_gain":0,"max_hp_loss":10,"event_name":"The Moai Head","floor":47,"gold_loss":0},{"damage_healed":0,"gold_gain":0,"player_choice":"Fight","damage_taken":0,"max_hp_gain":0,"max_hp_loss":0,"event_name":"Mysterious Sphere","floor":48,"gold_loss":0}],"is_beta":false,"boss_relics":[{"not_picked":["Runic Dome","Inserter"],"picked":"Coffee Dripper"},{"not_picked":["Abe\u0027s Treasure","ClockworkSouvenir"],"picked":"Calling Bell"}],"items_purged_floors":[2,5,7],"is_endless":false,"potions_floor_spawned":[11,13,19,22,33,36,37,40,42,48],"ascension_level":5}}