{"host":"07ljfmttuzqopd7f","time":1608176273,"event":{"mods":["2.2 Compatiblity","BaseMod","Bestiary","Block Reminder","Colored Map","Colored Powertips","Curses Come First","Downfall","Hermit","Minty Spire (QoL Compilation)","Quick Restart","Random Character Button","Rare Cards Sparkle","Relic Stats","StSLib","The Cursed","UnlockEverythingMod","everything is the same but u backflip on backflip"],"gold_per_floor":[116,116,116,116,135,160,160,179,179,194,209,235,58,73,73,173,173,189,0,13,27,41,41,41],"floor_reached":23,"playtime":864,"items_purged":[],"score":324,"play_id":"6f1f3ddc-e07b-48e2-ad10-42b3efecd20c","local_time":"20201216223753","is_ascension_mode":true,"campfire_choices":[{"data":"hermit:Deadeye","floor":7.0,"key":"SMITH"},{"floor":15.0,"key":"REST"}],"circlet_count":0,"master_deck":["hermit:Strike_Hermit","hermit:Strike_Hermit+1","hermit:Strike_Hermit+1","hermit:Strike_Hermit","hermit:Defend_Hermit","hermit:Defend_Hermit+1","hermit:Defend_Hermit","hermit:Defend_Hermit","hermit:Snapshot+1","hermit:Covet","hermit:Deadeye+1","hermit:Dive","hermit:Headshot","hermit:Virtue","hermit:Ricochet","hermit:Combo","hermit:BlackWind","CurseOfTheBell","hermit:EyeOfTheStorm"],"relics":["hermit:Momento","NeowsBlessing","Singing Bowl","Happy Flower","Whetstone","Strawberry","Gremlin Horn","hermit:PetGhost","Calling Bell","Ancient Tea Set","Eternal Feather","Gambling Chip"],"acts_visited":["Exordium","TheCity"],"potions_floor_usage":[23,23],"damage_taken":[{"damage":0.0,"enemies":"Cultist","floor":1.0,"turns":1.0},{"damage":0.0,"enemies":"2 Louse","floor":5.0,"turns":1.0},{"damage":0.0,"enemies":"3 Sentries","floor":6.0,"turns":2.0},{"damage":0.0,"enemies":"Jaw Worm","floor":8.0,"turns":1.0},{"damage":0.0,"enemies":"Lots of Slimes","floor":10.0,"turns":5.0},{"damage":0.0,"enemies":"Looter","floor":11.0,"turns":2.0},{"damage":24.0,"enemies":"Lagavulin","floor":12.0,"turns":6.0},{"damage":2.0,"enemies":"Exordium Thugs","floor":14.0,"turns":4.0},{"damage":25.0,"enemies":"Hexaghost","floor":16.0,"turns":9.0},{"damage":40.0,"enemies":"3 Byrds","floor":18.0,"turns":7.0},{"damage":10.0,"enemies":"2 Thieves","floor":20.0,"turns":3.0},{"damage":30.0,"enemies":"Centurion and Healer","floor":21.0,"turns":5.0},{"damage":25.0,"enemies":"Cultist and Chosen","floor":22.0,"turns":6.0},{"damage":100006,"enemies":"Slavers","floor":23,"turns":2}],"seed_played":"1697525635543421612","potions_obtained":[{"floor":1.0,"key":"AttackPotion"},{"floor":8.0,"key":"LiquidMemories"},{"floor":10.0,"key":"FairyPotion"},{"floor":11.0,"key":"BlessingOfTheForge"},{"floor":18.0,"key":"Strength Potion"},{"floor":22,"key":"ColorlessPotion"}],"is_trial":false,"path_per_floor":["M","?","?","T","M","E","R","M","T","M","M","E","$","M","R","B",null,"M","?","M","M","M","E"],"character_chosen":"HERMIT","items_purchased":["hermit:Ricochet","hermit:PetGhost"],"campfire_rested":1,"item_purchase_floors":[13,13],"current_hp_per_floor":[68,61,46,46,48,48,48,48,55,55,57,35,35,33,59,34,75,37,37,27,29,6,0,0],"gold":41,"neow_bonus":"THREE_ENEMY_KILL","is_daily":false,"chose_seed":false,"campfire_upgraded":1,"win_rate":0.0,"timestamp":1608176273,"path_taken":["M","?","?","?","M","E","R","M","T","?","M","E","$","M","R","BOSS","M","?","M","M","M","E"],"items_purchased_type":["Card","Relic"],"build_version":"2020-12-13","purchased_purges":0,"victory":false,"max_hp_per_floor":[75,75,75,75,77,77,77,77,84,84,86,88,88,88,88,88,88,90,90,90,92,94,94,94],"relic_stats":{"Singing Bowl":12,"Happy Flower":[18],"Gremlin Horn":[6,6],"counters":[14,54],"Gambling Chip":[11],"Eternal Feather":0,"Whetstone":["hermit:Strike_Hermit","hermit:Snapshot"],"obtain_stats":[{"Calling Bell":17,"hermit:PetGhost":13,"NeowsBlessing":0,"Singing Bowl":2,"Happy Flower":4,"Gremlin Horn":12,"Strawberry":9,"Gambling Chip":17,"Eternal Feather":17,"Whetstone":6,"Ancient Tea Set":17,"hermit:Momento":0},{"Calling Bell":9,"hermit:PetGhost":7,"NeowsBlessing":0,"Singing Bowl":1,"Happy Flower":1,"Gremlin Horn":7,"Strawberry":4,"Gambling Chip":9,"Eternal Feather":9,"Whetstone":3,"Ancient Tea Set":9,"hermit:Momento":0},{"Calling Bell":31,"hermit:PetGhost":18,"NeowsBlessing":0,"Singing Bowl":1,"Happy Flower":1,"Gremlin Horn":18,"Strawberry":5,"Gambling Chip":31,"Eternal Feather":31,"Whetstone":4,"Ancient Tea Set":31,"hermit:Momento":0}]},"card_choices":[{"not_picked":["hermit:ItchyTrigger","hermit:Snipe"],"picked":"hermit:Deadeye","floor":1.0},{"not_picked":["hermit:Roulette","hermit:HoleUp","hermit:Showdown"],"picked":"Singing Bowl","floor":5.0},{"not_picked":["hermit:TrackingShot","hermit:FullyLoaded"],"picked":"hermit:Dive","floor":6.0},{"not_picked":["hermit:TrackingShot","hermit:Misfire"],"picked":"hermit:Headshot","floor":8.0},{"not_picked":["hermit:Cheat","hermit:Desperado"],"picked":"hermit:Virtue","floor":10.0},{"not_picked":["hermit:FlashPowder","hermit:Brawl","hermit:HighCaliber"],"picked":"Singing Bowl","floor":11.0},{"not_picked":["hermit:EternalForm","hermit:Misfire","hermit:Spite"],"picked":"Singing Bowl","floor":12.0},{"not_picked":["hermit:LoneWolf","hermit:Grudge"],"picked":"hermit:Combo","floor":14.0},{"not_picked":["hermit:Purgatory","hermit:DeadOrAlive"],"picked":"hermit:BlackWind","floor":16.0},{"not_picked":["hermit:TrackingShot","hermit:Purgatory","hermit:Brawl"],"picked":"Singing Bowl","floor":18.0},{"not_picked":["hermit:HighCaliber+1","hermit:Dive+1"],"picked":"hermit:EyeOfTheStorm","floor":20.0},{"not_picked":["hermit:WideOpen","hermit:Glare","hermit:TakeCover"],"picked":"Singing Bowl","floor":21.0},{"not_picked":["hermit:HoleUp","hermit:Roulette","hermit:Ricochet"],"picked":"Singing Bowl","floor":22}],"player_experience":427249,"relics_obtained":[{"floor":4.0,"key":"Happy Flower"},{"floor":6.0,"key":"Whetstone"},{"floor":9.0,"key":"Strawberry"},{"floor":12.0,"key":"Gremlin Horn"},{"floor":17.0,"key":"Ancient Tea Set"},{"floor":17.0,"key":"Eternal Feather"},{"floor":17.0,"key":"Gambling Chip"}],"event_choices":[{"damage_healed":0.0,"max_hp_gain":0.0,"max_hp_loss":0.0,"gold_gain":0.0,"event_name":"Scrap Ooze","player_choice":"Success","floor":2.0,"gold_loss":0.0,"damage_taken":7.0,"relics_obtained":["Singing Bowl"]},{"damage_healed":0.0,"max_hp_gain":0.0,"max_hp_loss":0.0,"gold_gain":0.0,"event_name":"Shining Light","player_choice":"Entered Light","floor":3.0,"gold_loss":0.0,"damage_taken":15.0,"cards_upgraded":["hermit:Strike_Hermit","hermit:Defend_Hermit"]},{"damage_healed":0.0,"max_hp_gain":0.0,"max_hp_loss":0.0,"gold_gain":0.0,"event_name":"Masked Bandits","player_choice":"Paid Fearfully","floor":19.0,"gold_loss":189.0,"damage_taken":0.0}],"is_beta":false,"boss_relics":[{"not_picked":["SlaversCollar","Ectoplasm"],"picked":"Calling Bell"}],"items_purged_floors":[],"is_endless":false,"potions_floor_spawned":[1,8,10,11,18,22],"killed_by":"Slavers","ascension_level":6}}