{"host":"4vhnentjshwu7xz9","time":1608230329,"event":{"mods":["BaseMod","Minty Spire (QoL Compilation)","Permanent Neow","Relic Stats","StSLib","everything is the same but u backflip on backflip"],"gold_per_floor":[111,111,127,127,127,156,176,176,199,233,233,6,6,32,32,137,137,155,136,0,100,111,111,137,149,149,162,178,178,178],"floor_reached":29,"playtime":1846,"items_purged":["Strike_G"],"score":341,"play_id":"7b5d4823-763a-4672-8e41-020b8344f22d","local_time":"20201217193849","is_ascension_mode":true,"campfire_choices":[{"data":"Tools of the Trade","floor":8,"key":"SMITH"},{"data":"Malaise","floor":11,"key":"SMITH"},{"data":"Neutralize","floor":13,"key":"SMITH"},{"floor":15,"key":"REST"},{"data":"Venomology","floor":23,"key":"SMITH"}],"circlet_count":0,"master_deck":["Strike_G+1","Strike_G+1","Strike_G+1","Defend_G","Defend_G+1","Defend_G","Defend_G","Defend_G","Survivor","Neutralize+1","Malaise+1","Riddle With Holes","Tools of the Trade+1","Noxious Fumes","Noxious Fumes","Reflex","Outmaneuver","Venomology+1","Terror","Poisoned Stab","PiercingWail","Footwork","Reflex"],"relics":["Ring of the Snake","Pantograph","Mango","Whetstone","Blood Vial","TwistedFunnel","Potion Belt","SacredBark","Pear"],"acts_visited":["Exordium","TheCity"],"potions_floor_usage":[18,19,24,24,25,25,27,27,28,29,29,29,29],"damage_taken":[{"damage":9,"enemies":"Cultist","floor":1,"turns":5},{"damage":2,"enemies":"Jaw Worm","floor":3,"turns":5},{"damage":30,"enemies":"3 Sentries","floor":6,"turns":10},{"damage":0,"enemies":"Small Slimes","floor":7,"turns":4},{"damage":4,"enemies":"Lagavulin","floor":10,"turns":6},{"damage":10,"enemies":"3 Sentries","floor":14,"turns":7},{"damage":8,"enemies":"Hexaghost","floor":16,"turns":9},{"damage":0,"enemies":"3 Byrds","floor":18,"turns":2},{"damage":44,"enemies":"2 Thieves","floor":19,"turns":4},{"damage":9,"enemies":"Snake Plant","floor":22,"turns":5},{"damage":28,"enemies":"Book of Stabbing","floor":24,"turns":6},{"damage":0,"enemies":"Cultist and Chosen","floor":25,"turns":6},{"damage":13,"enemies":"Centurion and Healer","floor":27,"turns":4},{"damage":1,"enemies":"Snake Plant","floor":28,"turns":6},{"damage":0,"enemies":"Gremlin Leader","floor":29,"turns":2}],"seed_played":"-2389504144798018439","potions_obtained":[{"floor":7,"key":"Weak Potion"},{"floor":10,"key":"AttackPotion"},{"floor":14,"key":"Explosive Potion"},{"floor":19,"key":"AttackPotion"},{"floor":22,"key":"FearPotion"},{"floor":24,"key":"Block Potion"}],"is_trial":false,"path_per_floor":["M","?","M","T","?","E","M","R","T","E","R","$","R","E","R","B",null,"M","M","?","?","M","R","E","M","T","M","M","E"],"character_chosen":"THE_SILENT","items_purchased":["TwistedFunnel"],"campfire_rested":1,"item_purchase_floors":[12],"current_hp_per_floor":[61,47,45,45,45,29,29,29,29,25,25,25,25,17,42,61,84,84,40,40,40,33,33,17,19,19,8,9,11,11],"gold":178,"neow_bonus":"ONE_RANDOM_RARE_CARD","is_daily":false,"chose_seed":false,"campfire_upgraded":4,"win_rate":0.0,"timestamp":1608230329,"path_taken":["M","?","M","?","?","E","M","R","T","E","R","$","R","E","R","BOSS","M","M","?","?","?","R","E","M","T","M","M","E"],"items_purchased_type":["Relic"],"build_version":"2020-12-13","purchased_purges":1,"victory":false,"max_hp_per_floor":[70,70,70,70,70,84,84,84,84,84,84,84,84,84,84,84,84,84,84,84,84,84,84,94,94,94,94,94,94,94],"relic_stats":{"Blood Vial":16,"counters":[15,81],"Pantograph":25,"Whetstone":["Strike_G","Strike_G"],"obtain_stats":[{"Blood Vial":10,"TwistedFunnel":12,"Potion Belt":14,"Pear":24,"Pantograph":4,"SacredBark":17,"Mango":6,"Whetstone":9,"Ring of the Snake":0},{"Blood Vial":5,"TwistedFunnel":5,"Potion Belt":6,"Pear":11,"Pantograph":2,"SacredBark":7,"Mango":3,"Whetstone":4,"Ring of the Snake":0},{"Blood Vial":30,"TwistedFunnel":30,"Potion Belt":37,"Pear":63,"Pantograph":10,"SacredBark":46,"Mango":20,"Whetstone":24,"Ring of the Snake":0}],"Ring of the Snake":[30]},"card_choices":[{"not_picked":["Sucker Punch","Backflip"],"picked":"Riddle With Holes","floor":1},{"not_picked":["Blade Dance","Quick Slash"],"picked":"Tools of the Trade","floor":3},{"not_picked":["Concentrate","Cloak And Dagger"],"picked":"Noxious Fumes","floor":6},{"not_picked":["Dagger Spray","Poisoned Stab"],"picked":"Reflex","floor":7},{"not_picked":["Underhanded Strike","Infinite Blades","Blade Dance"],"picked":"SKIP","floor":10},{"not_picked":["Envenom","Dagger Throw"],"picked":"Outmaneuver","floor":14},{"not_picked":["Doppelganger","Wraith Form v2"],"picked":"Venomology","floor":16},{"not_picked":["Blade Dance","Slice"],"picked":"Terror","floor":18},{"not_picked":["Choke+1","Backflip"],"picked":"Poisoned Stab","floor":19},{"not_picked":["Escape Plan+1","Cloak And Dagger","Sucker Punch"],"picked":"SKIP","floor":22},{"not_picked":["Masterful Stab+1","Caltrops"],"picked":"PiercingWail","floor":24},{"not_picked":["Night Terror","Calculated Gamble+1"],"picked":"Footwork","floor":25},{"not_picked":["Underhanded Strike","Dagger Throw+1","Finisher"],"picked":"SKIP","floor":27},{"not_picked":["Riddle With Holes","Dagger Throw"],"picked":"Reflex","floor":28}],"player_experience":137784,"relics_obtained":[{"floor":4,"key":"Pantograph"},{"floor":6,"key":"Mango"},{"floor":9,"key":"Whetstone"},{"floor":10,"key":"Blood Vial"},{"floor":14,"key":"Potion Belt"},{"floor":24,"key":"Pear"}],"event_choices":[{"damage_healed":0,"gold_gain":0,"player_choice":"Entered Light","damage_taken":14,"max_hp_gain":0,"max_hp_loss":0,"event_name":"Shining Light","floor":2,"gold_loss":0,"cards_upgraded":["Defend_G","Strike_G"]},{"damage_healed":0,"gold_gain":0,"cards_transformed":["Strike_G"],"player_choice":"Change","damage_taken":0,"max_hp_gain":0,"max_hp_loss":0,"event_name":"Living Wall","floor":5,"gold_loss":0,"cards_obtained":["Noxious Fumes"]},{"damage_healed":0,"gold_gain":0,"player_choice":"Paid Fearfully","damage_taken":0,"max_hp_gain":0,"max_hp_loss":0,"event_name":"Masked Bandits","floor":20,"gold_loss":136},{"damage_healed":0,"gold_gain":100,"player_choice":"Pray","damage_taken":0,"max_hp_gain":0,"max_hp_loss":0,"event_name":"Golden Shrine","floor":21,"gold_loss":0}],"is_beta":false,"boss_relics":[{"not_picked":["Snecko Eye","Ring of the Serpent"],"picked":"SacredBark"}],"items_purged_floors":[12],"is_endless":false,"potions_floor_spawned":[7,10,14,19,22,24],"killed_by":"Gremlin Leader","ascension_level":4}}