{"host":"54xlu8utfq6njvlm","time":1608225179,"event":{"mods":["Aspiration","Bard","BaseMod","Beaked The Cultist","Better Altar","Better Match","Better Note","Better Sensory Stone","Better Skull","Better Third Choice","BetterRewards","CCEM","Colored Map","Conspire","Friendly Minions","GifTheSpireLib","Halation","Hermit","Highlight Path","Infinite Spire","Jorbs\u0027s Wanderer Trilogy","Koishi","Marisa????????","Minty Spire (QoL Compilation)","Permanent Neow","Remilia??????","Replay The Spire","Shade Mod","Shop Mod","Spicy Shops","StSLib","Stuff the Spire","The Animator","The Bug Knight","The Cursed","The Jungle","The Mystic","The Servant 0.9.4","The Witch","Unceasing Turn Reminder","everything is the same but u backflip on backflip"],"gold_per_floor":[117,135,135,158,58,233,233,278,278,7,7,26,26,51,51,218,218,241,295,205,23,23,23],"floor_reached":22,"playtime":1284,"items_purged":["Doubt","hermit:Strike_Hermit"],"score":176,"play_id":"e9b4b272-8aca-45c5-97b6-8fb3ad12e107","local_time":"20201217101259","is_ascension_mode":false,"campfire_choices":[{"data":"hermit:GoldenBullet","floor":11,"key":"SMITH"},{"data":"hermit:CalledShot","floor":13,"key":"SMITH"},{"floor":15,"key":"REST"}],"circlet_count":0,"master_deck":["hermit:Strike_Hermit+1","hermit:Strike_Hermit","hermit:Defend_Hermit","hermit:Defend_Hermit","hermit:Defend_Hermit","hermit:Defend_Hermit","hermit:Snapshot","hermit:Covet","hermit:Snipe","hermit:CalledShot+1","Injury","hermit:GoldenBullet+1","conspire:SpireCoStock","conspire:SpireCoStock","hermit:Virtue","hermit:RoundhouseKick","hermit:EyeOfTheStorm","hermit:EternalForm"],"relics":["hermit:Momento","aspiration:Nostalgia","bard:BagPipes","Golden Idol","Potion Belt","StuffTheSpire:Wildfire","conspire:RoyalGoblet","halation:LostSnail"],"acts_visited":["Exordium","TheCity"],"potions_floor_usage":[4,8,16,18,18],"damage_taken":[{"damage":0,"enemies":"2 Louse","floor":1,"turns":2},{"damage":5,"enemies":"Small Slimes","floor":2,"turns":4},{"damage":1,"enemies":"Cultist","floor":4,"turns":3},{"damage":23,"enemies":"Lots of Slimes","floor":8,"turns":5},{"damage":10,"enemies":"2 Fungi Beasts","floor":12,"turns":4},{"damage":5,"enemies":"Looter","floor":14,"turns":3},{"damage":62,"enemies":"Fading Forest","floor":16,"turns":11},{"damage":5,"enemies":"Chosen","floor":18,"turns":4},{"damage":65,"enemies":"Spheric Guardian","floor":19,"turns":8},{"damage":9,"enemies":"Snake Plant","floor":22,"turns":1}],"seed_played":"-8323538971509903521","potions_obtained":[{"floor":2,"key":"hermit:Tonic"},{"floor":4,"key":"AttackPotion"},{"floor":14,"key":"Venom Potion"},{"floor":16,"key":"Toxic Potion"}],"is_trial":false,"path_per_floor":["M","M","?","M","?","?","T","M","T","$","R","M","R","M","R","B",null,"M","M","?","$","M"],"character_chosen":"HERMIT","items_purchased":["StuffTheSpire:Wildfire","Energy Potion","halation:LostSnail"],"campfire_rested":1,"item_purchase_floors":[10,10,21],"current_hp_per_floor":[75,70,70,69,69,69,69,46,46,46,46,36,36,31,53,1,75,70,5,5,5,0,0],"gold":23,"neow_bonus":"NOSTALGIA","is_daily":false,"chose_seed":false,"campfire_upgraded":2,"win_rate":0.0,"timestamp":1608225179,"path_taken":["M","M","?","M","?","?","?","M","T","$","R","?","R","M","R","BOSS","M","?","?","?","?"],"items_purchased_type":["Relic","Potion","Relic"],"build_version":"2020-12-13","purchased_purges":2,"victory":false,"max_hp_per_floor":[75,75,75,75,75,75,75,75,75,75,75,75,75,75,75,75,75,75,75,75,75,75,75],"card_choices":[{"not_picked":["hermit:Misfire","hermit:ShadowCloak"],"picked":"hermit:Snipe","floor":1},{"not_picked":["hermit:HoleUp","hermit:Desperado"],"picked":"hermit:CalledShot","floor":2},{"not_picked":["hermit:Feint","hermit:Gestalt"],"picked":"hermit:GoldenBullet","floor":4},{"not_picked":["hermit:Headshot","hermit:Snipe"],"picked":"hermit:Virtue","floor":8},{"not_picked":["hermit:CalledShot","hermit:Coalescence"],"picked":"hermit:RoundhouseKick","floor":12},{"not_picked":["hermit:FlashPowder","hermit:Manifest"],"picked":"hermit:EyeOfTheStorm","floor":14},{"not_picked":["hermit:OverwhelmingPower","hermit:Purgatory"],"picked":"hermit:EternalForm","floor":16},{"not_picked":["hermit:Feint+1","hermit:FullyLoaded","hermit:Manifest"],"picked":"SKIP","floor":18},{"not_picked":["hermit:FullyLoaded","hermit:WideOpen","hermit:Cheat"],"picked":"SKIP","floor":19}],"player_experience":205769,"relics_obtained":[{"floor":9,"key":"Potion Belt"}],"event_choices":[{"damage_healed":0,"gold_gain":0,"player_choice":"Take Wound","damage_taken":0,"relics_obtained":["Golden Idol"],"max_hp_gain":0,"max_hp_loss":0,"event_name":"Golden Idol","floor":3,"gold_loss":0,"cards_obtained":["Injury"]},{"damage_healed":0,"gold_gain":0,"player_choice":"Invest 2","damage_taken":0,"max_hp_gain":0,"max_hp_loss":0,"event_name":"conspire:Investor","floor":5,"gold_loss":0},{"damage_healed":0,"gold_gain":175,"player_choice":"AGREE","damage_taken":58,"max_hp_gain":0,"max_hp_loss":0,"event_name":"betterThird:BetterSerpent","floor":6,"gold_loss":0},{"cards_removed":["hermit:Strike_Hermit"],"damage_healed":0,"gold_gain":0,"player_choice":"Upgrade and Remove","damage_taken":0,"max_hp_gain":0,"max_hp_loss":0,"event_name":"Designer","floor":20,"gold_loss":90,"cards_upgraded":["hermit:Strike_Hermit"]}],"is_beta":false,"boss_relics":[{"not_picked":["conspire:SlowCooker","Coffee Dripper"],"picked":"conspire:RoyalGoblet"}],"items_purged_floors":[10,21],"is_endless":false,"potions_floor_spawned":[2,4,14,16],"killed_by":"Snake Plant","ascension_level":0}}