{"host":"g7i5n6mgt0ag3exa","time":1608246686,"event":{"mods":["AchievementEnabler","BaseMod","Bestiary","Better Note","Block Reminder","Colored Powertips","Filter the Spire","GifTheSpireLib","Highlight Path","Minty Spire (QoL Compilation)","Permanent Neow","Practice Mode","Quick Restart","Rare Cards Sparkle","Relic Stats","StSLib","Uncapped"],"gold_per_floor":[116,191,191,210,52,52,80,97,97,97,97,111,286,303,303,303,303],"floor_reached":16,"playtime":772,"items_purged":["Strike_B"],"score":105,"play_id":"c1f384fc-6cf5-409a-8a37-10af507caaed","local_time":"20201217171126","is_ascension_mode":true,"campfire_choices":[{"floor":6,"key":"REST"},{"floor":10,"key":"REST"},{"data":"Deep Breath","floor":15,"key":"SMITH"}],"circlet_count":0,"master_deck":["Strike_B","Defend_B","Defend_B","Defend_B","Zap","Dualcast","Gash","Deep Breath+1","Genetic Algorithm","Doubt"],"relics":["Cracked Core","Shuriken"],"acts_visited":[],"potions_floor_usage":[7,14],"damage_taken":[{"damage":5,"enemies":"Small Slimes","floor":1,"turns":3},{"damage":0,"enemies":"2 Louse","floor":4,"turns":3},{"damage":33,"enemies":"Gremlin Nob","floor":7,"turns":4},{"damage":5,"enemies":"Jaw Worm","floor":8,"turns":2},{"damage":2,"enemies":"Exordium Wildlife","floor":12,"turns":4},{"damage":1,"enemies":"3 Louse","floor":14,"turns":4},{"damage":44,"enemies":"Slime Boss","floor":16,"turns":8}],"seed_played":"8562685941354915870","potions_obtained":[{"floor":1,"key":"Fire Potion"},{"floor":12,"key":"Block Potion"}],"is_trial":false,"path_per_floor":["M","?","?","M","$","R","E","M","T","R","$","M","?","M","R","B"],"character_chosen":"DEFECT","items_purchased":["Deep Breath"],"campfire_rested":2,"item_purchase_floors":[5],"current_hp_per_floor":[49,38,38,38,38,60,27,22,22,44,44,42,42,41,41,0,0],"gold":303,"neow_bonus":"REMOVE_TWO","is_daily":false,"chose_seed":false,"campfire_upgraded":1,"win_rate":0.0,"timestamp":1608246686,"path_taken":["M","?","?","M","$","R","E","M","T","R","$","?","?","M","R","BOSS"],"items_purchased_type":["Card"],"build_version":"2020-12-13","purchased_purges":1,"victory":false,"max_hp_per_floor":[75,75,75,75,75,75,75,75,75,75,75,75,75,75,75,75,75],"relic_stats":{"counters":[7,28],"Shuriken":[0],"obtain_stats":[{"Shuriken":7,"Cracked Core":0},{"Shuriken":3,"Cracked Core":0},{"Shuriken":10,"Cracked Core":0}]},"card_choices":[{"not_picked":["Tempest","Scrape","Glacier"],"picked":"SKIP","floor":1},{"not_picked":["Turbo","Genetic Algorithm"],"picked":"Gash","floor":4},{"not_picked":["Reinforced Body","Redo"],"picked":"Genetic Algorithm","floor":7},{"not_picked":["Skim","Barrage","Coolheaded"],"picked":"SKIP","floor":8},{"not_picked":["Rebound","Leap","Capacitor"],"picked":"SKIP","floor":12},{"not_picked":["Auto Shields","Turbo","Echo Form"],"picked":"SKIP","floor":14}],"player_experience":59652,"relics_obtained":[{"floor":7,"key":"Shuriken"}],"event_choices":[{"damage_healed":0,"gold_gain":75,"player_choice":"Gather Gold","damage_taken":11,"max_hp_gain":0,"max_hp_loss":0,"event_name":"World of Goop","floor":2,"gold_loss":0},{"cards_removed":["Strike_B"],"damage_healed":0,"gold_gain":0,"player_choice":"Forget","damage_taken":0,"max_hp_gain":0,"max_hp_loss":0,"event_name":"Living Wall","floor":3,"gold_loss":0},{"damage_healed":0,"gold_gain":175,"player_choice":"AGREE","damage_taken":0,"max_hp_gain":0,"max_hp_loss":0,"event_name":"Liars Game","floor":13,"gold_loss":0,"cards_obtained":["Doubt"]}],"is_beta":false,"boss_relics":[],"items_purged_floors":[5],"is_endless":false,"potions_floor_spawned":[1,12],"killed_by":"Slime Boss","ascension_level":1}}