{"host":"agga6lej02o7kt08","time":1608225068,"event":{"mods":["Aspiration","BaseMod","Better Third Choice","BetterRewards","Colored Map","Colored Powertips","Hubris","Minty Spire (QoL Compilation)","Replay The Spire","Spicy Shops","StSLib","¡¼?Úª?ø«¡½REMEMod"],"gold_per_floor":[119,44,61,61,61,89,89,118,141,152,167,167,198,219,219,322,322,336,211,222,72,92,92,144,144,144,144,172,172,172,206,206,306,306,352,371,417,461,86,117,117,158,226,226],"floor_reached":43,"playtime":2918,"items_purged":["Strike_B","Defend_B","Defend_B","Clumsy","Cloak And Dagger","Dualcast"],"score":752,"play_id":"cb03b611-d2c4-4a5d-90bb-5b8ec3c5e6dd","local_time":"20201218021108","is_ascension_mode":true,"campfire_choices":[{"floor":7,"key":"REST"},{"data":"REME_SelfUpgrade","floor":23,"key":"SMITH"},{"data":"Leap","floor":25,"key":"SMITH"},{"data":"Loop","floor":27,"key":"SMITH"},{"data":"Wish","floor":29,"key":"SMITH"},{"data":"Defragment","floor":32,"key":"SMITH"},{"floor":41,"key":"REST"}],"circlet_count":0,"master_deck":["Strike_B+2","Strike_B+1","Zap","REME_SelfUpgrade+1","Leap+1","Leap+1","Loop+1","Chill+1","Rebound+1","Core Surge","Conserve Battery+1","REME_SelfUpgrade+1","Self Repair","Wish+1","Heatsinks","Defragment+1","Creative AI","ReplayTheSpireMod:Calculation Training+1","FIFO Queue"],"relics":["Cracked Core","REME_ComplimentaryCards","Durian","Prayer Wheel","aspiration:HatOfInfinitePower","Torii","Gambling Chip","REME_PuzzleBoxRelic","Oddly Smooth Stone","ReplayFunnel","Toy Ornithopter","Astrolabe","Prayer Wheel","Simple Rune","Ginger","Red Mask","Vajra","Prayer Wheel","ReplayTheSpireMod:TigerMarble","Replay:Bottled Steam"],"acts_visited":["Exordium","TheCity","TheBeyond"],"potions_floor_usage":[8,13,16,24,28,33,37],"damage_taken":[{"damage":1,"enemies":"Small Slimes","floor":1,"turns":5},{"damage":0,"enemies":"2 Louse","floor":3,"turns":4},{"damage":7,"enemies":"Lagavulin","floor":6,"turns":5},{"damage":0,"enemies":"Gremlin Nob","floor":8,"turns":2},{"damage":0,"enemies":"Cultist","floor":10,"turns":3},{"damage":0,"enemies":"Looter","floor":11,"turns":2},{"damage":1,"enemies":"Lagavulin","floor":13,"turns":6},{"damage":0,"enemies":"2 Fungi Beasts","floor":14,"turns":4},{"damage":1,"enemies":"The Guardian","floor":16,"turns":8},{"damage":1,"enemies":"Chosen","floor":18,"turns":4},{"damage":0,"enemies":"Spheric Guardian","floor":20,"turns":6},{"damage":1,"enemies":"Shelled Parasite and Fungi","floor":22,"turns":6},{"damage":51,"enemies":"Gremlin Leader","floor":24,"turns":10},{"damage":0,"enemies":"Masked Bandits","floor":28,"turns":3},{"damage":7,"enemies":"REME_1_Revenger","floor":31,"turns":7},{"damage":1,"enemies":"Collector","floor":33,"turns":11},{"damage":1,"enemies":"3 Darklings","floor":35,"turns":9},{"damage":14,"enemies":"Orb Walker","floor":36,"turns":5},{"damage":1,"enemies":"Sphere and 2 Shapes","floor":37,"turns":8},{"damage":0,"enemies":"Maw","floor":38,"turns":7},{"damage":71,"enemies":"Nemesis","floor":40,"turns":9},{"damage":7,"enemies":"Jaw Worm Horde","floor":42,"turns":8}],"seed_played":"-2807225204671597679","potions_obtained":[{"floor":1,"key":"Swift Potion"},{"floor":3,"key":"LiquidMemories"},{"floor":6,"key":"FocusPotion"},{"floor":10,"key":"Death Potion"},{"floor":14,"key":"ColorlessPotion"},{"floor":22,"key":"Cursed Concoction"},{"floor":24,"key":"Toxic Potion"},{"floor":28,"key":"Fire Potion"},{"floor":33,"key":"AttackPotion"}],"is_trial":false,"path_per_floor":["M","$","M","$","?","E","R","E","T","M","M","?","E","M","R_BF","B",null,"M","$","M","$","M","R","E","R","T","R","?","R","?","E","R","B",null,"M","M","M","M","$","E","R","M","T"],"character_chosen":"DEFECT","items_purchased":["REME_SelfUpgrade","REME_PuzzleBoxRelic"],"campfire_rested":2,"item_purchase_floors":[0,2],"current_hp_per_floor":[31,31,31,31,15,8,32,32,32,32,32,32,31,31,31,35,80,79,79,80,80,80,80,36,36,36,36,41,41,26,26,26,37,85,85,78,85,85,85,22,47,47,47,47],"gold":226,"neow_bonus":"","is_daily":false,"chose_seed":false,"campfire_upgraded":5,"win_rate":0.0,"timestamp":1608225068,"path_taken":["M","$","M","$","?","E","R","E","T","M","M","?","E","?","R_BF","BOSS","M","$","M","?","M","R","E","R","T","R","?","R","?","E","R","BOSS","M","M","M","M","$","E","R","M","T"],"items_purchased_type":["Card","Relic"],"build_version":"2020-12-13","purchased_purges":6,"victory":false,"max_hp_per_floor":[80,80,80,80,80,80,80,80,80,80,80,80,80,80,80,80,80,80,80,80,80,80,80,80,80,80,80,80,80,85,85,85,85,85,85,85,85,85,85,85,85,85,85,85],"card_choices":[{"not_picked":["Storm","Barrage","Rip and Tear"],"picked":"Leap","floor":1},{"not_picked":["Scrape","Streamline","Rebound","BasicCrystalCard"],"picked":"SKIP","floor":1},{"not_picked":["Double Energy","REME_Compress","Panic Button","Rebound"],"picked":"SKIP","floor":3},{"not_picked":["ReplayTheSpireMod:GoodbyeWorld","Rebound","Stack","Force Field"],"picked":"SKIP","floor":3},{"not_picked":["Sweeping Beam","Redo","Go for the Eyes","Lockon"],"picked":"SKIP","floor":6},{"not_picked":["Static Discharge","hubris:Prefetch","Steam Power","Hologram"],"picked":"SKIP","floor":8},{"not_picked":["Recycle","ReplayTheSpireMod:System Scan","REME_ForAll"],"picked":"Leap","floor":10},{"not_picked":["ReplayTheSpireMod:Reroute Power","Cold Snap","Rebound","Stack"],"picked":"SKIP","floor":10},{"not_picked":["Steam","Beam Cell","Consume"],"picked":"Loop","floor":11},{"not_picked":["Rebound","Coolheaded","Ball Lightning","BasicCrystalCard"],"picked":"SKIP","floor":11},{"not_picked":["Steam","Lockon","Redo","Melter"],"picked":"SKIP","floor":13},{"not_picked":["Beam Cell","Stack","Sunder","BootSequence"],"picked":"SKIP","floor":14},{"not_picked":["Ball Lightning","Go for the Eyes","Auto Shields","Stack"],"picked":"SKIP","floor":14},{"not_picked":["Beam Cell","Stack","Sunder","BootSequence"],"picked":"SKIP","floor":14},{"not_picked":["Ball Lightning","Go for the Eyes","Auto Shields","Stack"],"picked":"SKIP","floor":14},{"not_picked":["Seek","Multi-Cast","Reboot","Amplify"],"picked":"ReplayTheSpireMod:Fabricate Wheel","floor":16},{"not_picked":["Hyperbeam","Panic Button","BasicCrystalCard"],"picked":"Conserve Battery+1","floor":18},{"not_picked":["Ball Lightning","Conserve Battery","FTL"],"picked":"REME_SelfUpgrade+1","floor":18},{"not_picked":["Stack+1","Hologram","Panic Button"],"picked":"Self Repair","floor":18},{"not_picked":["Reprogram","Steam Power","Scrape+1","Barrage","Gash","Loop"],"picked":"SKIP","floor":20},{"not_picked":["Coolheaded","Beam Cell","ReplayTheSpireMod:System Scan","Chaos","ReplayTheSpireMod:Omega Cannon","Skim"],"picked":"SKIP","floor":20},{"not_picked":["Consume","Blizzard","ReplayTheSpireMod:GoodbyeWorld+1","BootSequence","Capacitor","Cold Snap"],"picked":"SKIP","floor":20},{"not_picked":["Go for the Eyes","Compile Driver","Stack+1","Panic Button","Rebound"],"picked":"Heatsinks","floor":22},{"not_picked":["Consume","Redo","Cold Snap","Rainbow","Gash+1","Go for the Eyes"],"picked":"SKIP","floor":22},{"not_picked":["Stack+1","Streamline+1","REME_Whirling","aspiration:Polymerization+1","Chaos","BasicCrystalCard"],"picked":"SKIP","floor":22},{"not_picked":["Heatsinks","Cold Snap","Leap","Barrage+1","Gash","ReplayTheSpireMod:Omega Cannon","Glacier"],"picked":"SKIP","floor":24},{"not_picked":["Hyperbeam","Ball Lightning","Panic Button","aspiration:Polymerization+1","Crystallizer","Amplify"],"picked":"Defragment","floor":31},{"not_picked":["REME_Shoggoth","Electrodynamics","ReplayRNGCard","hubris:SpecializedCircuitry","Echo Form","Hyperbeam","Machine Learning","hubris:Prefetch"],"picked":"Creative AI","floor":33},{"not_picked":["Panic Button","Sunder+1","Scrape","Redo","Hologram","Steam","Conserve Battery+1"],"picked":"SKIP","floor":35},{"not_picked":["Force Field","BootSequence+1","Aggregate+1","Turbo+1","Loop+1","Undo","REME_DataAnalysis"],"picked":"SKIP","floor":35},{"not_picked":["Fusion","ReplaySort+1","Loop","Stack","Self Repair+1","Compile Driver+1","Leap+1"],"picked":"SKIP","floor":35},{"not_picked":["Panic Button","Sunder+1","Scrape","Redo","Hologram","Steam","Conserve Battery+1"],"picked":"SKIP","floor":35},{"not_picked":["Force Field","BootSequence+1","Aggregate+1","Turbo+1","Loop+1","Undo","REME_DataAnalysis"],"picked":"SKIP","floor":35},{"not_picked":["Fusion","ReplaySort+1","Loop","Stack","Self Repair+1","Compile Driver+1","Leap+1"],"picked":"SKIP","floor":35},{"not_picked":["Reinforced Body","Sweeping Beam+1","Gash","Aggregate","REME_Compress","Turbo+1","Heatsinks","Cold Snap"],"picked":"SKIP","floor":36},{"not_picked":["Blizzard","Sweeping Beam","Electrodynamics","Steam+1","Double Energy","Compile Driver+1","Panic Button","Go for the Eyes"],"picked":"SKIP","floor":36},{"not_picked":["Barrage","FIFO Queue","Leap","Rebound","ReplayTheSpireMod:GoodbyeWorld","Fusion+1","Beam Cell","aspiration:Polymerization+1"],"picked":"SKIP","floor":36},{"not_picked":["Beam Cell","Turbo","Go for the Eyes","hubris:Ukulele","Gash","Sweeping Beam"],"picked":"ReplayTheSpireMod:Calculation Training+1","floor":37},{"not_picked":["hubris:Ukulele","ReplaySolidLightProjector+1","Reprogram","Compile Driver+1","Thunder Strike","Double Energy","Rebound"],"picked":"SKIP","floor":37},{"not_picked":["Leap+1","Steam+1","Hologram+1","Gash+1","Reinforced Body+1","Streamline+1","Sweeping Beam"],"picked":"SKIP","floor":37},{"not_picked":["Melter+1","Darkness","hubris:PowerSurge","Go for the Eyes","Turbo+1","Cold Snap","Coolheaded"],"picked":"SKIP","floor":38},{"not_picked":["Beam Cell","Panic Button","BootSequence","Leap+1","Gash","Consume","Steam Power+1"],"picked":"SKIP","floor":38},{"not_picked":["Recycle+1","Rip and Tear+1","Go for the Eyes+1","Time Bomb","Consume+1","Thunder Strike","Conserve Battery+1"],"picked":"SKIP","floor":38},{"not_picked":["Melter+1","Leap","Ball Lightning","Steam","Aggregate+1","Skim+1"],"picked":"FIFO Queue","floor":40},{"not_picked":["Recycle+1","Leap+1","Go for the Eyes","Redo","Gash+1","FIFO Queue","Chaos+1"],"picked":"SKIP","floor":42},{"not_picked":["Conserve Battery","Rebound","Aggregate","Cold Snap+1","Gash+1","Auto Shields+1","Sweeping Beam+1"],"picked":"SKIP","floor":42},{"not_picked":["Genetic Algorithm","Panic Button","Redo+1","Rebound+1","Storm","Turbo+1","ReplayTheSpireMod:Calculation Training+1"],"picked":"SKIP","floor":42},{"not_picked":["Panic Button","Force Field+1","Ball Lightning","Compile Driver+1","BasicCrystalCard+1","All For One","aspiration:Polymerization"],"picked":"SKIP","floor":42}],"player_experience":705744,"relics_obtained":[{"floor":6,"key":"Oddly Smooth Stone"},{"floor":8,"key":"ReplayFunnel"},{"floor":13,"key":"Toy Ornithopter"},{"floor":24,"key":"Simple Rune"},{"floor":26,"key":"Ginger"},{"floor":28,"key":"Red Mask"},{"floor":31,"key":"Vajra"},{"floor":40,"key":"ReplayTheSpireMod:TigerMarble"},{"floor":43,"key":"Replay:Bottled Steam"}],"event_choices":[{"damage_healed":31,"gold_gain":0,"player_choice":"Upgrade","damage_taken":16,"max_hp_gain":0,"max_hp_loss":80,"event_name":"betterThird:BetterShining","floor":5,"gold_loss":0,"cards_upgraded":["Strike_B","Leap"]},{"damage_healed":0,"gold_gain":0,"player_choice":"Ignored","damage_taken":0,"max_hp_gain":0,"max_hp_loss":0,"event_name":"NoteForYourself","floor":12,"gold_loss":0},{"damage_healed":0,"gold_gain":0,"player_choice":"Fought Bandits","damage_taken":0,"max_hp_gain":0,"max_hp_loss":0,"event_name":"Masked Bandits","floor":28,"gold_loss":0},{"damage_healed":0,"gold_gain":0,"player_choice":"Shed Blood","damage_taken":20,"max_hp_gain":5,"max_hp_loss":0,"event_name":"Forgotten Altar","floor":30,"gold_loss":0}],"is_beta":false,"boss_relics":[{"not_picked":["Tiny House","hubris:VirtuousBlindfold"],"picked":"Astrolabe"},{"not_picked":["hubris:BlackHole","Fusion Hammer","hubris:GrandSneckoEye"]}],"items_purged_floors":[0,0,19,21,39,39],"is_endless":false,"potions_floor_spawned":[1,3,6,10,14,22,24,28,33,36,38],"ascension_level":1}}