{"host":"ooetke516h53yqww","time":1608196200,"event":{"mods":["2.2 Compatiblity","Abigail Mod","Act Like it!","Astrologer","Bartender","BaseMod","Beaked The Cultist","Better Match","Better Third Choice","Conspire","Elementarium","Friendly Minions","Hallownest","Hermit","HololiveMod","Hubris","Kiyohime????","Lobotomy","LobotomyExtend","Mari Mod (Legacy)","Mari\u0027s V1 Patch","Menagerie","Minty Spire (QoL Compilation)","Prisma Mod","Random Character Button","Replay The Spire","Robot Space Explorer","Spicy Shops","StSLib","Td1madao Mod","The Alterego","The Bug Knight","The Poker Player","The Senshi","TheSwordswoman","Uncapped","WarShipGirlsR/????R mod","Yohane!","???????????mod"],"gold_per_floor":[111,121,131,131,131,131,159,179,179,149,149,149],"floor_reached":11,"playtime":404,"items_purged":[],"score":109,"play_id":"7dd184ab-a09a-4e9a-8291-0d99a4a21dd8","local_time":"20201217181000","is_ascension_mode":true,"campfire_choices":[{"data":"alterego_mod:BrynhildrsRune","floor":6,"key":"SMITH"}],"circlet_count":0,"master_deck":["alterego_mod:Strike","alterego_mod:Strike","alterego_mod:Strike","alterego_mod:Strike","alterego_mod:Defend","alterego_mod:Defend","alterego_mod:Defend","alterego_mod:Defend","alterego_mod:Impale","alterego_mod:BigMeatyClaws","alterego_mod:BrynhildrsRune+1","HollowMod:NailStrikeStart","alterego_mod:Birthday","alterego_mod:Birthday","alterego_mod:Birthday","Pain","alterego_mod:Clap","alterego_mod:DiscoLights+1","alterego_mod:DiscoLights+1"],"relics":["alterego_mod:MasochisticConstitution","WarpedTongs","Frozen Egg 2","hubris:CuriousFeather","LetterFromLob"],"acts_visited":["Exordium"],"potions_floor_usage":[7],"damage_taken":[{"damage":12,"enemies":"2 Louse","floor":1,"turns":3},{"damage":7,"enemies":"Small Slimes","floor":2,"turns":5},{"damage":20,"enemies":"Cultist","floor":3,"turns":5},{"damage":32,"enemies":"Gremlin Nob","floor":7,"turns":5},{"damage":41,"enemies":"Exordium Thugs","floor":8,"turns":7},{"damage":10,"enemies":"Looter","floor":10,"turns":4},{"damage":33,"enemies":"3 Sentries","floor":11,"turns":5}],"seed_played":"558513450043674498","potions_obtained":[{"floor":3,"key":"Block Potion"}],"is_trial":false,"path_per_floor":["M","M","M","?","?","R","E","M","T","M","E"],"character_chosen":"The_Alterego","items_purchased":[],"campfire_rested":0,"item_purchase_floors":[],"current_hp_per_floor":[80,83,74,67,67,67,39,20,20,18,0,0],"gold":149,"neow_bonus":"TWENTY_PERCENT_HP_BONUS","is_daily":false,"chose_seed":false,"campfire_upgraded":1,"win_rate":0.0,"timestamp":1608196200,"path_taken":["M","M","M","?","?","R","E","M","T","M","E"],"items_purchased_type":[],"build_version":"2020-12-13","purchased_purges":0,"victory":false,"max_hp_per_floor":[85,86,87,87,87,87,88,89,89,90,90,90],"card_choices":[{"not_picked":["alterego_mod:DeftHands","alterego_mod:Punishment"],"picked":"alterego_mod:Birthday","floor":1},{"not_picked":["alterego_mod:Cycle","alterego_mod:PerceptionDisorder"],"picked":"alterego_mod:Birthday","floor":2},{"not_picked":["alterego_mod:Stockings","alterego_mod:Crossover"],"picked":"alterego_mod:Birthday","floor":3},{"not_picked":["alterego_mod:Santa","alterego_mod:Cooking"],"picked":"alterego_mod:Clap","floor":7},{"not_picked":["alterego_mod:HighServant","alterego_mod:Skirt"],"picked":"alterego_mod:DiscoLights+1","floor":8},{"not_picked":["alterego_mod:InsideBaseball+1","alterego_mod:Cycle"],"picked":"alterego_mod:DiscoLights+1","floor":10}],"player_experience":1493739,"relics_obtained":[{"floor":7,"key":"Frozen Egg 2"},{"floor":9,"key":"hubris:CuriousFeather"},{"floor":10,"key":"LetterFromLob"}],"event_choices":[{"cards_removed":["MariMod:Mari_Reminisce"],"damage_healed":0,"gold_gain":0,"player_choice":"Card Removal","damage_taken":7,"max_hp_gain":0,"max_hp_loss":0,"event_name":"Golden Wing","floor":4,"gold_loss":0},{"damage_healed":0,"gold_gain":0,"player_choice":"Rummage","damage_taken":0,"relics_obtained":["WarpedTongs"],"max_hp_gain":0,"max_hp_loss":0,"event_name":"Accursed Blacksmith","floor":5,"gold_loss":0,"cards_obtained":["Pain"]}],"is_beta":false,"boss_relics":[],"items_purged_floors":[],"is_endless":false,"potions_floor_spawned":[3],"killed_by":"3 Sentries","ascension_level":3}}