{"host":"f55as6l9it18gcgo","time":1608190831,"event":{"mods":["Aspiration","BaseMod","Colored Map","Colored Powertips","DeckTracker","Highlight Path","Hubris","Infinite Spire","Minty Spire (QoL Compilation)","Quick Restart","Random Character Button","Relic Sorter","Replay The Spire","StSLib","SuperFastMode","Synergy Search","The Cursed","The Disciple","The Jungle","The Runesmith"],"gold_per_floor":[114,129,144,144,64,64,79,79,79,94,94,109,29,59,59,159,159,159,159],"floor_reached":18,"playtime":704,"items_purged":[],"score":187,"play_id":"55a14050-173f-463d-b062-08fb1d40a966","local_time":"20201216234031","daily_mods":["Specialized","Uncertain Future","Lethality"],"is_ascension_mode":false,"campfire_choices":[{"data":"Runesmith:HammerAndChisel","floor":6,"key":"SMITH"},{"data":"Runesmith:ShiftingStrike","floor":8,"key":"SMITH"},{"floor":15,"key":"REST"}],"circlet_count":0,"master_deck":["Runesmith:Strike_RS","Runesmith:Strike_RS","Runesmith:Strike_RS","Runesmith:Defend_RS","Runesmith:Defend_RS","Runesmith:Defend_RS","Runesmith:Defend_RS","Runesmith:CraftFirestone","Runesmith:Fortify","Runesmith:Terraform","Runesmith:Terraform","Runesmith:Terraform","Runesmith:Terraform","Runesmith:Terraform","Runesmith:ShiftingStrike+1","Runesmith:HammerAndChisel+1","Runesmith:DoubleUp","Runesmith:LithiumIon","Runesmith:HeatedChisel","Runesmith:ChaoticBlast","Runesmith:CraftReservo","Runesmith:MakeshiftArmor","Runesmith:Firestorm","Runesmith:HammerTime","Runesmith:GrandSlam"],"relics":["Runesmith:BrokenRuby","Runesmith:Nanobots","aspiration:DSix","aspiration:FutureDiary"],"acts_visited":["Exordium","TheCity"],"potions_floor_usage":[16,16,16],"damage_taken":[{"damage":5,"enemies":"Cultist","floor":1,"turns":4},{"damage":7,"enemies":"2 Louse","floor":2,"turns":3},{"damage":14,"enemies":"Jaw Worm","floor":3,"turns":2},{"damage":15,"enemies":"2 Fungi Beasts","floor":7,"turns":4},{"damage":5,"enemies":"3 Louse","floor":10,"turns":4},{"damage":14,"enemies":"Large Slime","floor":12,"turns":6},{"damage":20,"enemies":"3 Sentries","floor":14,"turns":5},{"damage":31,"enemies":"Fading Forest","floor":16,"turns":11},{"damage":73,"enemies":"3 Byrds","floor":18,"turns":2}],"seed_played":"-4230686447748436371","potions_obtained":[{"floor":3,"key":"Strength Potion"},{"floor":10,"key":"Fire Potion"},{"floor":14,"key":"Explosive Potion"}],"is_trial":false,"path_per_floor":["M","M","M","?","$","R","M","R","T","M","?","M","$","E","R","B",null,"M"],"character_chosen":"RUNESMITH_CLASS","items_purchased":["Runesmith:LithiumIon","Runesmith:Firestorm"],"campfire_rested":1,"item_purchase_floors":[5,13],"current_hp_per_floor":[65,58,44,67,67,67,52,52,52,47,47,33,33,13,34,22,70,0,0],"gold":159,"neow_bonus":"","is_daily":true,"chose_seed":false,"campfire_upgraded":2,"win_rate":0.0,"timestamp":1608190831,"path_taken":["M","M","M","?","$","R","M","R","T","M","?","M","?","E","R","BOSS","M"],"items_purchased_type":["Card","Card"],"build_version":"2020-12-13","purchased_purges":0,"victory":false,"max_hp_per_floor":[70,70,70,70,70,70,70,70,70,70,70,70,70,70,70,70,70,70,70],"card_choices":[{"not_picked":["Runesmith:StaticCage","Runesmith:EarthShield"],"picked":"Runesmith:ShiftingStrike","floor":1},{"not_picked":["Runesmith:CraftSpiculum","Runesmith:EarthShield"],"picked":"Runesmith:HammerAndChisel","floor":2},{"not_picked":["Runesmith:BackupBattery","Runesmith:Overpower"],"picked":"Runesmith:DoubleUp","floor":3},{"not_picked":["Runesmith:Refine","Runesmith:LastStand"],"picked":"Runesmith:HeatedChisel","floor":7},{"not_picked":["Runesmith:Grindstone","Runesmith:HammerThrow"],"picked":"Runesmith:ChaoticBlast","floor":10},{"not_picked":["Runesmith:CraftMagma","Runesmith:RuneHurl"],"picked":"Runesmith:MakeshiftArmor","floor":12},{"not_picked":["Runesmith:HammerAndChisel","Runesmith:ChaoticBlast"],"picked":"Runesmith:HammerTime","floor":14},{"not_picked":["Runesmith:UnlimitedPower","Runesmith:CraftPrismatica"],"picked":"Runesmith:GrandSlam","floor":16}],"player_experience":65661,"relics_obtained":[{"floor":9,"key":"Runesmith:Nanobots"},{"floor":14,"key":"aspiration:DSix"}],"event_choices":[{"damage_healed":23,"gold_gain":0,"player_choice":"Banana","damage_taken":0,"max_hp_gain":0,"max_hp_loss":0,"event_name":"Big Fish","floor":4,"gold_loss":0},{"damage_healed":0,"gold_gain":0,"cards_transformed":["Runesmith:Strike_RS"],"player_choice":"Change","damage_taken":0,"max_hp_gain":0,"max_hp_loss":0,"event_name":"Living Wall","floor":11,"gold_loss":0,"cards_obtained":["Runesmith:CraftReservo"]}],"is_beta":false,"boss_relics":[{"not_picked":["Pandora\u0027s Box","Painkiller Herb"],"picked":"aspiration:FutureDiary"}],"items_purged_floors":[],"is_endless":false,"potions_floor_spawned":[3,10,14],"killed_by":"3 Byrds","ascension_level":0}}