{"host":"yuhibl5o0ay6idau","time":1608181388,"event":{"mods":["Aspiration","BaseMod","Better Altar","Better Match","Better Note","Better Sensory Stone","Better Skull","Better Third Choice","Colored Map","Colored Powertips","Conspire","Highlight Path","Minty Spire (QoL Compilation)","Quick Restart","Replay The Spire","StSLib","SuperFastMode"],"gold_per_floor":[114,114,129,129,50,80,80,95,95,141,141,141,145,17,17,117,117,132,132],"floor_reached":18,"playtime":1206,"items_purged":["Strike_B"],"score":183,"play_id":"bc4fc024-6332-426a-9a71-23aa6ee6765b","local_time":"20201216210308","daily_mods":["Specialized","Flight","Lethality"],"is_ascension_mode":false,"campfire_choices":[{"floor":7,"key":"REST"},{"floor":11,"key":"REST"},{"data":"Heatsinks","floor":12,"key":"SMITH"},{"data":"Zap","floor":15,"key":"SMITH"}],"circlet_count":0,"master_deck":["Strike_B","Strike_B","Strike_B","Defend_B","Defend_B","Defend_B","Defend_B","Zap+1","Dualcast","Crystallizer","Crystallizer","Crystallizer","Crystallizer","Storm","conspire:Rain+1","Time Bomb","Heatsinks+1","Loop","Glacier","Conserve Battery","Coolheaded","Reboot","Hologram"],"relics":["Cracked Core","MealTicket","Solar Panel","aspiration:ChemicalBlood","conspire:TopHat","Sozu"],"acts_visited":["Exordium","TheCity"],"potions_floor_usage":[13,13,13],"damage_taken":[{"damage":9,"enemies":"Cultist","floor":1,"turns":3},{"damage":13,"enemies":"Small Slimes","floor":3,"turns":2},{"damage":30,"enemies":"3 Sentries","floor":6,"turns":6},{"damage":4,"enemies":"Jaw Worm","floor":8,"turns":3},{"damage":27,"enemies":"Lagavulin Event","floor":10,"turns":6},{"damage":38,"enemies":"conspire:MimicChest","floor":13,"turns":7},{"damage":9,"enemies":"Fading Forest","floor":16,"turns":11},{"damage":21,"enemies":"2 Thieves","floor":18,"turns":4}],"seed_played":"-4230686447748436371","potions_obtained":[{"floor":6,"key":"Dexterity Potion"},{"floor":8,"key":"SpeedPotion"},{"floor":13,"key":"Toxic Potion"}],"is_trial":false,"path_per_floor":["M","?","M","?","$","E","R","M","T","?","R","R","?","$","R","B",null,"M"],"character_chosen":"DEFECT","items_purchased":["Heatsinks","Coolheaded"],"campfire_rested":2,"item_purchase_floors":[5,14],"current_hp_per_floor":[66,66,53,61,61,31,53,49,49,26,48,48,12,27,27,28,75,56,56],"gold":132,"neow_bonus":"","is_daily":true,"chose_seed":false,"campfire_upgraded":2,"win_rate":0.0,"timestamp":1608181388,"path_taken":["M","?","M","?","?","E","R","M","T","?","R","R","?","$","R","BOSS","M"],"items_purchased_type":["Card","Card"],"build_version":"2020-12-13","purchased_purges":1,"victory":false,"max_hp_per_floor":[75,75,75,75,75,75,75,75,75,75,75,75,75,75,75,75,75,75,75],"card_choices":[{"not_picked":["BasicCrystalCard","Panic Button"],"picked":"Storm","floor":1},{"not_picked":["Stack","Reprogram"],"picked":"Time Bomb","floor":3},{"not_picked":["Reinforced Body","Chaos"],"picked":"Loop","floor":6},{"not_picked":["Turbo","Hologram"],"picked":"Glacier","floor":8},{"not_picked":["Beam Cell","Compile Driver"],"picked":"Conserve Battery","floor":13},{"not_picked":["Echo Form","Thunder Strike"],"picked":"Reboot","floor":16},{"not_picked":["Tempest","Gash"],"picked":"Hologram","floor":18}],"player_experience":375168,"relics_obtained":[{"floor":6,"key":"MealTicket"},{"floor":9,"key":"Solar Panel"},{"floor":10,"key":"aspiration:ChemicalBlood"},{"floor":13,"key":"conspire:TopHat"}],"event_choices":[{"damage_healed":0,"gold_gain":30,"player_choice":"Searched \u00272\u0027 times","damage_taken":0,"max_hp_gain":0,"max_hp_loss":0,"event_name":"Dead Adventurer","floor":10,"gold_loss":0}],"is_beta":false,"boss_relics":[{"not_picked":["ReplayTheSpireMod:DimensionalGlitch","Replay:Bronze Core"],"picked":"Sozu"}],"items_purged_floors":[14],"is_endless":false,"potions_floor_spawned":[6,8,13,18],"killed_by":"2 Thieves","ascension_level":0}}