{"host":"p6y17sixyu8q9v1f","time":1608204151,"event":{"mods":["BaseMod","Colored Map","Minty Spire (QoL Compilation)"],"gold_per_floor":[118,118,129,140,65,65,32,32,32,57,68,68,81,114,114,114,114],"floor_reached":16,"playtime":602,"items_purged":["Strike_B"],"score":132,"play_id":"e5d6d896-e28b-48bc-aee2-3d4f466be668","local_time":"20201217052231","is_ascension_mode":true,"campfire_choices":[{"data":"Redo","floor":6,"key":"SMITH"},{"data":"Dualcast","floor":8,"key":"SMITH"},{"data":"Scrape","floor":12,"key":"SMITH"},{"data":"Go for the Eyes","floor":15,"key":"SMITH"}],"circlet_count":0,"master_deck":["Strike_B","Strike_B","Strike_B","Defend_B","Defend_B","Defend_B","Defend_B","Zap+1","Dualcast+1","Redo+1","Doom and Gloom","Turbo","Melter","Scrape+1","Beam Cell","Go for the Eyes+1"],"relics":["Cracked Core","Bottled Flame","Art of War","Orichalcum"],"acts_visited":["Exordium"],"potions_floor_usage":[10,16],"damage_taken":[{"damage":4,"enemies":"Jaw Worm","floor":1,"turns":3},{"damage":0,"enemies":"Cultist","floor":3,"turns":3},{"damage":3,"enemies":"Small Slimes","floor":4,"turns":2},{"damage":18,"enemies":"Gremlin Nob","floor":10,"turns":3},{"damage":0,"enemies":"2 Fungi Beasts","floor":11,"turns":2},{"damage":6,"enemies":"Gremlin Gang","floor":13,"turns":2},{"damage":10,"enemies":"3 Sentries","floor":14,"turns":3},{"damage":36,"enemies":"The Guardian","floor":16,"turns":8}],"seed_played":"-3744983624654835500","potions_obtained":[{"floor":3,"key":"GamblersBrew"},{"floor":10,"key":"SkillPotion"},{"floor":14,"key":"PotionOfCapacity"}],"is_trial":false,"path_per_floor":["M","?","M","M","$","R","$","R","T","E","M","R","M","E","R","B"],"character_chosen":"DEFECT","items_purchased":["Melter"],"campfire_rested":0,"item_purchase_floors":[7],"current_hp_per_floor":[71,71,71,68,68,68,68,68,68,50,50,50,44,34,34,0,0],"gold":114,"neow_bonus":"UPGRADE_CARD","is_daily":false,"chose_seed":false,"campfire_upgraded":4,"win_rate":0.0,"timestamp":1608204151,"path_taken":["M","?","M","M","$","R","?","R","T","E","M","R","M","E","R","BOSS"],"items_purchased_type":["Card"],"build_version":"2020-12-13","purchased_purges":1,"victory":false,"max_hp_per_floor":[75,75,75,75,75,75,75,75,75,75,75,75,75,75,75,75,75],"card_choices":[{"not_picked":["Hologram","Ball Lightning"],"picked":"Redo","floor":1},{"not_picked":["Coolheaded","Rebound"],"picked":"Doom and Gloom","floor":3},{"not_picked":["Fusion","Leap"],"picked":"Turbo","floor":4},{"not_picked":["Compile Driver","Fusion"],"picked":"Scrape","floor":10},{"not_picked":["Doom and Gloom","Barrage"],"picked":"Beam Cell","floor":11},{"not_picked":["Coolheaded","Steam"],"picked":"Go for the Eyes","floor":13},{"not_picked":["Coolheaded","Electrodynamics","Reinforced Body"],"picked":"SKIP","floor":14}],"player_experience":761949,"relics_obtained":[{"floor":9,"key":"Bottled Flame"},{"floor":10,"key":"Art of War"},{"floor":14,"key":"Orichalcum"}],"event_choices":[{"damage_healed":0,"gold_gain":0,"player_choice":"Bought 0 Potions","damage_taken":0,"max_hp_gain":0,"max_hp_loss":0,"event_name":"The Woman in Blue","floor":2,"gold_loss":0}],"is_beta":false,"boss_relics":[],"items_purged_floors":[5],"is_endless":false,"potions_floor_spawned":[3,10,14],"killed_by":"The Guardian","ascension_level":4}}