{"host":"0o7wltl8wg416oq2","time":1608205766,"event":{"mods":["BaseMod","Curses Come First","Downfall","Minty Spire (QoL Compilation)","StSLib"],"gold_per_floor":[99,99,99,4,4,17,17,17,43,43,218,218,23,37,55,157,157,157,67,82,94,94,107,107,127,137,164,181,181,181,181,193,296,296,296,310,335,335,168,168,221,235,255,255,255,13,32,32,50,50],"floor_reached":51,"playtime":6615,"items_purged":["Slimebound:Strike_Slimebound","Slimebound:Grow+1","Parasite"],"score":745,"play_id":"acea1e43-74bc-4f9d-bfad-cca65f641577","local_time":"20201217194926","is_ascension_mode":false,"campfire_choices":[{"data":"Slimebound:CorrosiveSpit","floor":1.0,"key":"SMITH"},{"data":"Slimebound:Split","floor":8.0,"key":"SMITH"},{"data":"Slimebound:GoopSpray","floor":10.0,"key":"SMITH"},{"data":"Slimebound:Overexert","floor":18.0,"key":"SMITH"},{"data":"Slimebound:Nibble","floor":22.0,"key":"SMITH"},{"data":"Slimebound:PrepareCrush","floor":35.0,"key":"SMITH"},{"data":"Slimebound:Nibble","floor":38.0,"key":"SMITH"},{"floor":40.0,"key":"RECALL"},{"data":"Slimebound:MegaLick","floor":44.0,"key":"SMITH"}],"circlet_count":0,"master_deck":["Slimebound:Tackle","Slimebound:Defend_Slimebound","Slimebound:Split+1","Slimebound:Nibble+1","Slimebound:RejuvenatingLick","Slimebound:Prepare","Slimebound:GoopSpray+1","Slimebound:MegaLick+1","Slimebound:SplitMire","Slimebound:SplitAcid","Slimebound:OozeBath","Slimebound:Overexert+1","Slimebound:GoopSpray+1","Slimebound:LeechEnergy","Slimebound:SlimeTap+1","Slimebound:Nibble+1","Slimebound:SlimeBarrage+1","Slimebound:FormOfPuddle+1","Slimebound:SamplingLick+1","Slimebound:Dissolve+1","Slimebound:PrepareCrush+1","Slimebound:MegaLick+1","Slimebound:PressTheAttack+1","Slimebound:HauntingLick","Slimebound:SpikyOuterGoop","Thinking Ahead+1","Slimebound:FormOfPuddle+1","Slimebound:SplitBruiser+1"],"relics":["Slimebound:AbsorbEndCombat","downfall:HeartsMalice","downfall:ShatteredFragment","Ornamental Fan","Vajra","Anchor","Empty Cage","Mango","Smiling Mask","MutagenicStrength","Astrolabe","Meat on the Bone","FossilizedHelix","OrangePellets","Orichalcum"],"acts_visited":["Exordium","TheCity","TheBeyond"],"potions_floor_usage":[],"damage_taken":[{"damage":0.0,"enemies":"2 Louse","floor":2.0,"turns":1.0},{"damage":0.0,"enemies":"downfall:FleeingMerchant","floor":4.0,"turns":1.0},{"damage":0.0,"enemies":"Small Slimes","floor":5.0,"turns":1.0},{"damage":0.0,"enemies":"Cultist","floor":6.0,"turns":2.0},{"damage":9.0,"enemies":"3 Sentries","floor":9.0,"turns":3.0},{"damage":13.0,"enemies":"downfall:FleeingMerchant","floor":13.0,"turns":4.0},{"damage":8.0,"enemies":"2 Fungi Beasts","floor":14.0,"turns":2.0},{"damage":12.0,"enemies":"3 Louse","floor":15.0,"turns":2.0},{"damage":37.0,"enemies":"downfall:Ironclad","floor":16.0,"turns":5.0},{"damage":27.0,"enemies":"downfall:FleeingMerchant","floor":19.0,"turns":4.0},{"damage":19.0,"enemies":"Spheric Guardian","floor":20.0,"turns":3.0},{"damage":16.0,"enemies":"Chosen","floor":21.0,"turns":3.0},{"damage":32.0,"enemies":"Snecko","floor":23.0,"turns":3.0},{"damage":16.0,"enemies":"Snake Plant","floor":25.0,"turns":2.0},{"damage":16.0,"enemies":"Centurion and Healer","floor":26.0,"turns":2.0},{"damage":12.0,"enemies":"Slavers","floor":27.0,"turns":2.0},{"damage":22.0,"enemies":"Chosen and Byrds","floor":28.0,"turns":4.0},{"damage":12.0,"enemies":"Snake Plant","floor":32.0,"turns":2.0},{"damage":27.0,"enemies":"downfall:Silent","floor":33.0,"turns":6.0},{"damage":12.0,"enemies":"Orb Walker","floor":36.0,"turns":2.0},{"damage":26.0,"enemies":"Reptomancer","floor":37.0,"turns":3.0},{"damage":13.0,"enemies":"downfall:FleeingMerchant","floor":39.0,"turns":3.0},{"damage":21.0,"enemies":"3 Shapes","floor":42.0,"turns":2.0},{"damage":12.0,"enemies":"Writhing Mass","floor":43.0,"turns":3.0},{"damage":12.0,"enemies":"Sphere and 2 Shapes","floor":47.0,"turns":2.0},{"damage":9,"enemies":"4 Shapes","floor":49,"turns":4},{"damage":12,"enemies":"downfall:Watcher","floor":50,"turns":5}],"seed_played":"-2835843236206523280","potions_obtained":[{"floor":6.0,"key":"Swift Potion"},{"floor":14.0,"key":"SteroidPotion"},{"floor":15.0,"key":"Energy Potion"},{"floor":16.0,"key":"EntropicBrew"},{"floor":23.0,"key":"Slimebound:SlimyTonguePotion"},{"floor":26.0,"key":"AttackPotion"},{"floor":27.0,"key":"sneckomod:MuddlingPotion"},{"floor":37.0,"key":"EssenceOfSteel"},{"floor":43.0,"key":"Regen Potion"}],"is_trial":false,"path_per_floor":["R","M","?","$","M","M","T","R","E","R","?","?","$","M","M","B",null,"R","$","M","M","R","M","T","M","M","E","M","?","?","?","M","B",null,"R","M","E","R","?","R","T","M","M","R","?","$","M","?","M","B",null],"character_chosen":"SLIMEBOUND","items_purchased":["Slimebound:Prepare","Slimebound:GoopSpray","Anchor","Slimebound:SplitAcid","FossilizedHelix","OrangePellets","Thinking Ahead"],"campfire_rested":0,"item_purchase_floors":[4,4,13,13,39,39,46],"current_hp_per_floor":[60,60,42,42,42,50,50,50,59,59,59,59,60,60,60,47,60,60,55,54,58,58,45,59,65,71,74,66,50,50,50,58,65,74,74,74,70,70,74,74,74,67,74,74,74,71,71,71,71,71],"gold":50,"neow_bonus":"THREE_ENEMY_KILL","is_daily":false,"chose_seed":false,"campfire_upgraded":8,"win_rate":0.0,"timestamp":1608205766,"path_taken":["R","M","?","$","M","M","T","R","E","R","?","?","?","M","M","BOSS","R","$","M","M","R","M","T","M","M","E","?","?","?","?","M","BOSS","R","?","E","R","?","R","T","M","M","R","?","$","M","?","M","BOSS"],"items_purchased_type":["Card","Card","Relic","Card","Relic","Relic","Card"],"build_version":"2020-12-13","purchased_purges":3,"victory":true,"max_hp_per_floor":[60,60,60,60,60,60,60,60,60,60,60,60,60,60,60,60,60,60,60,60,60,60,60,74,74,74,74,74,74,74,74,74,74,74,74,74,74,74,74,74,74,74,74,74,74,71,71,71,71,71],"card_choices":[{"not_picked":["Slimebound:PressTheAttack","Slimebound:SplitMire"],"picked":"Slimebound:Nibble","floor":2.0},{"not_picked":["Slimebound:TongueLash","Slimebound:SpikyOuterGoop"],"picked":"Slimebound:RejuvenatingLick","floor":4.0},{"not_picked":["Slimebound:LevelUp","Slimebound:SlimeBrawl"],"picked":"Slimebound:MegaLick","floor":5.0},{"not_picked":["Slimebound:GoopSpray","Slimebound:FinishingTackle","Slimebound:Chomp"],"picked":"SKIP","floor":6.0},{"not_picked":["Slimebound:SamplingLick","Slimebound:GrowthPunch"],"picked":"Slimebound:SplitMire","floor":9.0},{"not_picked":["Slimebound:SplitBruiser","Slimebound:SpikyOuterGoop","Slimebound:FinishingTackle"],"picked":"SKIP","floor":13.0},{"not_picked":["Slimebound:Replication","Slimebound:AcidTongue"],"picked":"Slimebound:OozeBath","floor":14.0},{"not_picked":["Slimebound:ItLooksTasty","Slimebound:SplitAcid","Slimebound:SlimeSpikes"],"picked":"SKIP","floor":15.0},{"not_picked":["Slimebound:OozeBath","Slimebound:MassRepurpose"],"picked":"Slimebound:Overexert","floor":16.0},{"not_picked":["Slimebound:RollThrough+1","Slimebound:GrowthPunch"],"picked":"Slimebound:GoopSpray+1","floor":19.0},{"not_picked":["Slimebound:SplitBruiser","Slimebound:GrowthPunch"],"picked":"Slimebound:LeechEnergy","floor":20.0},{"not_picked":["Slimebound:FinishingTackle","Slimebound:FormOfPuddle"],"picked":"Slimebound:SlimeTap+1","floor":21.0},{"not_picked":["Slimebound:LeechingTouch","Slimebound:SlimeSpikes","Slimebound:SlimeBarrage"],"picked":"SKIP","floor":23.0},{"not_picked":["Slimebound:SlimeBarrage","Slimebound:FormOfPuddle"],"picked":"Slimebound:Nibble","floor":25.0},{"not_picked":["Slimebound:PressTheAttack","Slimebound:SamplingLick"],"picked":"Slimebound:SlimeBarrage+1","floor":26.0},{"not_picked":["Slimebound:Gluttony","Slimebound:LeechEnergy"],"picked":"Slimebound:FormOfPuddle","floor":27.0},{"not_picked":["Slimebound:FinishingTackle","Slimebound:TongueLash"],"picked":"Slimebound:SamplingLick+1","floor":28.0},{"not_picked":["Slimebound:ViciousTackle","Slimebound:LeechingTouch"],"picked":"Slimebound:Dissolve+1","floor":32.0},{"not_picked":["Slimebound:OozeBath","Slimebound:MassFeed"],"picked":"Slimebound:PrepareCrush","floor":33.0},{"not_picked":["Slimebound:SlimeSpikes+1","Slimebound:LeechingTouch","Slimebound:DisruptingSlam+1"],"picked":"SKIP","floor":36.0},{"not_picked":["Slimebound:GrowthPunch+1","Slimebound:ComboTackle+1"],"picked":"Slimebound:HauntingLick","floor":37.0},{"not_picked":["Slimebound:GoopSpray+1","Slimebound:OozeBath"],"picked":"Slimebound:SpikyOuterGoop","floor":39.0},{"not_picked":["Slimebound:LivingWall","Slimebound:SamplingLick","Slimebound:Repurpose+1"],"picked":"SKIP","floor":42.0},{"not_picked":["Slimebound:FinishingTackle+1","Slimebound:SplitMire","Slimebound:FormOfPuddle+1"],"picked":"SKIP","floor":43.0},{"not_picked":["Slimebound:ViciousTackle","Slimebound:LeechingTouch+1"],"picked":"Slimebound:FormOfPuddle+1","floor":47.0},{"not_picked":["Slimebound:SlimeBarrage","Slimebound:GoopSpray"],"picked":"Slimebound:SplitBruiser+1","floor":49}],"player_experience":32918,"relics_obtained":[{"floor":7.0,"key":"Ornamental Fan"},{"floor":9.0,"key":"Vajra"},{"floor":24.0,"key":"Mango"},{"floor":27.0,"key":"Smiling Mask"},{"floor":37.0,"key":"Meat on the Bone"},{"floor":41.0,"key":"Orichalcum"}],"event_choices":[{"cards_removed":["Doubt"],"damage_healed":0.0,"max_hp_gain":0.0,"max_hp_loss":0.0,"gold_gain":0.0,"event_name":"Living Wall","player_choice":"Forget","floor":12.0,"gold_loss":0.0,"damage_taken":0.0},{"damage_healed":0.0,"max_hp_gain":0.0,"max_hp_loss":0.0,"gold_gain":0.0,"event_name":"Drug Dealer","player_choice":"Inject Mutagens","floor":30.0,"gold_loss":0.0,"damage_taken":0.0,"relics_obtained":["MutagenicStrength"]},{"damage_healed":0.0,"max_hp_gain":0.0,"max_hp_loss":0.0,"gold_gain":0.0,"event_name":"Accursed Blacksmith","player_choice":"Forge","floor":31.0,"gold_loss":0.0,"damage_taken":0.0,"cards_upgraded":["Slimebound:FormOfPuddle"]},{"cards_removed":["Slimebound:CorrosiveSpit"],"damage_healed":0.0,"max_hp_gain":0.0,"max_hp_loss":0.0,"gold_gain":0.0,"event_name":"Falling","player_choice":"Removed Skill","floor":45.0,"gold_loss":0.0,"damage_taken":0.0},{"damage_healed":0.0,"max_hp_gain":0.0,"max_hp_loss":0.0,"gold_gain":0.0,"event_name":"Upgrade Shrine","player_choice":"Upgraded","floor":48.0,"gold_loss":0.0,"damage_taken":0.0,"cards_upgraded":["Thinking Ahead"]}],"is_beta":false,"boss_relics":[{"not_picked":["Slimebound:AbsorbEndCombatUpgraded","Black Star"],"picked":"Empty Cage"},{"not_picked":["Velvet Choker","Runic Dome"],"picked":"Astrolabe"}],"items_purged_floors":[19,39,46],"is_endless":false,"potions_floor_spawned":[6,14,15,16,23,26,27,32,37,43,49],"ascension_level":0}}