{"host":"yk98keyoflza93y0","time":1608171923,"event":{"mods":["AchievementEnabler","BaseMod","BetterRewards","Card Forge","Colored Map","DeckTracker","Minty Spire (QoL Compilation)","Shop Mod","StSLib","SuperFastMode","The Poker Player"],"gold_per_floor":[109,109,119,119,137,170,192,192,192,142,174,188,218,229,229,331,331,341,440,450,450,467,502,502,534,585,500,532,549,147,158,158,258,258,274,274,293,293,303,329,229,256,283,333,333,57,73,99,99,99],"floor_reached":51,"playtime":1955,"items_purged":["PokerPlayerMod:Diamond6","PokerPlayerMod:Spade5","PokerPlayerMod:Club9"],"score":2160,"play_id":"95419245-37e2-42a1-aaf6-a0489530d306","local_time":"20201217112523","is_ascension_mode":true,"metric_token":734,"campfire_choices":[{"data":"PokerPlayerMod:TrumpStrike","floor":8.0,"key":"SMITH"},{"data":"PokerPlayerMod:Mulligan","floor":15,"key":"SMITH"},{"data":"PokerPlayerMod:Club8","floor":32,"key":"SMITH"},{"data":"PokerPlayerMod:Club8","floor":45,"key":"PURGE"},{"data":"PokerPlayerMod:Diamond10+","floor":49,"key":"PURGE"}],"circlet_count":0,"master_deck":["AscendersBane","PokerPlayerMod:Diamond1","PokerPlayerMod:Spade1","PokerPlayerMod:Club1","PokerPlayerMod:TrumpStrike+1","PokerPlayerMod:WasteCollection+1","PokerPlayerMod:Diamond10+","PokerPlayerMod:Spade1","PokerPlayerMod:Club1","PokerPlayerMod:Heart1","PokerPlayerMod:Diamond1","PokerPlayerMod:Raise+1","PokerPlayerMod:Diamond1","PokerPlayerMod:Club1","PokerPlayerMod:CardBurn+1","PokerPlayerMod:Diamond10+","PokerPlayerMod:Spade1","PokerPlayerMod:Spade1","PokerPlayerMod:Spade1","PokerPlayerMod:Spade1"],"relics":["PokerPlayerMod:DeckCase","Hammer of Thor","Seething Fire","Anvil of the Gods","TungstenRod","Lizard Tail","TheAbacus","Strawberry","Pantograph","Turnip","Sundial","Du-Vu Doll","Blood Vial","PreservedInsect","Kunai","Odd Mushroom","Toxic Egg 2","Darkstone Periapt","Question Card","PokerPlayerMod:AceCard","Nunchaku","PokerPlayerMod:Splitter","War Paint","Vajra","Pen Nib","Anchor","Orichalcum","Empty Cage","PokerPlayerMod:BrokenClock","Calipers","Potion Belt","Peace Pipe","Membership Card","Whetstone"],"acts_visited":["Exordium","TheCity","TheBeyond"],"potions_floor_usage":[],"damage_taken":[{"damage":0.0,"enemies":"Cultist","floor":1.0,"turns":3.0},{"damage":9.0,"enemies":"Small Slimes","floor":3.0,"turns":2.0},{"damage":0.0,"enemies":"Jaw Worm","floor":5.0,"turns":3.0},{"damage":2.0,"enemies":"3 Sentries","floor":6.0,"turns":3.0},{"damage":0.0,"enemies":"The Mushroom Lair","floor":7.0,"turns":2.0},{"damage":0.0,"enemies":"Gremlin Nob","floor":11.0,"turns":2.0},{"damage":7.0,"enemies":"Looter","floor":12.0,"turns":2.0},{"damage":0,"enemies":"Lagavulin","floor":13,"turns":4},{"damage":15,"enemies":"Exordium Wildlife","floor":14,"turns":2},{"damage":8,"enemies":"Slime Boss","floor":16,"turns":6},{"damage":5,"enemies":"Shell Parasite","floor":18,"turns":2},{"damage":0,"enemies":"Spheric Guardian","floor":20,"turns":1},{"damage":0,"enemies":"Centurion and Healer","floor":22,"turns":2},{"damage":0,"enemies":"Gremlin Leader","floor":23,"turns":2},{"damage":0,"enemies":"Book of Stabbing","floor":25,"turns":2},{"damage":0,"enemies":"Slavers","floor":28,"turns":1},{"damage":0,"enemies":"Snecko","floor":29,"turns":1},{"damage":0,"enemies":"Sentry and Sphere","floor":31,"turns":1},{"damage":0,"enemies":"Collector","floor":33,"turns":1},{"damage":0,"enemies":"Orb Walker","floor":35,"turns":1},{"damage":0,"enemies":"3 Shapes","floor":37,"turns":1},{"damage":0,"enemies":"Maw","floor":39,"turns":1},{"damage":0,"enemies":"Giant Head","floor":40,"turns":1},{"damage":0,"enemies":"Nemesis","floor":42,"turns":1},{"damage":0,"enemies":"Mind Bloom Boss Battle","floor":44,"turns":1},{"damage":0,"enemies":"4 Shapes","floor":47,"turns":1},{"damage":0,"enemies":"Reptomancer","floor":48,"turns":1},{"damage":0,"enemies":"Donu and Deca","floor":50,"turns":1}],"seed_played":"-8466848022843082682","potions_obtained":[{"floor":3.0,"key":"PowerPotion"},{"floor":11.0,"key":"GamblersBrew"},{"floor":12.0,"key":"SpeedPotion"},{"floor":23,"key":"Energy Potion"},{"floor":44,"key":"BlessingOfTheForge"},{"floor":48,"key":"Fire Potion"}],"is_trial":false,"path_per_floor":["M","T","M","?","M","E","?","R","T","?","E","M","E","M","R","B",null,"M","?","M","?","M","E","?","E","T","?","E","M","$","M","R","B",null,"M","?","M","?","M","E","$","E","T","?","R","$","M","E","R","B",null],"character_chosen":"THE_POKER_PLAYER","items_purchased":["TheAbacus","Strawberry","Pantograph","Sundial","Blood Vial","PreservedInsect","PokerPlayerMod:CardBurn+1","Anchor","Orichalcum","Membership Card"],"campfire_rested":0,"item_purchase_floors":[0,0,0,0,0,0,30,30,30,46],"current_hp_per_floor":[56,56,49,49,53,55,59,59,59,59,59,52,54,41,41,51,57,54,54,56,56,58,59,59,59,59,59,59,59,59,59,59,59,59,59,56,56,56,56,56,56,56,56,56,56,56,56,56,56,56],"gold":99,"neow_bonus":"","is_daily":false,"chose_seed":false,"campfire_upgraded":3,"win_rate":0.0,"timestamp":1608171923,"path_taken":["M","?","M","?","M","E","?","R","T","?","E","M","E","?","R","BOSS","M","?","M","?","M","E","?","E","T","?","E","?","$","M","R","BOSS","M","?","M","?","?","E","$","E","T","?","R","$","M","E","R","BOSS"],"items_purchased_type":["Relic","Relic","Relic","Relic","Relic","Relic","Card","Relic","Relic","Relic"],"build_version":"2020-12-13","purchased_purges":3,"victory":true,"max_hp_per_floor":[59,59,59,59,59,59,59,59,59,59,59,59,59,59,59,59,59,59,59,59,59,59,59,59,59,59,59,59,59,59,59,59,59,59,59,56,56,56,56,56,56,56,56,56,56,56,56,56,56,56],"card_choices":[{"not_picked":["PokerPlayerMod:Heart2","PokerPlayerMod:PoorCopy","PokerPlayerMod:Fold"],"picked":"SKIP","floor":1.0},{"not_picked":["PokerPlayerMod:CloakAndDiamond","PokerPlayerMod:Diamond4"],"picked":"PokerPlayerMod:WasteCollection","floor":3.0},{"not_picked":["PokerPlayerMod:CardPrinter","PokerPlayerMod:Fold","PokerPlayerMod:DamnStraight"],"picked":"SKIP","floor":5.0},{"not_picked":["PokerPlayerMod:Club3","PokerPlayerMod:ClubStrike","PokerPlayerMod:HeartStrike"],"picked":"SKIP","floor":6.0},{"not_picked":["PokerPlayerMod:Club1","PokerPlayerMod:Heart3","PokerPlayerMod:Spade1"],"picked":"SKIP","floor":11.0},{"not_picked":["PokerPlayerMod:Overdeal","PokerPlayerMod:PoorCopy+1","PokerPlayerMod:Diamond1"],"picked":"SKIP","floor":12.0},{"not_picked":["PokerPlayerMod:MagicTrick+1","PokerPlayerMod:Club5","PokerPlayerMod:Spade2"],"picked":"SKIP","floor":13},{"not_picked":["PokerPlayerMod:Club4","PokerPlayerMod:Fold+1","PokerPlayerMod:DartThrow","PokerPlayerMod:Heart1"],"picked":"SKIP","floor":14},{"not_picked":["PokerPlayerMod:Diamond8","PokerPlayerMod:WasteCollection+1","PokerPlayerMod:Promotion+1"],"picked":"PokerPlayerMod:Diamond10+","floor":16},{"not_picked":["PokerPlayerMod:Diamond2","PokerPlayerMod:SpadeStrike+1","PokerPlayerMod:Spade2","PokerPlayerMod:Fold+1"],"picked":"SKIP","floor":18},{"not_picked":["PokerPlayerMod:Spade1","PokerPlayerMod:JackOfSpades+1","PokerPlayerMod:Diamond3"],"picked":"PokerPlayerMod:Raise+1","floor":20},{"not_picked":["PokerPlayerMod:ChangeRules","PokerPlayerMod:Spade4","PokerPlayerMod:Configure+1"],"picked":"PokerPlayerMod:Club8","floor":22},{"not_picked":["PokerPlayerMod:Diamond2","PokerPlayerMod:CloakAndDiamond+1","PokerPlayerMod:HotShotCut+1","PokerPlayerMod:Heart4"],"picked":"SKIP","floor":23},{"not_picked":["PokerPlayerMod:Configure+1","PokerPlayerMod:WildCard+1","PokerPlayerMod:CloakAndDiamond+1"],"picked":"PokerPlayerMod:Diamond1","floor":25},{"not_picked":["PokerPlayerMod:ClubDance+1","PokerPlayerMod:Spade2","PokerPlayerMod:Heart5","PokerPlayerMod:Diamond8"],"picked":"SKIP","floor":28},{"not_picked":["PokerPlayerMod:Club2","PokerPlayerMod:Diamond4","PokerPlayerMod:FlyingCard"],"picked":"PokerPlayerMod:Club1","floor":29},{"not_picked":["PokerPlayerMod:DartThrow","PokerPlayerMod:Configure+1","PokerPlayerMod:Spade9","PokerPlayerMod:Spade2"],"picked":"SKIP","floor":31},{"not_picked":["PokerPlayerMod:Diamond9","PokerPlayerMod:VarietyAttack","PokerPlayerMod:Club7"],"picked":"PokerPlayerMod:Diamond10+","floor":33},{"not_picked":["PokerPlayerMod:Club3","PokerPlayerMod:PoorCopy+1","PokerPlayerMod:Club6"],"picked":"PokerPlayerMod:Spade1","floor":35},{"not_picked":["PokerPlayerMod:PoorCopy+1","PokerPlayerMod:Heart3","PokerPlayerMod:SecondChance","PokerPlayerMod:CardBurn+1"],"picked":"SKIP","floor":37},{"not_picked":["PokerPlayerMod:Fold+1","PokerPlayerMod:HotShotCut+1","PokerPlayerMod:Club2","PokerPlayerMod:DartThrow"],"picked":"SKIP","floor":39},{"not_picked":["PokerPlayerMod:MagicTrick+1","PokerPlayerMod:Heart6","PokerPlayerMod:Spade4","PokerPlayerMod:CardBurn+1"],"picked":"SKIP","floor":40},{"not_picked":["PokerPlayerMod:Diamond9","PokerPlayerMod:Diamond2","PokerPlayerMod:RoyalStrike"],"picked":"PokerPlayerMod:Spade1","floor":42},{"not_picked":["PokerPlayerMod:FlyingCard","PokerPlayerMod:Raise+1","PokerPlayerMod:Fold+1"],"picked":"PokerPlayerMod:Spade1","floor":44},{"not_picked":["PokerPlayerMod:Sharpen+1","PokerPlayerMod:ClubShade","PokerPlayerMod:Diamond3","PokerPlayerMod:Harden"],"picked":"SKIP","floor":47},{"not_picked":["PokerPlayerMod:Sharpen","PokerPlayerMod:Spade5","PokerPlayerMod:Diamond6"],"picked":"PokerPlayerMod:Spade1","floor":48}],"player_experience":1491520,"relics_obtained":[{"floor":6.0,"key":"Kunai"},{"floor":7.0,"key":"Odd Mushroom"},{"floor":9.0,"key":"Toxic Egg 2"},{"floor":11.0,"key":"Darkstone Periapt"},{"floor":13,"key":"Question Card"},{"floor":23,"key":"Nunchaku"},{"floor":25,"key":"PokerPlayerMod:Splitter"},{"floor":26,"key":"War Paint"},{"floor":28,"key":"Pen Nib"},{"floor":40,"key":"PokerPlayerMod:BrokenClock"},{"floor":42,"key":"Calipers"},{"floor":43,"key":"Potion Belt"},{"floor":44,"key":"Peace Pipe"},{"floor":48,"key":"Whetstone"}],"event_choices":[{"cards_removed":["PokerPlayerMod:Diamond2"],"damage_healed":0.0,"max_hp_gain":0.0,"max_hp_loss":0.0,"gold_gain":0.0,"event_name":"PokerPlayerMod:ExordiumClub","player_choice":"Trade","floor":4.0,"gold_loss":0.0,"damage_taken":0.0,"cards_obtained":["PokerPlayerMod:Club8"]},{"damage_healed":0.0,"max_hp_gain":0.0,"max_hp_loss":0.0,"gold_gain":0.0,"event_name":"Mushrooms","player_choice":"Fought Mushrooms","floor":7.0,"gold_loss":0.0,"damage_taken":0.0},{"cards_removed":["PokerPlayerMod:Heart2"],"damage_healed":0.0,"max_hp_gain":0.0,"max_hp_loss":0.0,"gold_gain":0.0,"event_name":"The Cleric","player_choice":"Card Removal","floor":10.0,"gold_loss":50.0,"damage_taken":0.0},{"damage_healed":0,"gold_gain":99,"player_choice":"Stole From Cult","damage_taken":0,"max_hp_gain":0,"max_hp_loss":0,"event_name":"Nest","floor":19,"gold_loss":0},{"damage_healed":0,"gold_gain":0,"player_choice":"Read","damage_taken":0,"max_hp_gain":0,"max_hp_loss":0,"event_name":"The Library","floor":21,"gold_loss":0,"cards_obtained":["PokerPlayerMod:Diamond10"]},{"cards_removed":["PokerPlayerMod:Diamond5"],"damage_healed":0,"gold_gain":0,"player_choice":"Elegance","damage_taken":0,"max_hp_gain":0,"max_hp_loss":0,"event_name":"PokerPlayerMod:BackToBasicsPoker","floor":24,"gold_loss":0},{"damage_healed":0,"gold_gain":0,"player_choice":"Obtained Relic","damage_taken":0,"relics_obtained":["Vajra"],"max_hp_gain":0,"max_hp_loss":0,"event_name":"Addict","floor":27,"gold_loss":85},{"damage_healed":0,"gold_gain":0,"player_choice":"Max HP","damage_taken":0,"max_hp_gain":0,"max_hp_loss":3,"event_name":"Winding Halls","floor":36,"gold_loss":0},{"damage_healed":0,"gold_gain":0,"player_choice":"Bought 0 Potions","damage_taken":0,"max_hp_gain":0,"max_hp_loss":0,"event_name":"The Woman in Blue","floor":38,"gold_loss":0},{"damage_healed":0,"gold_gain":0,"player_choice":"Fight","damage_taken":0,"max_hp_gain":0,"max_hp_loss":0,"event_name":"MindBloom","floor":44,"gold_loss":0}],"is_beta":false,"boss_relics":[{"not_picked":["Astrolabe","Ectoplasm"],"picked":"PokerPlayerMod:AceCard"},{"not_picked":["Fusion Hammer","Tiny House"],"picked":"Empty Cage"}],"items_purged_floors":[30,41,46],"is_endless":false,"potions_floor_spawned":[3,11,12,14,16,18,22,23,28,29,39,44,48],"ascension_level":11}}