{"host":"2pffx5rqbod9ds0c","time":1608171423,"event":{"mods":["BaseMod","Better Altar","Better Match","Better Note","Better Sensory Stone","Better Skull","Better Third Choice","Custom Start","Hubris","Minty Spire (QoL Compilation)","Quick Restart","Relic Stats","Robot Space Explorer","Spicy Shops","StSLib"],"gold_per_floor":[116,291,216,216,229,256,267,300,300,300,326,338,368,368,368,499,499,512,537,537,605,623,656,672,708,777,790,804,804,848,867,867,988,988,1008,687,687,687,350,350,363,363,363,363,407,420,420,120,120,120],"floor_reached":51,"playtime":6290,"items_purged":["Doubt","RobotSpaceExplorer:Strike","Decay","RobotSpaceExplorer:Defend","RobotSpaceExplorer:Defend"],"score":984,"play_id":"d903c3ef-1260-4a90-8742-3a3707d37617","local_time":"20201216181703","is_ascension_mode":true,"campfire_choices":[{"data":"RobotSpaceExplorer:PowerGlove","floor":15.0,"key":"SMITH"},{"data":"RobotSpaceExplorer:Scanner","floor":32.0,"key":"SMITH"},{"data":"RobotSpaceExplorer:MiniLasers","floor":40,"key":"SMITH"},{"data":"RobotSpaceExplorer:FranticSearch","floor":42,"key":"SMITH"},{"data":"RobotSpaceExplorer:StarLightning","floor":49,"key":"SMITH"}],"circlet_count":0,"master_deck":["RobotSpaceExplorer:Defend","RobotSpaceExplorer:Scan","RobotSpaceExplorer:MiniLasers+1","RobotSpaceExplorer:FranticSearch+1","RobotSpaceExplorer:StarLightning+1","RobotSpaceExplorer:Probe","RobotSpaceExplorer:PowerGlove+1","RobotSpaceExplorer:MiniDrones","RobotSpaceExplorer:Scanner+1","RobotSpaceExplorer:ScrapMissile+1","RobotSpaceExplorer:MakeshiftVolley+1","RobotSpaceExplorer:LuckyStrike","RobotSpaceExplorer:Accelerator+1","RobotSpaceExplorer:PowerGlove+1","RobotSpaceExplorer:Autoloader+1","RobotSpaceExplorer:MiniDrones","Flash of Steel"],"relics":["RobotSpaceExplorer:RoboCore","hubris:Spice","hubris:MysteriousPyramids","hubris:Towel","RobotSpaceExplorer:ToughPlating","White Beast Statue","Golden Idol","RobotSpaceExplorer:SearchSpecs","Frozen Egg 2","SacredBark","TheAbacus","hubris:Icosahedron","Lantern","Smiling Mask"],"acts_visited":["Exordium","TheCity","TheBeyond"],"potions_floor_usage":[],"damage_taken":[{"damage":0.0,"enemies":"Small Slimes","floor":1.0,"turns":3.0},{"damage":0.0,"enemies":"Jaw Worm","floor":5.0,"turns":3.0},{"damage":6.0,"enemies":"Gremlin Nob","floor":6.0,"turns":3.0},{"damage":0.0,"enemies":"2 Louse","floor":7.0,"turns":1.0},{"damage":12.0,"enemies":"3 Sentries","floor":8.0,"turns":7.0},{"damage":4.0,"enemies":"Lagavulin","floor":11.0,"turns":3.0},{"damage":0.0,"enemies":"Blue Slaver","floor":12.0,"turns":2.0},{"damage":0.0,"enemies":"Gremlin Nob","floor":13.0,"turns":3.0},{"damage":0.0,"enemies":"Hexaghost","floor":16.0,"turns":4.0},{"damage":0.0,"enemies":"Shell Parasite","floor":18.0,"turns":4.0},{"damage":4.0,"enemies":"2 Thieves","floor":19.0,"turns":3.0},{"damage":0.0,"enemies":"Centurion and Healer","floor":22.0,"turns":2.0},{"damage":0.0,"enemies":"Book of Stabbing","floor":23.0,"turns":3.0},{"damage":11.0,"enemies":"Snake Plant","floor":24.0,"turns":4.0},{"damage":0.0,"enemies":"Slavers","floor":25.0,"turns":2.0},{"damage":11.0,"enemies":"Shelled Parasite and Fungi","floor":27.0,"turns":3.0},{"damage":0.0,"enemies":"3 Cultists","floor":28.0,"turns":2.0},{"damage":2.0,"enemies":"Gremlin Leader","floor":30.0,"turns":4.0},{"damage":0.0,"enemies":"Chosen and Byrds","floor":31.0,"turns":3.0},{"damage":0.0,"enemies":"Champ","floor":33.0,"turns":5.0},{"damage":2.0,"enemies":"3 Shapes","floor":35.0,"turns":2.0},{"damage":0,"enemies":"Orb Walker","floor":41,"turns":2},{"damage":0,"enemies":"Reptomancer","floor":45,"turns":3},{"damage":0,"enemies":"Transient","floor":46,"turns":5},{"damage":7,"enemies":"Awakened One","floor":50,"turns":5}],"seed_played":"6529109207897892540","potions_obtained":[{"floor":1.0,"key":"LiquidMemories"},{"floor":5.0,"key":"ColorlessPotion"},{"floor":8.0,"key":"SpeedPotion"},{"floor":16.0,"key":"RobotSpaceExplorer:RecyclePotion"},{"floor":23.0,"key":"Fruit Juice"},{"floor":24.0,"key":"RobotSpaceExplorer:RecyclePotion"},{"floor":33.0,"key":"Swift Potion"}],"is_trial":false,"path_per_floor":["M","?","$","?","M","E","M","E","T","?","E","M","E","?","R","B",null,"M","M","?","T","M","E","M","E","T","M","M","?","E","M","R","B",null,"M","$","?","?","$","R","M","R","T","?","E","M","?","$","R","B",null],"character_chosen":"RobotSpaceExplorer","items_purchased":["RobotSpaceExplorer:PowerGlove+1","TheAbacus","Lantern","RobotSpaceExplorer:MiniDrones","Flash of Steel"],"campfire_rested":0,"item_purchase_floors":[36,36,39,48,48],"current_hp_per_floor":[68,68,68,68,68,70,70,58,66,66,62,62,62,41,41,41,84,84,76,76,76,76,81,70,70,70,59,59,63,61,61,61,61,73,71,71,71,73,73,73,73,73,65,65,65,65,65,65,65,58],"gold":120,"neow_bonus":"TRANSFORM_TWO_CARDS","is_daily":false,"chose_seed":false,"campfire_upgraded":5,"win_rate":0.0,"timestamp":1608171423,"path_taken":["M","?","$","?","M","E","M","E","T","?","E","M","E","?","R","BOSS","M","M","?","?","M","E","M","E","T","M","M","?","E","?","R","BOSS","M","$","?","?","$","R","?","R","T","?","E","M","?","$","R","BOSS"],"items_purchased_type":["Card","Relic","Relic","Card","Card"],"build_version":"2020-12-13","purchased_purges":5,"victory":true,"max_hp_per_floor":[68,68,68,68,68,76,76,76,84,84,84,84,84,84,84,84,84,84,76,76,76,76,81,81,73,73,73,73,73,73,73,73,73,73,73,73,73,73,73,73,73,73,65,65,65,65,65,65,65,65],"relic_stats":{"TheAbacus":[72],"counters":[25,81],"Golden Idol":143,"Smiling Mask":125,"obtain_stats":[{"Lantern":39,"Golden Idol":14,"SacredBark":34,"RobotSpaceExplorer:RoboCore":0,"hubris:MysteriousPyramids":8,"hubris:Towel":10,"Frozen Egg 2":21,"Smiling Mask":45,"White Beast Statue":13,"TheAbacus":36,"hubris:Icosahedron":37,"hubris:Spice":6,"RobotSpaceExplorer:ToughPlating":11,"RobotSpaceExplorer:SearchSpecs":17},{"Lantern":21,"Golden Idol":8,"SacredBark":20,"RobotSpaceExplorer:RoboCore":0,"hubris:MysteriousPyramids":5,"hubris:Towel":5,"Frozen Egg 2":11,"Smiling Mask":23,"White Beast Statue":8,"TheAbacus":21,"hubris:Icosahedron":21,"hubris:Spice":3,"RobotSpaceExplorer:ToughPlating":6,"RobotSpaceExplorer:SearchSpecs":9},{"Lantern":66,"Golden Idol":25,"SacredBark":64,"RobotSpaceExplorer:RoboCore":0,"hubris:MysteriousPyramids":17,"hubris:Towel":17,"Frozen Egg 2":36,"Smiling Mask":71,"White Beast Statue":25,"TheAbacus":66,"hubris:Icosahedron":66,"hubris:Spice":9,"RobotSpaceExplorer:ToughPlating":20,"RobotSpaceExplorer:SearchSpecs":29}]},"card_choices":[{"not_picked":["RobotSpaceExplorer:Ammunition","RobotSpaceExplorer:ImprovisedAttack","RobotSpaceExplorer:FrostMissile"],"picked":"SKIP","floor":1.0},{"not_picked":["RobotSpaceExplorer:MiniDrones","RobotSpaceExplorer:StunGrenade"],"picked":"RobotSpaceExplorer:PowerGlove","floor":5.0},{"not_picked":["RobotSpaceExplorer:Counterblock","RobotSpaceExplorer:TurboDodge","RobotSpaceExplorer:JunkDive"],"picked":"SKIP","floor":6.0},{"not_picked":["RobotSpaceExplorer:RigExplosive","RobotSpaceExplorer:TurboDodge","RobotSpaceExplorer:Ammunition"],"picked":"SKIP","floor":7.0},{"not_picked":["RobotSpaceExplorer:ImprovisedAttack","RobotSpaceExplorer:Counterblock"],"picked":"RobotSpaceExplorer:MiniDrones","floor":8.0},{"not_picked":["RobotSpaceExplorer:IronShell","RobotSpaceExplorer:Electropulse","RobotSpaceExplorer:PlasmaMissile"],"picked":"SKIP","floor":11.0},{"not_picked":["RobotSpaceExplorer:MetalStrike","RobotSpaceExplorer:SurgingStrike","RobotSpaceExplorer:Jetpack"],"picked":"SKIP","floor":12.0},{"not_picked":["RobotSpaceExplorer:StunGrenade","RobotSpaceExplorer:Electroshield","RobotSpaceExplorer:MetalStrike"],"picked":"SKIP","floor":13.0},{"not_picked":["RobotSpaceExplorer:ChargingLaser","RobotSpaceExplorer:TrailblazerForm"],"picked":"RobotSpaceExplorer:Scanner","floor":16.0},{"not_picked":["RobotSpaceExplorer:FranticSearch","RobotSpaceExplorer:MetalStrike","RobotSpaceExplorer:StarLightning"],"picked":"SKIP","floor":18.0},{"not_picked":["RobotSpaceExplorer:SwiftStep","RobotSpaceExplorer:GlueShot+1"],"picked":"hubris:SpiceAddiction","floor":19.0},{"not_picked":["hubris:SpiceAddiction","RobotSpaceExplorer:SurgingShield"],"picked":"RobotSpaceExplorer:ScrapMissile+1","floor":22.0},{"not_picked":["RobotSpaceExplorer:FreezeRay+1","RobotSpaceExplorer:Electroshield","RobotSpaceExplorer:SwiftStep+1"],"picked":"SKIP","floor":23.0},{"not_picked":["RobotSpaceExplorer:FrostMissile","RobotSpaceExplorer:Fix"],"picked":"RobotSpaceExplorer:MakeshiftVolley+1","floor":24.0},{"not_picked":["RobotSpaceExplorer:MetalStrike","RobotSpaceExplorer:JunkDive","RobotSpaceExplorer:GlueShot+1"],"picked":"SKIP","floor":25.0},{"not_picked":["hubris:SpiceAddiction","RobotSpaceExplorer:ShockKick"],"picked":"RobotSpaceExplorer:LuckyStrike","floor":27.0},{"not_picked":["RobotSpaceExplorer:SurgingShield+1","hubris:SpiceAddiction","RobotSpaceExplorer:Probe+1"],"picked":"SKIP","floor":28.0},{"not_picked":["RobotSpaceExplorer:SurgingShield","RobotSpaceExplorer:SlimeMissile+1"],"picked":"RobotSpaceExplorer:Accelerator+1","floor":30.0},{"not_picked":["RobotSpaceExplorer:SelfCleaning","RobotSpaceExplorer:FranticSearch+1","RobotSpaceExplorer:ShockKick"],"picked":"SKIP","floor":31.0},{"not_picked":["RobotSpaceExplorer:SurgingStrike","RobotSpaceExplorer:Jetpack","RobotSpaceExplorer:LuckyStrike"],"picked":"SKIP","floor":35.0},{"not_picked":["RobotSpaceExplorer:DualCore+1","hubris:SpiceAddiction","hubris:SpiceAddiction"],"picked":"SKIP","floor":41},{"not_picked":["RobotSpaceExplorer:FranticSearch","RobotSpaceExplorer:DoubleBlock+1"],"picked":"RobotSpaceExplorer:Autoloader+1","floor":45},{"not_picked":["hubris:SpiceAddiction","hubris:SpiceAddiction","RobotSpaceExplorer:MetalStrike+1"],"picked":"SKIP","floor":46}],"player_experience":771155,"relics_obtained":[{"floor":6.0,"key":"hubris:Spice"},{"floor":8.0,"key":"hubris:MysteriousPyramids"},{"floor":9.0,"key":"hubris:Spice"},{"floor":11.0,"key":"RobotSpaceExplorer:ToughPlating"},{"floor":13.0,"key":"White Beast Statue"},{"floor":21.0,"key":"Frozen Egg 2"},{"floor":25.0,"key":"hubris:Spice"},{"floor":43,"key":"hubris:Spice"},{"floor":45,"key":"Smiling Mask"}],"event_choices":[{"damage_healed":0.0,"max_hp_gain":0.0,"max_hp_loss":0.0,"gold_gain":175.0,"event_name":"betterThird:BetterSerpent","player_choice":"AGREE","floor":2.0,"gold_loss":0.0,"damage_taken":116.0},{"damage_healed":0.0,"max_hp_gain":0.0,"max_hp_loss":0.0,"gold_gain":0.0,"cards_transformed":["RobotSpaceExplorer:Strike"],"event_name":"Living Wall","player_choice":"Change","floor":4.0,"gold_loss":0.0,"damage_taken":0.0,"cards_obtained":["RobotSpaceExplorer:Probe"]},{"damage_healed":0.0,"max_hp_gain":0.0,"max_hp_loss":0.0,"gold_gain":0.0,"event_name":"Golden Idol","player_choice":"Take Damage","floor":14.0,"gold_loss":0.0,"damage_taken":21.0,"relics_obtained":["Golden Idol"]},{"damage_healed":0.0,"max_hp_gain":0.0,"max_hp_loss":0.0,"gold_gain":0.0,"event_name":"betterNote:BetterNote","player_choice":"Ignored","floor":20.0,"gold_loss":0.0,"damage_taken":0.0,"cards_obtained":["RobotSpaceExplorer:ChargingLaser"]},{"damage_healed":4.0,"max_hp_gain":0.0,"max_hp_loss":0.0,"gold_gain":0.0,"event_name":"betterSkull:BetterSkull","player_choice":"LEAVE ","floor":29.0,"gold_loss":0.0,"damage_taken":0.0,"cards_upgraded":[],"relics_obtained":[]},{"damage_healed":4,"gold_gain":0,"player_choice":"LEAVE ","damage_taken":0,"relics_obtained":[],"max_hp_gain":0,"max_hp_loss":0,"event_name":"betterSkull:BetterSkull","floor":38,"gold_loss":0,"cards_upgraded":[]},{"damage_healed":0,"gold_gain":0,"player_choice":"Ignored","damage_taken":0,"max_hp_gain":0,"max_hp_loss":0,"event_name":"Tomb of Lord Red Mask","floor":44,"gold_loss":0},{"cards_removed":["RobotSpaceExplorer:Defend"],"damage_healed":0,"gold_gain":0,"player_choice":"Offered Basic","damage_taken":0,"max_hp_gain":0,"max_hp_loss":0,"event_name":"Bonfire Elementals","floor":47,"gold_loss":0}],"is_beta":false,"boss_relics":[{"not_picked":["hubris:Spice","Calling Bell"],"picked":"RobotSpaceExplorer:SearchSpecs"},{"not_picked":["hubris:Spice","hubris:Spice"],"picked":"SacredBark"}],"items_purged_floors":[3,36,39,39,48],"is_endless":false,"potions_floor_spawned":[1,5,8,11,16,18,19,22,23,24,25,27,28,30,31,33,35,41,45,46],"ascension_level":1}}