{"host":"1a8vswsp13vmqqwt","time":1608217743,"event":{"mods":["AchievementEnabler","BaseMod","Marisa????????","Minty Spire (QoL Compilation)","StSLib"],"gold_per_floor":[109,120,140,140,159,192,192,157,157,157,182,217,242,242,242,391,454,507,507,288,288,288,288,343,343,343],"floor_reached":25,"playtime":1030,"items_purged":["Strike_MRS"],"score":229,"play_id":"35fe1a35-1a66-46a8-9127-31f171ea05ad","local_time":"20201217180903","is_ascension_mode":false,"campfire_choices":[{"data":"PowerUp","floor":7.0,"key":"SMITH"},{"floor":15.0,"key":"REST"},{"data":"MillisecondPulsars","floor":23,"key":"SMITH"}],"circlet_count":0,"master_deck":["Strike_MRS","Strike_MRS","Strike_MRS+1","Defend_MRS","Defend_MRS","Defend_MRS","Defend_MRS","MasterSpark","UpSweep","GalacticHalo","DC","PowerUp+1","MachineGunSpark","MachineGunSpark","MagicChant","DoubleSpark","WitchOfGreed","MillisecondPulsars+1","GalacticHalo","BlazeAway","ManaConvection"],"relics":["MiniHakkero","NeowsBlessing","Dream Catcher","Matryoshka","Golden Idol","Bottled Lightning","Tiny House","Sling","Akabeko","Pantograph","CaptainsWheel"],"acts_visited":["Exordium","TheCity"],"potions_floor_usage":[16,18,24,24],"damage_taken":[{"damage":0.0,"enemies":"Small Slimes","floor":1.0,"turns":1.0},{"damage":0.0,"enemies":"2 Louse","floor":2.0,"turns":1.0},{"damage":0.0,"enemies":"Jaw Worm","floor":3.0,"turns":1.0},{"damage":1.0,"enemies":"Lots of Slimes","floor":5.0,"turns":4.0},{"damage":24.0,"enemies":"Gremlin Nob","floor":6.0,"turns":4.0},{"damage":7.0,"enemies":"Exordium Thugs","floor":11.0,"turns":3.0},{"damage":4.0,"enemies":"3 Sentries","floor":12.0,"turns":5.0},{"damage":4.0,"enemies":"2 Fungi Beasts","floor":13.0,"turns":3.0},{"damage":13,"enemies":"Slime Boss","floor":16,"turns":10},{"damage":18,"enemies":"Spheric Guardian","floor":18,"turns":5},{"damage":48,"enemies":"Gremlin Leader","floor":24,"turns":5},{"damage":55,"enemies":"Chosen","floor":25,"turns":6}],"seed_played":"3678183004743945986","potions_obtained":[{"floor":1.0,"key":"SkillPotion"},{"floor":3.0,"key":"Explosive Potion"},{"floor":13.0,"key":"Energy Potion"},{"floor":16,"key":"Regen Potion"},{"floor":16,"key":"Strength Potion"},{"floor":17,"key":"Fruit Juice"},{"floor":18,"key":"SpeedPotion"},{"floor":24,"key":"SteroidPotion"}],"is_trial":false,"path_per_floor":["M","M","M","?","M","E","R","?","T","?","M","E","M","?","R","B",null,"M","?","$","?","T","R","E","M"],"character_chosen":"MARISA","items_purchased":["Sling"],"campfire_rested":1,"item_purchase_floors":[20],"current_hp_per_floor":[75,75,75,75,74,50,50,68,68,50,43,39,35,35,57,44,80,67,67,67,67,67,67,33,0,0],"gold":343,"neow_bonus":"THREE_ENEMY_KILL","is_daily":false,"chose_seed":false,"campfire_upgraded":2,"win_rate":0.0,"timestamp":1608217743,"path_taken":["M","M","M","?","M","E","R","?","T","?","M","E","M","?","R","BOSS","M","?","$","?","?","R","E","?"],"items_purchased_type":["Relic"],"build_version":"2020-12-13","purchased_purges":1,"victory":false,"max_hp_per_floor":[75,75,75,75,75,75,75,75,75,75,75,75,75,75,75,75,80,85,85,85,85,85,85,85,85,85],"card_choices":[{"not_picked":["ManaConvection","EnergyRecoil"],"picked":"GalacticHalo","floor":1.0},{"not_picked":["DoubleSpark","PropBag"],"picked":"DC","floor":2.0},{"not_picked":["SuperPerseids","DarkSpark"],"picked":"PowerUp","floor":3.0},{"not_picked":["WitchOfGreed","GalacticHalo"],"picked":"MachineGunSpark","floor":5.0},{"not_picked":["GrandCross","UnstableBomb"],"picked":"MachineGunSpark","floor":6.0},{"not_picked":["DC","IllusionStar"],"picked":"MagicChant","floor":11.0},{"not_picked":["WitchLeyline","WitchOfGreed","Acceleration"],"picked":"SKIP","floor":12.0},{"not_picked":["EscapeVelocity","MagicAbsorber"],"picked":"DoubleSpark","floor":13.0},{"not_picked":["Occultation","EventHorizon"],"picked":"WitchOfGreed","floor":15.0},{"not_picked":["SatelliteIllusion","BigCrunch"],"picked":"MillisecondPulsars","floor":16},{"not_picked":["MilkyWay","SporeBomb"],"picked":"GalacticHalo","floor":17},{"not_picked":["ShootingEcho","OneTimeOff","DeepEcoloBomb"],"picked":"SKIP","floor":18},{"not_picked":["UnstableBomb","NonDirectionalLaser"],"picked":"ManaConvection","floor":24}],"player_experience":151052,"relics_obtained":[{"floor":6.0,"key":"Dream Catcher"},{"floor":9.0,"key":"Matryoshka"},{"floor":12.0,"key":"Bottled Lightning"},{"floor":22,"key":"Akabeko"},{"floor":22,"key":"Pantograph"},{"floor":24,"key":"CaptainsWheel"}],"event_choices":[{"damage_healed":0.0,"max_hp_gain":0.0,"max_hp_loss":0.0,"gold_gain":0.0,"event_name":"Liars Game","player_choice":"Ignored","floor":4.0,"gold_loss":0.0,"damage_taken":0.0},{"damage_healed":18.0,"max_hp_gain":0.0,"max_hp_loss":0.0,"gold_gain":0.0,"event_name":"The Cleric","player_choice":"Healed","floor":8.0,"gold_loss":35.0,"damage_taken":0.0},{"damage_healed":0.0,"max_hp_gain":0.0,"max_hp_loss":0.0,"gold_gain":0.0,"event_name":"Golden Idol","player_choice":"Take Damage","floor":10.0,"gold_loss":0.0,"damage_taken":18.0,"relics_obtained":["Golden Idol"]},{"damage_healed":0.0,"max_hp_gain":0.0,"max_hp_loss":0.0,"gold_gain":0.0,"event_name":"Shining Light","player_choice":"Ignored","floor":14.0,"gold_loss":0.0,"damage_taken":0.0},{"damage_healed":0,"gold_gain":0,"player_choice":"Read","damage_taken":0,"max_hp_gain":0,"max_hp_loss":0,"event_name":"The Library","floor":19,"gold_loss":0,"cards_obtained":["BlazeAway"]},{"damage_healed":0,"gold_gain":0,"player_choice":"Ignored","damage_taken":0,"max_hp_gain":0,"max_hp_loss":0,"event_name":"Vampires","floor":21,"gold_loss":0}],"is_beta":false,"boss_relics":[{"not_picked":["Velvet Choker","Runic Dome"],"picked":"Tiny House"}],"items_purged_floors":[20],"is_endless":false,"potions_floor_spawned":[1,3,13,16],"killed_by":"Chosen","ascension_level":0}}