{"host":"ormi09wwzv7sq47a","time":1608243282,"event":{"mods":["2.2 Compatiblity","AchievementEnabler","Act Like it!","BaseMod","Bestiary","Better Note","Better Sensory Stone","Better Skull","Better Vampires","Colored Map","Colored Powertips","Curses Come First","DeckTracker","Downfall","Highlight Path","Minty Spire (QoL Compilation)","Permanent Neow","Quick Restart","Rare Cards Sparkle","Relic Stats","Shop Mod","StSLib","The Jungle"],"gold_per_floor":[119,139,139,64,78,78,78,108,108,108,121,121,138,156,156,254,254,273,257,272,172,191,220,230,230,230,243,263,263,279,9,9,106,106,117,168,183,183,183,183,40,69,96,96,107,107,0,34,34,34,34,34,34,60,60,60],"floor_reached":55,"playtime":3915,"items_purged":["Guardian:Strike_Guardian","Guardian:Defend_Guardian","Guardian:Strike_Guardian"],"score":1184,"play_id":"0f58fe5d-6393-47ce-bf97-05baf9f95797","local_time":"20201217201442","is_ascension_mode":true,"campfire_choices":[{"data":"Guardian:TwinSlam","floor":12.0,"key":"SMITH"},{"data":"Guardian:TimeBomb","floor":15.0,"key":"SMITH"},{"data":"Guardian:AncientConstruct","floor":25.0,"key":"SMITH"},{"data":"Guardian:ShieldSpikes","floor":29.0,"key":"SMITH"},{"data":"Guardian:PiercingHide","floor":32.0,"key":"SMITH"},{"data":"Guardian:CurlUp","floor":40.0,"key":"SMITH"},{"data":"Guardian:PrismaticBeam","floor":46,"key":"SMITH"},{"floor":49,"key":"RECALL"},{"data":"Guardian:GemFire","floor":52,"key":"SMITH"}],"circlet_count":0,"master_deck":["AscendersBane","Guardian:Strike_Guardian","Guardian:Strike_Guardian","Guardian:Defend_Guardian","Guardian:Defend_Guardian","Guardian:Defend_Guardian+1","Guardian:CurlUp+1","Guardian:TwinSlam+1","Guardian:TimeBomb+1","Guardian:PrismaticBarrier+1","Guardian:FloatingOrbs","Guardian:SpikerProtocol","Guardian:AncientConstruct+1","Guardian:DecasProtection+1","Guardian:PiercingHide+1","Guardian:ShieldSpikes+1","Guardian:PrismaticBeam+1","Guardian:SphericShield","Guardian:FuturePlans","Guardian:GemFire+1","Guardian:CrystalBeam+1"],"relics":["Guardian:ModeShifterPlus","Bird Faced Urn","Guardian:PickAxe","Guardian:PocketSentry","Guardian:StasisCodex","Philosopher\u0027s Stone","Kunai","Lantern","Incense Burner","Guardian:BottledStasis","Oddly Smooth Stone","PreservedInsect","Bottled Tornado","Red Mask","StrikeDummy","Bottled Flame"],"acts_visited":["Exordium","TheCity","TheBeyond","TheEnding"],"potions_floor_usage":[42,50],"damage_taken":[{"damage":0.0,"enemies":"Cultist","floor":1.0,"turns":4.0},{"damage":3.0,"enemies":"2 Louse","floor":2.0,"turns":2.0},{"damage":6.0,"enemies":"Small Slimes","floor":5.0,"turns":4.0},{"damage":0.0,"enemies":"Gremlin Gang","floor":11.0,"turns":5.0},{"damage":0.0,"enemies":"Large Slime","floor":13.0,"turns":4.0},{"damage":0.0,"enemies":"3 Louse","floor":14.0,"turns":3.0},{"damage":35.0,"enemies":"Slime Boss","floor":16.0,"turns":13.0},{"damage":12.0,"enemies":"Shell Parasite","floor":18.0,"turns":5.0},{"damage":14.0,"enemies":"2 Thieves","floor":19.0,"turns":4.0},{"damage":0.0,"enemies":"3 Cultists","floor":20.0,"turns":4.0},{"damage":14.0,"enemies":"Cultist and Chosen","floor":22.0,"turns":7.0},{"damage":24.0,"enemies":"Gremlin Leader","floor":23.0,"turns":8.0},{"damage":15.0,"enemies":"Centurion and Healer","floor":24.0,"turns":7.0},{"damage":10.0,"enemies":"Snake Plant","floor":27.0,"turns":4.0},{"damage":6.0,"enemies":"Cultist and Chosen","floor":28.0,"turns":6.0},{"damage":9.0,"enemies":"Sentry and Sphere","floor":30.0,"turns":7.0},{"damage":5.0,"enemies":"Champ","floor":33.0,"turns":12.0},{"damage":0.0,"enemies":"3 Darklings","floor":35.0,"turns":5.0},{"damage":36.0,"enemies":"2 Orb Walkers","floor":36.0,"turns":7.0},{"damage":0.0,"enemies":"Orb Walker","floor":37.0,"turns":3.0},{"damage":20,"enemies":"Reptomancer","floor":42,"turns":7},{"damage":0,"enemies":"Maw","floor":45,"turns":8},{"damage":0,"enemies":"Giant Head","floor":48,"turns":9},{"damage":0,"enemies":"Time Eater","floor":50,"turns":10},{"damage":44,"enemies":"Shield and Spear","floor":54,"turns":7},{"damage":47,"enemies":"The Heart","floor":55,"turns":5}],"seed_played":"1176992171583633603","potions_obtained":[{"floor":1.0,"key":"DuplicationPotion"},{"floor":5.0,"key":"DistilledChaos"},{"floor":11.0,"key":"Fire Potion"},{"floor":13.0,"key":"BlessingOfTheForge"},{"floor":18.0,"key":"Fire Potion"},{"floor":22.0,"key":"PowerPotion"},{"floor":24.0,"key":"Weak Potion"},{"floor":30.0,"key":"Guardian:StasisDiscoveryPotion"},{"floor":33.0,"key":"SpeedPotion"},{"floor":35.0,"key":"SkillPotion"},{"floor":48,"key":"Regen Potion"}],"is_trial":false,"path_per_floor":["M","M","?","$","M","R","?","?","T","?","M","R","M","M","R","B",null,"M","M","M","$","M","E","M","R","T","M","M","R","M","$","R","B",null,"M","?","M","?","?","R","$","E","T","T","M","R","?","E","R","B",null,"R","$","E","B"],"character_chosen":"GUARDIAN","items_purchased":["Lantern","Guardian:BottledStasis"],"campfire_rested":0,"item_purchase_floors":[31,41],"current_hp_per_floor":[51,48,48,48,42,42,26,26,26,26,28,28,30,32,32,3,61,55,49,57,57,51,37,30,30,30,28,36,36,37,37,37,46,72,80,46,52,52,52,52,52,42,42,42,50,50,50,60,60,76,76,76,76,36,0,0],"gold":60,"neow_bonus":"ONE_RARE_RELIC","is_daily":false,"chose_seed":false,"campfire_upgraded":8,"win_rate":0.0,"timestamp":1608243282,"path_taken":["M","M","?","$","M","R","?","?","T","?","M","R","?","M","R","BOSS","M","M","?","$","M","E","M","R","T","?","M","R","M","$","R","BOSS","M","?","M","?","?","R","$","E","T","?","M","R","?","E","R","BOSS","R","$","E","BOSS"],"items_purchased_type":["Relic","Relic"],"build_version":"2020-12-13","purchased_purges":3,"victory":false,"max_hp_per_floor":[80,80,80,80,80,80,80,80,80,80,80,80,80,80,80,80,80,80,80,80,80,80,80,80,80,80,80,80,80,80,80,80,80,80,80,80,80,76,76,76,76,76,76,76,76,76,76,76,76,76,76,76,76,76,76,76],"relic_stats":{"counters":[26,157],"Bird Faced Urn":[171],"PreservedInsect":207,"Kunai":[32],"obtain_stats":[{"Guardian:BottledStasis":41,"Lantern":31,"Guardian:ModeShifterPlus":34,"Guardian:ModeShifter":0,"Oddly Smooth Stone":42,"Guardian:StasisCodex":9,"PreservedInsect":43,"Guardian:PocketSentry":8,"Incense Burner":36,"Bottled Tornado":44,"Guardian:PickAxe":3,"Bottled Flame":54,"Bird Faced Urn":0,"Philosopher\u0027s Stone":17,"Red Mask":47,"Kunai":23,"StrikeDummy":48},{"Guardian:BottledStasis":20,"Lantern":16,"Guardian:ModeShifterPlus":17,"Guardian:ModeShifter":0,"Oddly Smooth Stone":21,"Guardian:StasisCodex":3,"PreservedInsect":21,"Guardian:PocketSentry":3,"Incense Burner":19,"Bottled Tornado":21,"Guardian:PickAxe":2,"Bottled Flame":25,"Bird Faced Urn":0,"Philosopher\u0027s Stone":7,"Red Mask":22,"Kunai":12,"StrikeDummy":23},{"Guardian:BottledStasis":111,"Lantern":84,"Guardian:ModeShifterPlus":96,"Guardian:ModeShifter":0,"Oddly Smooth Stone":118,"Guardian:StasisCodex":9,"PreservedInsect":118,"Guardian:PocketSentry":9,"Incense Burner":108,"Bottled Tornado":118,"Guardian:PickAxe":6,"Bottled Flame":152,"Bird Faced Urn":0,"Philosopher\u0027s Stone":33,"Red Mask":126,"Kunai":60,"StrikeDummy":135}]},"card_choices":[{"not_picked":["Guardian:Gem_Green","Guardian:CrystalBeam"],"picked":"Guardian:TimeBomb","floor":1.0},{"not_picked":["Guardian:PrimingBeam","Guardian:Incinerate"],"picked":"Guardian:Gem_Cyan","floor":2.0},{"not_picked":["Guardian:ShieldCharger","Guardian:Reroute"],"picked":"Guardian:PrismaticBarrier","floor":5.0},{"not_picked":["Guardian:PiercingHide","Guardian:PrismaticBarrier"],"picked":"Guardian:FloatingOrbs","floor":11.0},{"not_picked":["Guardian:TemporalStrike","Guardian:Gem_Red"],"picked":"Guardian:SpikerProtocol","floor":13.0},{"not_picked":["Guardian:PrimingBeam","Guardian:CrystalBeam","Guardian:Clone"],"picked":"SKIP","floor":14.0},{"not_picked":["Guardian:CompilePackage","Guardian:ExploitGems"],"picked":"Guardian:AncientConstruct","floor":16.0},{"not_picked":["Guardian:Recover","Guardian:Harden"],"picked":"Guardian:DecasProtection+1","floor":18.0},{"not_picked":["Guardian:Gem_Red","Guardian:CrystalBeam"],"picked":"Guardian:PiercingHide","floor":19.0},{"not_picked":["Guardian:BronzeArmor","Guardian:TemporalStrike+1"],"picked":"Guardian:ShieldSpikes","floor":20.0},{"not_picked":["Guardian:PiercingHide","Guardian:Gem_Lightblue"],"picked":"Guardian:PrismaticBeam","floor":22.0},{"not_picked":["Guardian:Suspension+1","Guardian:Gem_Lightblue"],"picked":"Guardian:Gem_Red","floor":23.0},{"not_picked":["Guardian:Gem_Lightblue","Guardian:ChargeCore"],"picked":"Guardian:Gem_Yellow","floor":24.0},{"not_picked":["Guardian:Planning+1","Guardian:RollAttack"],"picked":"Guardian:Gem_Lightblue","floor":27.0},{"not_picked":["Guardian:TemporalStrike+1","Guardian:VentSteam","Guardian:TimeCapacitor"],"picked":"SKIP","floor":28.0},{"not_picked":["Guardian:Recover","Guardian:StasisField"],"picked":"Guardian:Gem_Purple","floor":30.0},{"not_picked":["Guardian:TimeSifter","Guardian:StasisEngine"],"picked":"Guardian:SphericShield","floor":33.0},{"not_picked":["Guardian:Reroute","Guardian:Planning"],"picked":"Guardian:Gem_Lightblue","floor":35.0},{"not_picked":["Guardian:RefractedBeam","Guardian:Reroute"],"picked":"Guardian:Gem_Fragmented","floor":36.0},{"not_picked":["Guardian:Harden","Guardian:ChargeCore+1"],"picked":"Guardian:Gem_Purple","floor":37.0},{"not_picked":["Guardian:CrystalBeam","Guardian:Reroute","Guardian:PiercingHide+1"],"picked":"SKIP","floor":42},{"not_picked":["Guardian:ShieldCharger","Guardian:Incinerate+1"],"picked":"Guardian:FuturePlans","floor":45},{"not_picked":["Guardian:RollAttack","Guardian:SentryBeam"],"picked":"Guardian:GemFire","floor":48},{"not_picked":["Guardian:Recover","Guardian:PrimingBeam"],"picked":"Guardian:CrystalBeam+1","floor":54}],"player_experience":701746,"relics_obtained":[{"floor":9.0,"key":"Guardian:StasisCodex"},{"floor":23.0,"key":"Kunai"},{"floor":36.0,"key":"Incense Burner"},{"floor":42,"key":"Oddly Smooth Stone"},{"floor":43,"key":"PreservedInsect"},{"floor":44,"key":"Bottled Tornado"},{"floor":48,"key":"StrikeDummy"},{"floor":54,"key":"Bottled Flame"}],"event_choices":[{"damage_healed":0.0,"max_hp_gain":0.0,"max_hp_loss":0.0,"gold_gain":0.0,"event_name":"Shining Light","player_choice":"Entered Light","floor":7.0,"gold_loss":0.0,"damage_taken":16.0,"cards_upgraded":["Guardian:Defend_Guardian","Guardian:PrismaticBarrier"]},{"damage_healed":0.0,"max_hp_gain":0.0,"max_hp_loss":0.0,"gold_gain":30.0,"event_name":"Dead Adventurer","player_choice":"Searched \u00272\u0027 times","floor":8.0,"gold_loss":0.0,"damage_taken":0.0,"relics_obtained":["Guardian:PocketSentry"]},{"damage_healed":0.0,"max_hp_gain":0.0,"max_hp_loss":0.0,"gold_gain":0.0,"event_name":"Lab","player_choice":"Got Potions","floor":10.0,"gold_loss":0.0,"damage_taken":0.0},{"damage_healed":0.0,"max_hp_gain":0.0,"max_hp_loss":0.0,"gold_gain":0.0,"event_name":"Mysterious Sphere","player_choice":"Fight","floor":36.0,"gold_loss":0.0,"damage_taken":0.0},{"damage_healed":0.0,"max_hp_gain":0.0,"max_hp_loss":4.0,"gold_gain":0.0,"event_name":"Winding Halls","player_choice":"Max HP","floor":38.0,"gold_loss":0.0,"damage_taken":0.0},{"damage_healed":0,"gold_gain":0,"player_choice":"Paid","damage_taken":0,"relics_obtained":["Red Mask"],"max_hp_gain":0,"max_hp_loss":0,"event_name":"Tomb of Lord Red Mask","floor":47,"gold_loss":107}],"is_beta":false,"boss_relics":[{"not_picked":["Calling Bell","Fusion Hammer"],"picked":"Philosopher\u0027s Stone"},{"not_picked":["Astrolabe","Pandora\u0027s Box"],"picked":"Guardian:ModeShifterPlus"}],"items_purged_floors":[4,21,31],"is_endless":false,"potions_floor_spawned":[1,5,11,13,18,22,24,30,33,35,48],"killed_by":"The Heart","ascension_level":11}}