{"host":"3j2m8n0ywf988fwb","time":1608244697,"event":{"mods":["Act Like it!","Aspiration","BaseMod","Beaked The Cultist","Better Altar","Better Match","Better Note","Better Sensory Stone","Better Skull","Better Third Choice","CCEM","Colored Map","Colored Powertips","Conspire","Energized Spire","GifTheSpireLib","Googly Eyes","Halation","Hallownest","Highlight Path","Hubris","Jedi Mod","Marisa????????","Marked Mod","Mimic Mod","Minty Spire (QoL Compilation)","Random Character Button","Relic Stats","Replay The Spire","Robot Space Explorer","Shop Mod","Somnambulant","StSLib","Stuff the Spire","The Bug Knight","The Hierophant","The Runesmith","TheFirefly","Unceasing Turn Reminder","everything is the same but u backflip on backflip"],"gold_per_floor":[113,131,131,131,147,147,181,201,225,240,240,240,240],"floor_reached":12,"playtime":529,"items_purged":[],"score":120,"play_id":"a67b095a-cd38-461b-806e-3380fc10b3f0","local_time":"20201217163817","is_ascension_mode":true,"campfire_choices":[{"data":"Neutralize","floor":6,"key":"SMITH"}],"circlet_count":0,"master_deck":["AscendersBane","Strike_G","Strike_G","Strike_G","Defend_G","Defend_G","Defend_G","Defend_G","Defend_G","Survivor","Neutralize+1","ReplayTheSpireMod:Speed Training","Cloak And Dagger","Masterful Stab","StuffTheSpire:Incantation","Dagger Spray","PiercingWail"],"relics":["Ring of the Snake","hubris:Icosahedron","CCEMRelics:Barrel"],"acts_visited":["Exordium"],"potions_floor_usage":[],"damage_taken":[{"damage":16,"enemies":"Cultist","floor":1,"turns":6},{"damage":7,"enemies":"Small Slimes","floor":2,"turns":5},{"damage":0,"enemies":"Jaw Worm","floor":5,"turns":5},{"damage":20,"enemies":"3 Sentries","floor":7,"turns":12},{"damage":8,"enemies":"3 Louse","floor":8,"turns":4},{"damage":0,"enemies":"2 Fungi Beasts","floor":10,"turns":4},{"damage":14,"enemies":"Lagavulin","floor":12,"turns":3}],"seed_played":"-8188117007860149827","potions_obtained":[{"floor":5,"key":"Fire Potion"},{"floor":8,"key":"Strength Potion"}],"is_trial":false,"path_per_floor":["M","M","?","?","M","R","E","M","T","M","?","E"],"character_chosen":"THE_SILENT","items_purchased":[],"campfire_rested":0,"item_purchase_floors":[],"current_hp_per_floor":[54,47,40,40,40,40,20,12,12,12,12,0,0],"gold":240,"neow_bonus":"TEN_PERCENT_HP_BONUS","is_daily":false,"chose_seed":false,"campfire_upgraded":1,"win_rate":0.0,"timestamp":1608244697,"path_taken":["M","M","?","?","M","R","E","?","T","M","?","E"],"items_purchased_type":[],"build_version":"2020-12-13","purchased_purges":0,"victory":false,"max_hp_per_floor":[77,77,77,77,77,77,77,77,77,77,77,77,77],"relic_stats":{"counters":[7,39],"obtain_stats":[{"CCEMRelics:Barrel":7,"hubris:Icosahedron":4,"Ring of the Snake":0},{"CCEMRelics:Barrel":4,"hubris:Icosahedron":2,"Ring of the Snake":0},{"CCEMRelics:Barrel":28,"hubris:Icosahedron":11,"Ring of the Snake":0}],"Ring of the Snake":[14]},"card_choices":[{"not_picked":["Quick Slash","Flechettes"],"picked":"ReplayTheSpireMod:Speed Training","floor":1},{"not_picked":["hubris:SlightOfHand","Hidden Blade"],"picked":"Cloak And Dagger","floor":2},{"not_picked":["jedi:collectorvenom","Sucker Punch"],"picked":"Masterful Stab","floor":5},{"not_picked":["Sucker Punch","StuffTheSpire:BumpUp"],"picked":"StuffTheSpire:Incantation","floor":7},{"not_picked":["Backflip","Bane"],"picked":"Dagger Spray","floor":8},{"not_picked":["Prepared","Backflip"],"picked":"PiercingWail","floor":10}],"player_experience":986677,"relics_obtained":[{"floor":7,"key":"CCEMRelics:Barrel"}],"event_choices":[{"cards_removed":["Strike_G"],"damage_healed":0,"gold_gain":0,"player_choice":"Card Removal","damage_taken":7,"max_hp_gain":0,"max_hp_loss":0,"event_name":"Golden Wing","floor":3,"gold_loss":0},{"cards_removed":["Strike_G"],"damage_healed":0,"gold_gain":0,"player_choice":"Forget","damage_taken":0,"max_hp_gain":0,"max_hp_loss":0,"event_name":"Living Wall","floor":11,"gold_loss":0}],"is_beta":false,"boss_relics":[],"items_purged_floors":[],"is_endless":false,"potions_floor_spawned":[5,8],"killed_by":"Lagavulin","ascension_level":10}}