{"host":"icrrc9b69c1a6188","time":1608163551,"event":{"mods":["BaseMod","Better Altar","Better Match","Better Note","Better Sensory Stone","Better Skull","Better Third Choice","Colored Map","Colored Powertips","Displayed Cursed Tome","Faster Ascension Climbing","HexUI Lib","Minty Spire (QoL Compilation)","Random Character Mod","Spicy Shops","StSLib","Unceasing Turn Reminder"],"gold_per_floor":[114,133,147,147,34,34,59,75,127,127,146,166,166,40,40,116,116,136,150,163,176,187,187,207,207,230,248,23,41,41,53,53,53,53],"floor_reached":33,"playtime":1738,"items_purged":["Pain","Strike_B","Strike_B"],"score":510,"play_id":"265d2e2d-86f1-4553-aa08-ecf59682e1e5","local_time":"20201216180551","is_ascension_mode":true,"campfire_choices":[{"data":"Doom and Gloom","floor":6,"key":"SMITH"},{"data":"Zap","floor":10,"key":"SMITH"},{"data":"Recycle","floor":15,"key":"SMITH"},{"floor":23,"key":"REST"},{"floor":25,"key":"REST"},{"data":"Reinforced Body","floor":30,"key":"SMITH"},{"floor":32,"key":"REST"}],"circlet_count":0,"master_deck":["AscendersBane","Strike_B","Defend_B","Defend_B","Defend_B","Defend_B","Zap+1","Dualcast","Recycle+1","Reinforced Body+1","Leap","Doom and Gloom+1","Barrage+1","Genetic Algorithm","Coolheaded","Gash+1","Streamline+1","All For One+1","Beam Cell+1","Conserve Battery+1","Compile Driver+1","Genetic Algorithm","Stack","Genetic Algorithm","Fission","Streamline+1"],"relics":["Cracked Core","Molten Egg 2","Blood Vial","WarpedTongs","Sozu","Bag of Marbles"],"acts_visited":["Exordium","TheCity"],"potions_floor_usage":[7,12,16,18],"damage_taken":[{"damage":2,"enemies":"Jaw Worm","floor":1,"turns":5},{"damage":7,"enemies":"Cultist","floor":2,"turns":4},{"damage":0,"enemies":"2 Louse","floor":3,"turns":3},{"damage":18,"enemies":"3 Sentries","floor":7,"turns":5},{"damage":2,"enemies":"Looter","floor":8,"turns":3},{"damage":3,"enemies":"2 Fungi Beasts","floor":11,"turns":4},{"damage":11,"enemies":"Large Slime","floor":12,"turns":7},{"damage":19,"enemies":"Hexaghost","floor":16,"turns":10},{"damage":1,"enemies":"Spheric Guardian","floor":18,"turns":3},{"damage":14,"enemies":"Shell Parasite","floor":19,"turns":4},{"damage":7,"enemies":"Cultist and Chosen","floor":20,"turns":4},{"damage":19,"enemies":"Snake Plant","floor":21,"turns":3},{"damage":19,"enemies":"Chosen and Byrds","floor":22,"turns":7},{"damage":5,"enemies":"Centurion and Healer","floor":24,"turns":6},{"damage":25,"enemies":"Shelled Parasite and Fungi","floor":27,"turns":5},{"damage":0,"enemies":"3 Cultists","floor":29,"turns":4},{"damage":13,"enemies":"Cultist and Chosen","floor":31,"turns":7},{"damage":82,"enemies":"Champ","floor":33,"turns":12}],"seed_played":"-6909397972495193745","potions_obtained":[{"floor":0,"key":"SkillPotion"},{"floor":0,"key":"Weak Potion"},{"floor":11,"key":"AttackPotion"},{"floor":16,"key":"GamblersBrew"}],"is_trial":false,"path_per_floor":["M","M","M","?","$","R","E","M","T","R","M","M","?","$","R","B",null,"M","M","M","M","M","R","M","R","T","M","$","M","R","M","R","B"],"character_chosen":"DEFECT","items_purchased":["Doom and Gloom","Streamline+1"],"campfire_rested":3,"item_purchase_floors":[5,14],"current_hp_per_floor":[62,55,55,55,55,55,37,35,35,35,34,25,25,25,25,8,55,56,44,39,22,5,26,23,44,44,21,21,23,23,12,33,0,0],"gold":53,"neow_bonus":"THREE_SMALL_POTIONS","is_daily":false,"chose_seed":false,"campfire_upgraded":4,"win_rate":0.0,"timestamp":1608163551,"path_taken":["M","M","M","?","$","R","E","?","T","R","M","M","?","$","R","BOSS","M","?","M","M","M","R","M","R","T","M","$","M","R","M","R","BOSS"],"items_purchased_type":["Card","Card"],"build_version":"2020-12-13","purchased_purges":3,"victory":false,"max_hp_per_floor":[71,71,71,71,71,71,71,71,71,71,71,71,71,71,71,71,71,71,71,71,71,71,71,71,71,71,71,71,71,71,71,71,71,71],"card_choices":[{"not_picked":["Leap","FTL"],"picked":"Recycle","floor":1},{"not_picked":["Compile Driver","Hologram"],"picked":"Reinforced Body","floor":2},{"not_picked":["Stack","Barrage"],"picked":"Leap","floor":3},{"not_picked":["Reinforced Body","Chaos"],"picked":"Barrage+1","floor":7},{"not_picked":["Stack","Conserve Battery"],"picked":"Genetic Algorithm","floor":8},{"not_picked":["Loop","Steam"],"picked":"Coolheaded","floor":11},{"not_picked":["Leap","Hologram"],"picked":"Gash+1","floor":12},{"not_picked":["Electrodynamics","Thunder Strike+1"],"picked":"All For One+1","floor":16},{"not_picked":["Conserve Battery","Sweeping Beam+1"],"picked":"Beam Cell+1","floor":18},{"not_picked":["Turbo","Rebound+1"],"picked":"Conserve Battery+1","floor":19},{"not_picked":["Ball Lightning+1","Force Field"],"picked":"Compile Driver+1","floor":20},{"not_picked":["Redo","Lockon+1"],"picked":"Genetic Algorithm","floor":21},{"not_picked":["Lockon+1","Redo"],"picked":"Stack","floor":22},{"not_picked":["Hologram","Blizzard+1"],"picked":"Genetic Algorithm","floor":24},{"not_picked":["Hello World","Aggregate","Beam Cell+1"],"picked":"SKIP","floor":27},{"not_picked":["Redo","Sunder+1"],"picked":"Fission","floor":29},{"not_picked":["Sweeping Beam+1","Chaos+1"],"picked":"Streamline+1","floor":31}],"player_experience":660380,"relics_obtained":[{"floor":7,"key":"Molten Egg 2"},{"floor":9,"key":"Blood Vial"},{"floor":26,"key":"Bag of Marbles"}],"event_choices":[{"cards_removed":["Strike_B"],"damage_healed":0,"gold_gain":0,"player_choice":"Offered Basic","damage_taken":0,"max_hp_gain":0,"max_hp_loss":0,"event_name":"Bonfire Elementals","floor":4,"gold_loss":0},{"damage_healed":0,"gold_gain":0,"player_choice":"Rummage","damage_taken":0,"relics_obtained":["WarpedTongs"],"max_hp_gain":0,"max_hp_loss":0,"event_name":"Accursed Blacksmith","floor":13,"gold_loss":0,"cards_obtained":["Pain"]}],"is_beta":false,"boss_relics":[{"not_picked":["Tiny House","Empty Cage"],"picked":"Sozu"}],"items_purged_floors":[14,28,28],"is_endless":false,"potions_floor_spawned":[1,2,11,16,18,21,22,27],"killed_by":"Champ","ascension_level":20}}