{"host":"3mdjmozz5rahgtdc","time":1608218774,"event":{"mods":["AchievementEnabler","BaseMod","Better Silent Start","Better-Laid Plans","Colored Map","Colored Powertips","Custom Start","DeckTracker","Emptier Cage","KOR Keyword Fix","Keyboard Shortcuts","Minty Spire (QoL Compilation)","Permanent Neow","Quick Restart","StSLib","SuperFastMode"],"gold_per_floor":[113,124,124,124,139,139,149,149,173,207,225,244,244,277,277,375,375,394,394,394,394,210,210,244,216,216,166,166,166,198,211,211,211,211],"floor_reached":33,"playtime":702,"items_purged":["Strike_R"],"score":435,"play_id":"6ba61e67-d37a-42be-8afd-700b35960c4a","local_time":"20201218002614","is_ascension_mode":true,"campfire_choices":[{"data":"Apotheosis","floor":6,"key":"SMITH"},{"data":"Searing Blow","floor":8,"key":"SMITH"},{"data":"Searing Blow+1","floor":13,"key":"SMITH"},{"data":"Searing Blow+2","floor":15,"key":"SMITH"},{"data":"Searing Blow+3","floor":23,"key":"SMITH"},{"data":"Searing Blow+4","floor":29,"key":"SMITH"},{"data":"Searing Blow+5","floor":32,"key":"SMITH"}],"circlet_count":0,"master_deck":["Strike_R","Strike_R","Strike_R","Defend_R","Defend_R","Defend_R","Defend_R","Bash","Shame","Apotheosis+1","Carnage","Shockwave","Searing Blow+6","Ghostly Armor","Evolve","Double Tap","Infernal Blade+1","Ghostly","Ghostly","Ghostly","Ghostly","Ghostly","Armaments+1","Headbutt+1"],"relics":["Black Blood","Anchor","Juzu Bracelet","Blood Vial","FaceOfCleric","Boot","Membership Card","Art of War","Gremlin Horn","Bird Faced Urn"],"acts_visited":["Exordium","TheCity"],"potions_floor_usage":[24,25,33,33],"damage_taken":[{"damage":7,"enemies":"2 Louse","floor":1,"turns":4},{"damage":2,"enemies":"Cultist","floor":2,"turns":4},{"damage":4,"enemies":"Jaw Worm","floor":5,"turns":3},{"damage":6,"enemies":"Red Slaver","floor":7,"turns":4},{"damage":18,"enemies":"Gremlin Nob","floor":10,"turns":3},{"damage":13,"enemies":"Gremlin Gang","floor":11,"turns":6},{"damage":13,"enemies":"Blue Slaver","floor":12,"turns":5},{"damage":6,"enemies":"Lagavulin","floor":14,"turns":7},{"damage":20,"enemies":"Hexaghost","floor":16,"turns":9},{"damage":16,"enemies":"Spheric Guardian","floor":18,"turns":4},{"damage":23,"enemies":"Slavers","floor":24,"turns":7},{"damage":2,"enemies":"2 Thieves","floor":25,"turns":5},{"damage":26,"enemies":"Book of Stabbing","floor":30,"turns":7},{"damage":1,"enemies":"Snecko","floor":31,"turns":5},{"damage":22,"enemies":"Collector","floor":33,"turns":7}],"seed_played":"-1529410223183394595","potions_obtained":[{"floor":1,"key":"BloodPotion"},{"floor":2,"key":"Swift Potion"},{"floor":14,"key":"Swift Potion"},{"floor":24,"key":"SmokeBomb"},{"floor":25,"key":"Fruit Juice"},{"floor":30,"key":"Swift Potion"}],"is_trial":false,"path_per_floor":["M","M","?","?","M","R","M","R","T","E","M","M","R","E","R","B",null,"M","?","?","?","$","R","E","M","T","?","T","R","E","M","R","B"],"character_chosen":"IRONCLAD","items_purchased":["Membership Card"],"campfire_rested":0,"item_purchase_floors":[22],"current_hp_per_floor":[71,75,68,68,70,70,70,70,70,58,51,44,44,44,44,32,68,66,66,40,40,40,40,38,47,47,47,47,47,34,49,49,27,27],"gold":211,"neow_bonus":"RANDOM_COLORLESS_2","is_daily":false,"chose_seed":false,"campfire_upgraded":7,"win_rate":0.0,"timestamp":1608218774,"path_taken":["M","M","?","?","M","R","M","R","T","E","M","M","R","E","R","BOSS","M","?","?","?","?","R","E","M","T","?","?","R","E","M","R","BOSS"],"items_purchased_type":["Relic"],"build_version":"2020-12-13","purchased_purges":1,"victory":false,"max_hp_per_floor":[80,80,80,80,80,80,80,80,80,80,80,80,80,80,80,80,80,80,80,40,40,40,40,41,47,47,47,47,47,48,49,49,49,49],"card_choices":[{"not_picked":["Panache","HandOfGreed"],"picked":"Apotheosis","floor":0.0},{"not_picked":["Second Wind","True Grit"],"picked":"Carnage","floor":1},{"not_picked":["Clothesline","Sword Boomerang"],"picked":"Shockwave","floor":2},{"not_picked":["Dark Embrace","Heavy Blade"],"picked":"Searing Blow","floor":5},{"not_picked":["Rage","Spot Weakness"],"picked":"Ghostly Armor","floor":7},{"not_picked":["Intimidate","Combust","Shockwave"],"picked":"SKIP","floor":10},{"not_picked":["Combust","Rupture"],"picked":"Evolve","floor":11},{"not_picked":["Cleave","Dropkick","Sentinel"],"picked":"SKIP","floor":12},{"not_picked":["Blood for Blood","Clash","Entrench"],"picked":"SKIP","floor":14},{"not_picked":["Impervious","Juggernaut"],"picked":"Double Tap","floor":16},{"not_picked":["Combust","Flame Barrier","Infernal Blade+1"],"picked":"SKIP","floor":18},{"not_picked":["Combust","Flame Barrier"],"picked":"Infernal Blade+1","floor":18},{"not_picked":["Anger","Infernal Blade"],"picked":"Armaments+1","floor":24},{"not_picked":["Armaments+1","Anger+1"],"picked":"Headbutt+1","floor":25},{"not_picked":["Flex","Double Tap","Evolve"],"picked":"SKIP","floor":30},{"not_picked":["Flex","Sword Boomerang","Clash+1"],"picked":"SKIP","floor":31},{"not_picked":["Flex","Sword Boomerang","Clash+1"],"picked":"SKIP","floor":31}],"player_experience":304391,"relics_obtained":[{"floor":9,"key":"Anchor"},{"floor":10,"key":"Juzu Bracelet"},{"floor":14,"key":"Blood Vial"},{"floor":21,"key":"Boot"},{"floor":24,"key":"Art of War"},{"floor":28,"key":"Gremlin Horn"},{"floor":30,"key":"Bird Faced Urn"}],"event_choices":[{"cards_removed":["Strike_R"],"damage_healed":0,"gold_gain":0,"player_choice":"Card Removal","damage_taken":7,"max_hp_gain":0,"max_hp_loss":0,"event_name":"Golden Wing","floor":3,"gold_loss":0},{"damage_healed":0,"gold_gain":0,"player_choice":"0 cards matched","damage_taken":0,"max_hp_gain":0,"max_hp_loss":0,"event_name":"Match and Keep!","floor":4,"gold_loss":0,"cards_obtained":[]},{"damage_healed":0,"gold_gain":0,"player_choice":"Trade","damage_taken":0,"relics_obtained":["FaceOfCleric"],"max_hp_gain":0,"max_hp_loss":0,"event_name":"FaceTrader","floor":19,"gold_loss":0},{"damage_healed":0,"gold_gain":0,"player_choice":"Became a Ghost","damage_taken":0,"max_hp_gain":0,"max_hp_loss":40,"event_name":"Ghosts","floor":20,"gold_loss":0,"cards_obtained":["Ghostly","Ghostly","Ghostly","Ghostly","Ghostly"]},{"damage_healed":0,"gold_gain":0,"player_choice":"Relic","damage_taken":0,"max_hp_gain":0,"max_hp_loss":0,"event_name":"Wheel of Change","floor":21,"gold_loss":0},{"damage_healed":0,"gold_gain":0,"player_choice":"Bet on Murderer","damage_taken":0,"max_hp_gain":0,"max_hp_loss":0,"event_name":"The Joust","floor":27,"gold_loss":50}],"is_beta":false,"boss_relics":[{"not_picked":["Astrolabe","Runic Dome"],"picked":"Black Blood"}],"items_purged_floors":[22],"is_endless":false,"potions_floor_spawned":[1,2,14,24,25,30],"killed_by":"Collector","ascension_level":8}}