{"host":"sav7uxregyirlf69","time":1608173852,"event":{"mods":["AchievementEnabler","BaseMod","Colored Map","DeckTracker","Keyboard Shortcuts","Minty Spire (QoL Compilation)","READ ME - Guardian Mod","StSLib","SuperFastMode"],"gold_per_floor":[11,11,23,23,43,43,54,54,54],"floor_reached":8,"playtime":126,"items_purged":[],"score":96,"play_id":"e99cd9b1-222c-4d77-88e4-74a17a10c55c","local_time":"20201217115732","is_ascension_mode":true,"campfire_choices":[{"data":"Noxious Fumes","floor":6,"key":"SMITH"}],"circlet_count":0,"master_deck":["AscendersBane","Strike_G","Strike_G","Strike_G","Defend_G","Defend_G","Defend_G","Defend_G","Survivor","Neutralize","Blade Dance","Backstab","Blur","Noxious Fumes+1","Poisoned Stab"],"relics":["Ring of the Snake","Ancient Tea Set"],"acts_visited":["Exordium"],"potions_floor_usage":[],"damage_taken":[{"damage":1,"enemies":"Small Slimes","floor":1,"turns":4},{"damage":0,"enemies":"Jaw Worm","floor":3,"turns":3},{"damage":2,"enemies":"2 Louse","floor":5,"turns":3},{"damage":3,"enemies":"Blue Slaver","floor":7,"turns":4},{"damage":27,"enemies":"Gremlin Nob","floor":8,"turns":3}],"seed_played":"1437312969452558506","potions_obtained":[{"floor":1,"key":"Weak Potion"},{"floor":7,"key":"GamblersBrew"}],"is_trial":false,"path_per_floor":["M","?","M","?","M","R","M","E"],"character_chosen":"THE_SILENT","items_purchased":[],"campfire_rested":0,"item_purchase_floors":[],"current_hp_per_floor":[58,58,58,23,21,21,18,0,0],"gold":54,"neow_bonus":"REMOVE_TWO","is_daily":false,"chose_seed":false,"campfire_upgraded":1,"win_rate":0.0,"timestamp":1608173852,"path_taken":["M","?","M","?","M","R","M","E"],"items_purchased_type":[],"build_version":"2020-12-13","purchased_purges":0,"victory":false,"max_hp_per_floor":[66,66,66,66,66,66,66,66,66],"card_choices":[{"not_picked":["Catalyst","Leg Sweep"],"picked":"Blade Dance","floor":1},{"not_picked":["Sucker Punch","Dagger Throw"],"picked":"Blur","floor":3},{"not_picked":["Dagger Spray","Masterful Stab"],"picked":"Noxious Fumes","floor":5},{"not_picked":["Riddle With Holes","Deadly Poison"],"picked":"Poisoned Stab","floor":7}],"player_experience":933485,"relics_obtained":[],"event_choices":[{"damage_healed":0,"gold_gain":0,"cards_transformed":["Strike_G"],"player_choice":"Change","damage_taken":0,"max_hp_gain":0,"max_hp_loss":0,"event_name":"Living Wall","floor":2,"gold_loss":0,"cards_obtained":["Backstab"]},{"damage_healed":0,"gold_gain":0,"player_choice":"Success","damage_taken":35,"relics_obtained":["Ancient Tea Set"],"max_hp_gain":0,"max_hp_loss":0,"event_name":"Scrap Ooze","floor":4,"gold_loss":0}],"is_beta":false,"boss_relics":[],"items_purged_floors":[],"is_endless":false,"potions_floor_spawned":[1,7],"killed_by":"Gremlin Nob","ascension_level":20}}