{"host":"s16kfpesqt7yg83z","time":1608177689,"event":{"mods":["Act Like it!","BaseMod","Colored Map","DeckTracker","Downfall","Minty Spire (QoL Compilation)","Permanent Neow","Quick Restart","StSLib"],"gold_per_floor":[99,99,99,119,138,163,163,197,197,122,142,6,6,6,23,126,126,126,141,241,269,269,269,269,295,313,343,180,180,190,290,306,410,410,335,352,352,352,352,378,378,378,412,337,323,323,373,70,84,84,84,114,12,12,12,12],"floor_reached":55,"playtime":3044,"items_purged":["Guardian:Strike_Guardian","Pain","Guardian:Strike_Guardian","Guardian:Strike_Guardian"],"score":1129,"play_id":"086befe9-3317-469a-aeca-2f39490b2063","local_time":"20201217130129","is_ascension_mode":true,"campfire_choices":[{"data":"expansioncontent:CaCaw","floor":1.0,"key":"SMITH"},{"floor":3.0,"key":"RECALL"},{"data":"Guardian:TwinSlam","floor":10.0,"key":"SMITH"},{"data":"Guardian:CompilePackage","floor":18.0,"key":"SMITH"},{"data":"Guardian:VentSteam","floor":23.0,"key":"SMITH"},{"data":"Enlightenment","floor":35,"key":"SMITH"},{"data":"Guardian:RevengeProtocol","floor":44,"key":"SMITH"},{"floor":54,"key":"REST"}],"circlet_count":0,"master_deck":["Guardian:Defend_Guardian","Guardian:Defend_Guardian","Guardian:Defend_Guardian","Guardian:Defend_Guardian","Guardian:CurlUp","Guardian:TwinSlam+1","expansioncontent:CaCaw+1","Guardian:VentSteam+1","Guardian:Incinerate","Guardian:SentryBeam+1","Guardian:PolyBeam+1","Guardian:CompilePackage+1","Guardian:RollAttack+1","Guardian:PrimingBeam+1","Guardian:FloatingOrbs+1","Guardian:GuardianWhirl+1","Guardian:DonusPower","Guardian:DecasProtection","Guardian:Gem_Lightblue","Guardian:Gem_Red","Guardian:StasisField","Guardian:PrimingBeam+1","Guardian:Gem_Red","Enlightenment+1","Guardian:PrimingBeam+1","Guardian:RevengeProtocol+1","CurseOfTheBell","Guardian:ArmoredProtocol+1","Guardian:SpikerProtocol","Guardian:EvasiveProtocol","Guardian:BronzeArmor","expansioncontent:DarkVoid+1","Guardian:Gem_Yellow","Guardian:PrimingBeam+1","Guardian:PolyBeam+1","Guardian:EvasiveProtocol","expansioncontent:CaCaw+1","Guardian:Orbwalk","Guardian:Gem_Purple"],"relics":["Guardian:ModeShifter","Smiling Mask","Molten Egg 2","Juzu Bracelet","downfall:HeartBlessingRed","Guardian:StasisSlotReductionRelic","Mango","Pocketwatch","Centennial Puzzle","Toy Ornithopter","Orrery","downfall:GremlinSack","Calling Bell","PreservedInsect","Sundial","Turnip","downfall:HeartBlessingGreen","Incense Burner","Meat on the Bone","Girya","downfall:HeartBlessingBlue","StoneCalendar","DollysMirror","Anchor"],"acts_visited":["Exordium","TheCity","TheBeyond","TheEnding"],"potions_floor_usage":[40,40,50,55],"damage_taken":[{"damage":4.0,"enemies":"2 Louse","floor":4.0,"turns":4.0},{"damage":2.0,"enemies":"Jaw Worm","floor":5.0,"turns":4.0},{"damage":19.0,"enemies":"Gremlin Nob","floor":6.0,"turns":5.0},{"damage":14.0,"enemies":"Lagavulin","floor":8.0,"turns":7.0},{"damage":1.0,"enemies":"Cultist","floor":11.0,"turns":3.0},{"damage":5.0,"enemies":"downfall:FleeingMerchant","floor":12.0,"turns":4.0},{"damage":13.0,"enemies":"Exordium Thugs","floor":15.0,"turns":4.0},{"damage":10.0,"enemies":"downfall:Watcher","floor":16.0,"turns":6.0},{"damage":0.0,"enemies":"Shell Parasite","floor":19.0,"turns":3.0},{"damage":6.0,"enemies":"Gremlin Leader","floor":21.0,"turns":5.0},{"damage":12.0,"enemies":"Slavers","floor":25.0,"turns":4.0},{"damage":6.0,"enemies":"3 Cultists","floor":26.0,"turns":3.0},{"damage":14.0,"enemies":"Gremlin Leader","floor":27.0,"turns":3.0},{"damage":0.0,"enemies":"downfall:FleeingMerchant","floor":28.0,"turns":4.0},{"damage":14.0,"enemies":"Snake Plant","floor":30.0,"turns":4.0},{"damage":5.0,"enemies":"Snake Plant","floor":31.0,"turns":3.0},{"damage":18.0,"enemies":"Shelled Parasite and Fungi","floor":32.0,"turns":4.0},{"damage":46.0,"enemies":"downfall:Ironclad","floor":33.0,"turns":6.0},{"damage":0,"enemies":"Orb Walker","floor":36,"turns":2},{"damage":25,"enemies":"Reptomancer","floor":40,"turns":4},{"damage":7,"enemies":"Giant Head","floor":43,"turns":8},{"damage":0,"enemies":"downfall:FleeingMerchant","floor":45,"turns":1},{"damage":1,"enemies":"Mind Bloom Boss Battle","floor":47,"turns":6},{"damage":6,"enemies":"3 Darklings","floor":49,"turns":5},{"damage":16,"enemies":"downfall:Defect","floor":50,"turns":6},{"damage":78,"enemies":"downfall:CharBossMerchant","floor":52,"turns":10},{"damage":69,"enemies":"downfall:NeowBoss","floor":55,"turns":13}],"seed_played":"-7917972369430484607","potions_obtained":[{"floor":4.0,"key":"FearPotion"},{"floor":8.0,"key":"champ:CounterPotion"},{"floor":11.0,"key":"Explosive Potion"},{"floor":13.0,"key":"FairyPotion"},{"floor":15.0,"key":"Regen Potion"},{"floor":16.0,"key":"champ:CounterPotion"},{"floor":25.0,"key":"Regen Potion"},{"floor":31.0,"key":"sneckomod:MuddlingPotion"},{"floor":32.0,"key":"Energy Potion"},{"floor":47,"key":"GamblersBrew"}],"is_trial":false,"path_per_floor":["R","?","R","M","M","E","T","E","?","R","M","$","?","?","M","B",null,"R","M","?","E","?","R","T","E","M","E","$","?","M","?","M","B",null,"R","M","?","?","T","E","T","?","E","R","$","?","?","$","M","B",null,"E","$","R","B"],"character_chosen":"GUARDIAN","items_purchased":["Guardian:PolyBeam+1","Orrery","Swift Potion","Guardian:EvasiveProtocol","Guardian:BronzeArmor","expansioncontent:DarkVoid+1","Guardian:PolyBeam+1","Guardian:EvasiveProtocol","DollysMirror","SteroidPotion"],"campfire_rested":1,"item_purchase_floors":[12,28,45,45,45,45,48,48,48,53],"current_hp_per_floor":[72,77,77,73,71,52,52,38,38,38,37,32,32,32,19,24,70,70,70,70,78,78,78,78,66,60,46,46,46,51,51,33,29,82,82,82,82,82,82,67,67,67,60,70,70,70,69,69,63,64,98,32,32,64,0,0],"gold":12,"neow_bonus":"RANDOM_COLORLESS","is_daily":false,"chose_seed":false,"campfire_upgraded":6,"win_rate":0.0,"timestamp":1608177689,"path_taken":["R","?","R","M","M","E","T","E","?","R","M","$","?","?","M","BOSS","R","M","?","E","?","R","T","E","M","E","$","?","M","?","M","BOSS","R","M","?","?","?","E","T","?","E","R","$","?","?","$","M","BOSS","E","$","R","BOSS"],"items_purchased_type":["Card","Relic","Potion","Card","Card","Card","Card","Card","Relic","Potion"],"build_version":"2020-12-13","purchased_purges":4,"victory":false,"max_hp_per_floor":[80,85,85,85,85,85,85,85,85,85,85,85,85,85,85,85,85,85,85,85,99,99,99,99,99,99,99,99,99,99,99,99,99,99,99,99,99,99,99,99,99,99,99,109,109,109,109,109,109,109,109,109,109,109,109,109],"card_choices":[{"not_picked":["expansioncontent:YouAreMine","expansioncontent:GoopSpray"],"picked":"expansioncontent:CaCaw","floor":0.0},{"not_picked":["Guardian:CrystalBeam","Guardian:RollAttack"],"picked":"Guardian:VentSteam","floor":4.0},{"not_picked":["Guardian:FloatingOrbs","Guardian:WalkerClaw"],"picked":"Guardian:Incinerate","floor":5.0},{"not_picked":["Guardian:StasisEngine","Guardian:Recover"],"picked":"Guardian:Gem_Cyan","floor":6.0},{"not_picked":["Guardian:Planning","Guardian:EvasiveProtocol"],"picked":"Guardian:Gem_Fragmented","floor":8.0},{"not_picked":["Guardian:TemporalShield","Guardian:VentSteam","Guardian:CrystalBeam+1"],"picked":"SKIP","floor":11.0},{"not_picked":["Guardian:PrismaticBarrier","Guardian:PrismaticBeam+1"],"picked":"Guardian:SentryBeam+1","floor":12.0},{"not_picked":["Guardian:TemporalShield","Guardian:Gem_Green"],"picked":"Guardian:Gem_White","floor":15.0},{"not_picked":["Guardian:FastForward","Guardian:ExploitGems"],"picked":"Guardian:CompilePackage","floor":16.0},{"not_picked":["Guardian:Incinerate+1","Guardian:Gem_Yellow"],"picked":"Guardian:Gem_White","floor":19.0},{"not_picked":["Guardian:Gem_Green","Guardian:Reroute+1"],"picked":"Guardian:Gem_Lightblue","floor":21.0},{"not_picked":["Guardian:TimeSifter","Guardian:Recover+1"],"picked":"Guardian:RollAttack+1","floor":25.0},{"not_picked":["Guardian:TemporalStrike+1","Guardian:PiercingHide","Guardian:Gem_Lightblue"],"picked":"SKIP","floor":26.0},{"not_picked":["Guardian:StasisField","Guardian:PrismaticBeam+1"],"picked":"Guardian:PrimingBeam+1","floor":27.0},{"not_picked":["Guardian:VentSteam","Guardian:TemporalShield"],"picked":"Guardian:FloatingOrbs+1","floor":28.0},{"not_picked":["Guardian:WalkerClaw+1","Guardian:Preprogram"],"picked":"Guardian:Gem_Fragmented","floor":28.0},{"not_picked":["Guardian:Suspension","Guardian:Gem_Red"],"picked":"Guardian:GuardianWhirl+1","floor":28.0},{"not_picked":["Guardian:RollAttack+1","Guardian:Gem_Fragmented"],"picked":"Guardian:DonusPower","floor":28.0},{"not_picked":["Guardian:WalkerClaw+1","Guardian:CrystalBeam+1"],"picked":"Guardian:Gem_Cyan","floor":28.0},{"not_picked":["Guardian:ExploitGems","Guardian:Gem_Cyan"],"picked":"Guardian:DecasProtection","floor":28.0},{"not_picked":["Guardian:Suspension+1","Guardian:ChargeCore+1","Guardian:PiercingHide+1"],"picked":"SKIP","floor":30.0},{"not_picked":["Guardian:Incinerate+1","Guardian:ConstructionForm"],"picked":"Guardian:PrimingBeam+1","floor":32.0},{"not_picked":["Guardian:SphericShield","Guardian:GemFire+1"],"picked":"Guardian:RevengeProtocol","floor":33.0},{"not_picked":["Guardian:Gem_Fragmented","Guardian:Gem_Red"],"picked":"Guardian:ArmoredProtocol+1","floor":36},{"not_picked":["Guardian:ChargeCore+1","Guardian:Gem_Lightblue"],"picked":"Guardian:SpikerProtocol","floor":40},{"not_picked":["Guardian:Reroute+1","Guardian:ChargeCore+1","Guardian:FuturePlans+1"],"picked":"SKIP","floor":43},{"not_picked":["Guardian:BronzeOrb+1","Guardian:Incinerate+1","Guardian:RefractedBeam+1"],"picked":"SKIP","floor":45},{"not_picked":["Guardian:VentSteam","Guardian:CompilePackage"],"picked":"Guardian:PrimingBeam+1","floor":47},{"not_picked":["Guardian:Gem_Lightblue","Guardian:ChargeCore+1"],"picked":"Guardian:Orbwalk","floor":49},{"not_picked":["Guardian:CrystalBeam+1","Guardian:Reroute+1"],"picked":"Guardian:Gem_Purple","floor":52}],"player_experience":1405944,"relics_obtained":[{"floor":6.0,"key":"Smiling Mask"},{"floor":7.0,"key":"Molten Egg 2"},{"floor":8.0,"key":"Juzu Bracelet"},{"floor":21.0,"key":"Mango"},{"floor":24.0,"key":"Pocketwatch"},{"floor":25.0,"key":"Centennial Puzzle"},{"floor":27.0,"key":"Toy Ornithopter"},{"floor":31.0,"key":"downfall:GremlinSack"},{"floor":34,"key":"PreservedInsect"},{"floor":34,"key":"Sundial"},{"floor":34,"key":"Turnip"},{"floor":40,"key":"Incense Burner"},{"floor":41,"key":"Meat on the Bone"},{"floor":43,"key":"Girya"},{"floor":47,"key":"StoneCalendar"},{"floor":52,"key":"Anchor"}],"event_choices":[{"damage_healed":0.0,"max_hp_gain":5.0,"max_hp_loss":0.0,"gold_gain":0.0,"event_name":"Big Fish","player_choice":"Donut","floor":2.0,"gold_loss":0.0,"damage_taken":0.0},{"damage_healed":0.0,"max_hp_gain":0.0,"max_hp_loss":0.0,"gold_gain":0.0,"event_name":"Lab","player_choice":"Got Potions","floor":13.0,"gold_loss":0.0,"damage_taken":0.0},{"damage_healed":0,"gold_gain":0,"player_choice":"Ignored","damage_taken":0,"max_hp_gain":0,"max_hp_loss":0,"event_name":"Mysterious Sphere","floor":42,"gold_loss":0}],"is_beta":false,"boss_relics":[{"not_picked":["Coffee Dripper","Black Star"],"picked":"Guardian:StasisSlotReductionRelic"},{"not_picked":["SacredBark","Velvet Choker"],"picked":"Calling Bell"}],"items_purged_floors":[12,45,48,53],"is_endless":false,"potions_floor_spawned":[4,8,11,15,16,21,25,27,31,32,47],"killed_by":"downfall:NeowBoss","ascension_level":8}}