{"host":"4qt77pm52ljaz00q","time":1608211326,"event":{"mods":["2.2 Compatiblity","Aspiration","Bard","BaseMod","Beaked The Cultist","Challenge The Spire","ChefMod","Colored Map","Conspire","Friendly Minions","Glutton Mod","Halation","Hermit","Hubris","Infinite Spire","Jedi Mod","Marisa????????","Minty Spire (QoL Compilation)","Permanent Neow","Relic Sorter","Replay The Spire","Robot Space Explorer","Shade Mod","Shop Mod","StSLib","The Bug Knight","The Construct","The Disciple","The Dragon Tamer","The Jungle","The Mystic","The Poker Player","The Runesmith","The Servant 0.9.4","Unknown Chances","Wandering Minibosses","vexMod"],"gold_per_floor":[109,27,27,40,0,28,46,46,95,130,205,222,233,50,50,153,153,170,77,89,89,89,89,89],"floor_reached":22,"playtime":991,"items_purged":[],"score":269,"play_id":"369dc35f-0996-4587-a706-2fba1c08c7f3","local_time":"20201217082206","is_ascension_mode":false,"metric_token":2387,"campfire_choices":[{"data":"Replay:BasicMightCard","floor":8,"key":"SMITH"},{"floor":15,"key":"DIG"}],"dtmod_dragon_data":[28,50,3,-1,14,0],"circlet_count":0,"master_deck":["DTMod:Strike","DTMod:Strike","DTMod:Strike","DTMod:Strike","DTMod:DoubleHit","DTMod:TargetDefense","DTMod:TargetDefense","DTMod:TargetDefense","DTMod:TargetDefense","DTMod:SwitchingTactic","DTMod:RecklessFlurry","DTMod:BalancedStrike","Replay:BasicMightCard+1","DTMod:Overwhelm","DTMod:SneakAttack","DTMod:ForkedFire","DTMod:Training","DTMod:BreakAttack","DTMod:MaximumCharge","DTMod:ComboAttack","DTMod:TagTeam","DTMod:ShadowImage","DTMod:Training","DTMod:ComboAttack","DTMod:ShieldDrain+1"],"relics":["DTMod:PactStone","NeowsBlessing","aspiration:EmptySkull","Centennial Puzzle","halation:KoshaPiece","halation:Jellyphish","Bronze Scales","hubris:TerracottaHorce","wanderingMiniBosses:AbyssPearl"],"acts_visited":["Exordium","TheCity"],"potions_floor_usage":[12,12,12,18],"damage_taken":[{"damage":0,"enemies":"Jaw Worm","floor":1,"turns":1},{"damage":0,"enemies":"Cultist","floor":4,"turns":1},{"damage":0,"enemies":"Replay:BlueRogue","floor":6,"turns":1},{"damage":0,"enemies":"Small Slimes","floor":7,"turns":2},{"damage":5,"enemies":"3 Sentries","floor":10,"turns":5},{"damage":0,"enemies":"3 Louse","floor":12,"turns":5},{"damage":20,"enemies":"Blue Slaver","floor":13,"turns":5},{"damage":25,"enemies":"Slime Boss","floor":16,"turns":8},{"damage":10,"enemies":"conspire:FuzzyDice","floor":18,"turns":6},{"damage":1,"enemies":"Spheric Guardian","floor":20,"turns":3}],"seed_played":"6361535566462481431","potions_obtained":[{"floor":4,"key":"Adrenaline Potion"},{"floor":7,"key":"jedi:StrikingPotion"},{"floor":10,"key":"FearPotion"},{"floor":16,"key":"Adrenaline Potion"}],"is_trial":false,"path_per_floor":["M","$","?","M","$","E","M","R","T","E","?","M","M","$","R_BF","B",null,"M","$","M","?","?"],"character_chosen":"THE_DT","items_purchased":["DTMod:BalancedStrike","DTMod:ForkedFire","halation:Jellyphish","DTMod:TagTeam","DTMod:Training","DTMod:ComboAttack"],"campfire_rested":0,"item_purchase_floors":[2,5,14,14,19,19],"current_hp_per_floor":[45,45,45,45,45,45,45,45,45,40,36,36,16,16,16,21,62,52,52,51,51,51,51,51],"gold":89,"neow_bonus":"THREE_ENEMY_KILL","is_daily":false,"chose_seed":false,"campfire_upgraded":1,"win_rate":0.0,"timestamp":1608211326,"path_taken":["M","$","?","M","$","E","?","R","T","E","?","?","?","$","R_BF","BOSS","M","?","?","?","?"],"items_purchased_type":["Card","Card","Relic","Card","Card","Card"],"build_version":"2020-12-13","purchased_purges":0,"victory":false,"max_hp_per_floor":[45,45,45,45,45,45,45,45,45,45,45,45,45,45,45,75,75,75,75,75,75,75,75,75],"card_choices":[{"not_picked":["DTMod:Astonish","DTMod:BurningEnergy"],"picked":"DTMod:RecklessFlurry","floor":1},{"not_picked":["DTMod:FlameSlash","DTMod:Dissolve"],"picked":"DTMod:SneakAttack","floor":4},{"not_picked":["DTMod:MagicField","DTMod:PurifyingFlame"],"picked":"DTMod:Training","floor":6},{"not_picked":["DTMod:MagicField","DTMod:Hide","DTMod:QuickFly"],"picked":"SKIP","floor":7},{"not_picked":["DTMod:LowKick","DTMod:Feint"],"picked":"DTMod:BreakAttack","floor":10},{"not_picked":["DTMod:DeepFocus","DTMod:Cover"],"picked":"DTMod:MaximumCharge","floor":12},{"not_picked":["DTMod:QuickFly","DTMod:RecklessFlurry"],"picked":"DTMod:ComboAttack","floor":13},{"not_picked":["DTMod:Prediction","DTMod:ExcessFootwork"],"picked":"DTMod:ShadowImage","floor":16},{"not_picked":["DTMod:Coolant","DTMod:Feint","DTMod:BurningEnergy"],"picked":"SKIP","floor":18},{"not_picked":["DTMod:Cover","DTMod:BlueScale"],"picked":"DTMod:ShieldDrain+1","floor":20}],"player_experience":191296,"relics_obtained":[{"floor":6,"key":"aspiration:EmptySkull"},{"floor":9,"key":"Centennial Puzzle"},{"floor":10,"key":"halation:KoshaPiece"},{"floor":15,"key":"Bronze Scales"},{"floor":18,"key":"wanderingMiniBosses:AbyssPearl"}],"event_choices":[{"damage_healed":0,"gold_gain":0,"player_choice":"2 cards matched","damage_taken":0,"max_hp_gain":0,"max_hp_loss":0,"event_name":"Match and Keep!","floor":3,"gold_loss":0,"cards_obtained":["Replay:BasicMightCard","DTMod:Overwhelm"]},{"damage_healed":0,"gold_gain":75,"player_choice":"Touch","damage_taken":4,"max_hp_gain":0,"max_hp_loss":0,"event_name":"FaceTrader","floor":11,"gold_loss":0}],"is_beta":false,"boss_relics":[{"not_picked":["vexMod:MegatonBomb","SacredBark"],"picked":"hubris:TerracottaHorce"}],"items_purged_floors":[],"is_endless":false,"potions_floor_spawned":[4,7,10,16],"ascension_level":0}}