{"host":"oeddu058k4r8wzo0","time":1608199025,"event":{"mods":["Aspiration","BaseMod","Better Third Choice","BetterRewards","Colored Map","Colored Powertips","Conspire","Highlight Path","Hubris","Mimic Mod","Minty Spire (QoL Compilation)","Quick Restart","Replay The Spire","StSLib","Wandering Minibosses"],"gold_per_floor":[116,134,146,156,156,188,202,25,62,96,96,111,111,11,11,115,115,132,132,132,143,18,18,44,44,70,95,113,132,157,170,170,275,275,287,300,380,400,1399,1432,1432,1465,1465,1465,967,967,1038,548,548,646,646,646],"floor_reached":51,"playtime":5412,"items_purged":["Strike_G","Strike_G","Strike_G","Normality","Overencumbered"],"score":1502,"play_id":"200179e9-a9ce-4be2-bf31-aed6b29cfd45","local_time":"20201217015705","daily_mods":["Allstar","Heirloom","Uncertain Future"],"is_ascension_mode":true,"campfire_choices":[{"data":"After Image","floor":11.0,"key":"SMITH"},{"data":"Transmutation","floor":13.0,"key":"SMITH"},{"data":"Thinking Ahead","floor":15.0,"key":"SMITH"},{"data":"Replay:Bag of Tricks","floor":23.0,"key":"SMITH"},{"data":"Deep Breath","floor":25.0,"key":"SMITH"},{"data":"Envenom","floor":32.0,"key":"SMITH"},{"floor":44.0,"key":"REST"},{"floor":46.0,"key":"REST"},{"data":"Sadistic Nature","floor":49.0,"key":"SMITH"}],"circlet_count":0,"master_deck":["Strike_G","Strike_G","Defend_G","Defend_G","Defend_G","Defend_G","Defend_G","Survivor","Neutralize","Deep Breath+1","Transmutation+1","PanicButton","Thinking Ahead+1","Sadistic Nature+1","Toxin Wave","Endless Agony","After Image+1","Well Laid Plans","Footwork","Caltrops+1","Backstab","Backflip+1","Flechettes","Poisoned Stab","Replay:Bag of Tricks+1","Cloak And Dagger+1","Caltrops+1","Dodge and Roll+1","Envenom+1","conspire:DoublingDagger","Infinite Blades","Draining Mist","Burst","Sneak Up+1","Normality","Envenom","Prepared+1","Terror","Flash of Steel","After Image"],"relics":["Ring of the Snake","hubris:Potato","hubris:Towel","Replay:Mystery Machine","Snack Pack","aspiration:FrozenJewel","conspire:TopHat","conspire:SpecialSausage","Blue Doll","Ninja Scroll","hubris:SlimyHat","Smiling Mask","Snecko Scales","Juzu Bracelet","Pen Nib","hubris:CrystalStatue","Medical Kit","aspiration:Lifesprig","Gremlin Food","wanderingMiniBosses:LockLocket","ReplayTheSpireMod:CursedCoin","ReplayTheSpireMod:Lightbulb","Bottled Tornado"],"acts_visited":["Exordium","TheCity","TheBeyond"],"potions_floor_usage":[50,50,50],"damage_taken":[{"damage":5.0,"enemies":"Cultist","floor":1.0,"turns":5.0},{"damage":1.0,"enemies":"Small Slimes","floor":2.0,"turns":4.0},{"damage":0.0,"enemies":"Jaw Worm","floor":3.0,"turns":6.0},{"damage":9.0,"enemies":"Exordium Thugs","floor":4.0,"turns":6.0},{"damage":0.0,"enemies":"3 Sentries","floor":6.0,"turns":9.0},{"damage":2.0,"enemies":"3 Louse","floor":7.0,"turns":2.0},{"damage":0.0,"enemies":"2 Fungi Beasts","floor":9.0,"turns":12.0},{"damage":0.0,"enemies":"Lagavulin","floor":10.0,"turns":8.0},{"damage":0.0,"enemies":"2 Fungi Beasts","floor":12.0,"turns":3.0},{"damage":23.0,"enemies":"Slime Boss","floor":16.0,"turns":8.0},{"damage":0.0,"enemies":"Spheric Guardian","floor":18.0,"turns":6.0},{"damage":0.0,"enemies":"Chosen","floor":21.0,"turns":4.0},{"damage":5.0,"enemies":"conspire:SneckoGhost","floor":24.0,"turns":7.0},{"damage":0.0,"enemies":"Shelled Parasite and Fungi","floor":27.0,"turns":6.0},{"damage":0.0,"enemies":"Centurion and Healer","floor":28.0,"turns":6.0},{"damage":0.0,"enemies":"Chosen and Byrds","floor":29.0,"turns":6.0},{"damage":0.0,"enemies":"Replay:Snechameleon","floor":30.0,"turns":7.0},{"damage":0.0,"enemies":"Cultist and Chosen","floor":31.0,"turns":5.0},{"damage":2.0,"enemies":"Champ","floor":33.0,"turns":11.0},{"damage":3.0,"enemies":"Orb Walker","floor":35.0,"turns":3.0},{"damage":4.0,"enemies":"3 Darklings","floor":36.0,"turns":4.0},{"damage":9.0,"enemies":"Transient","floor":37.0,"turns":7.0},{"damage":0.0,"enemies":"Spire Growth","floor":38.0,"turns":4.0},{"damage":51.0,"enemies":"Giant Head","floor":40.0,"turns":10.0},{"damage":40.0,"enemies":"Reptomancer","floor":42.0,"turns":9.0},{"damage":10.0,"enemies":"Sphere and 2 Shapes","floor":47.0,"turns":6.0},{"damage":9,"enemies":"Donu and Deca","floor":50,"turns":6}],"seed_played":"6621072649904222835","potions_obtained":[{"floor":1.0,"key":"Elixir"},{"floor":3.0,"key":"Regen Potion"},{"floor":4.0,"key":"Dexterity Potion"},{"floor":12.0,"key":"Fire Potion"},{"floor":24.0,"key":"Block Potion"},{"floor":28.0,"key":"Adrenaline Potion"},{"floor":31.0,"key":"Strength Potion"},{"floor":33.0,"key":"GhostInAJar"},{"floor":35.0,"key":"LiquidBronze"},{"floor":37.0,"key":"Cursed Concoction"},{"floor":42.0,"key":"LiquidMemories"},{"floor":47.0,"key":"AttackPotion"}],"is_trial":true,"path_per_floor":["M","M","M","M","?","E","M","$","MIM","E","R","M","R","$","R","B",null,"M","?","?","M","$","R","E","R","T","M","M","M","E","M","R","B",null,"M","M","M","M","?","E","?","E","T","R","$","R","M","$","R","B",null],"character_chosen":"THE_SILENT","items_purchased":["Backstab","Backflip+1","Medical Kit","aspiration:Lifesprig","Gremlin Food","ReplayTheSpireMod:CursedCoin","ReplayTheSpireMod:Lightbulb","Bottled Tornado","Prepared+1","Terror","Flash of Steel"],"campfire_rested":2,"item_purchase_floors":[8,8,45,45,45,48,48,48,48,48,48],"current_hp_per_floor":[58,57,57,62,62,62,60,60,60,66,66,66,66,66,66,49,65,69,56,56,60,60,60,65,65,65,73,75,75,75,75,75,75,75,75,75,72,75,75,36,36,12,12,34,34,56,60,60,60,61,61,61],"gold":646,"neow_bonus":"","is_daily":false,"chose_seed":false,"campfire_upgraded":7,"win_rate":0.0,"timestamp":1608199025,"path_taken":["M","M","?","M","?","E","M","?","MIM","E","R","M","R","$","R","BOSS","M","?","?","M","$","R","E","R","T","M","M","?","E","M","R","BOSS","M","M","M","M","?","E","?","E","T","R","$","R","M","?","R","BOSS"],"items_purchased_type":["Card","Card","Relic","Relic","Relic","Relic","Relic","Relic","Card","Card","Card"],"build_version":"2020-12-13","purchased_purges":5,"victory":false,"max_hp_per_floor":[70,70,70,70,70,70,70,70,70,70,70,70,70,70,70,70,70,70,75,75,75,75,75,75,75,75,75,75,75,75,75,75,75,75,75,75,75,75,75,75,75,75,75,75,75,75,75,75,75,75,75,75],"card_choices":[{"not_picked":["Bane","Underhanded Strike"],"picked":"Toxin Wave","floor":1.0},{"not_picked":["Underhanded Strike","Expertise"],"picked":"Endless Agony","floor":2.0},{"not_picked":["Slice","Prepared"],"picked":"After Image","floor":3.0},{"not_picked":["Acrobatics","Dodge and Roll"],"picked":"Well Laid Plans","floor":4.0},{"not_picked":["All Out Attack","Tactician"],"picked":"Footwork","floor":6.0},{"not_picked":["Bane","Flying Knee"],"picked":"Caltrops","floor":7.0},{"not_picked":["Underhanded Strike","Cloak And Dagger"],"picked":"Flechettes","floor":10.0},{"not_picked":["Finisher","Acrobatics"],"picked":"Poisoned Stab","floor":12.0},{"not_picked":["aspiration:Lunge","Unload"],"picked":"Replay:Bag of Tricks","floor":16.0},{"not_picked":["Poisoned Stab","Setup+1"],"picked":"Cloak And Dagger+1","floor":18.0},{"not_picked":["Outmaneuver","Prepared"],"picked":"Caltrops+1","floor":21.0},{"not_picked":["Underhanded Strike","Sucker Punch+1"],"picked":"Dodge and Roll+1","floor":24.0},{"not_picked":["Riddle With Holes","PiercingWail"],"picked":"Envenom","floor":27.0},{"not_picked":["PiercingWail","conspire:PoisonWeapons","Bane"],"picked":"SKIP","floor":28.0},{"not_picked":["PiercingWail","hubris:TrickCloak"],"picked":"conspire:DoublingDagger","floor":29.0},{"not_picked":["Heel Hook+1","Predator"],"picked":"Infinite Blades","floor":30.0},{"not_picked":["Reflex+1","Backflip"],"picked":"Draining Mist","floor":31.0},{"not_picked":["Doppelganger","Tools of the Trade"],"picked":"Burst","floor":33.0},{"not_picked":["Eviscerate","Flechettes+1","Slice+1"],"picked":"SKIP","floor":35.0},{"not_picked":["Reflex+1","Dagger Spray","Endless Agony+1"],"picked":"SKIP","floor":36.0},{"not_picked":["Backflip+1","Quick Slash","Outmaneuver"],"picked":"SKIP","floor":37.0},{"not_picked":["Finisher+1","Underhanded Strike+1"],"picked":"Sneak Up+1","floor":38.0},{"not_picked":["Deadly Poison","Flying Knee+1","Skewer"],"picked":"SKIP","floor":40.0},{"not_picked":["Cloak And Dagger","Poisoned Stab+1"],"picked":"Envenom","floor":42.0},{"not_picked":["Riddle With Holes+1","Poisoned Stab","Underhanded Strike"],"picked":"SKIP","floor":47.0},{"not_picked":["Corpse Explosion","A Thousand Cuts"],"picked":"After Image","floor":50}],"player_experience":1311332,"relics_obtained":[{"floor":6.0,"key":"Replay:Mystery Machine"},{"floor":9.0,"key":"Snack Pack"},{"floor":9.0,"key":"aspiration:FrozenJewel"},{"floor":10.0,"key":"conspire:TopHat"},{"floor":24.0,"key":"Ninja Scroll"},{"floor":26.0,"key":"hubris:SlimyHat"},{"floor":30.0,"key":"Smiling Mask"},{"floor":40.0,"key":"Juzu Bracelet"},{"floor":42.0,"key":"Pen Nib"},{"floor":43.0,"key":"hubris:CrystalStatue"},{"floor":47.0,"key":"wanderingMiniBosses:LockLocket"}],"event_choices":[{"damage_healed":0.0,"max_hp_gain":5.0,"max_hp_loss":0.0,"gold_gain":0.0,"event_name":"Forgotten Altar","player_choice":"Shed Blood","floor":19.0,"gold_loss":0.0,"damage_taken":18.0},{"damage_healed":0.0,"max_hp_gain":0.0,"max_hp_loss":0.0,"gold_gain":0.0,"event_name":"WeMeetAgain","player_choice":"Gave Potion","floor":20.0,"gold_loss":0.0,"damage_taken":0.0,"relics_obtained":["Blue Doll"]},{"damage_healed":0.0,"max_hp_gain":0.0,"max_hp_loss":0.0,"gold_gain":999.0,"event_name":"MindBloom","player_choice":"Gold","floor":39.0,"gold_loss":0.0,"damage_taken":0.0,"cards_obtained":["Normality","Normality"]},{"damage_healed":0.0,"max_hp_gain":0.0,"max_hp_loss":0.0,"gold_gain":0.0,"event_name":"Tomb of Lord Red Mask","player_choice":"Ignored","floor":41.0,"gold_loss":0.0,"damage_taken":0.0}],"is_beta":false,"boss_relics":[{"not_picked":["ReplayTheSpireMod:DimensionalGlitch","Replay:Ancient Bell"],"picked":"conspire:SpecialSausage"},{"not_picked":["Abe\u0027s Treasure","hubris:BlackHole"],"picked":"Snecko Scales"}],"items_purged_floors":[8,14,22,45,48],"is_endless":true,"potions_floor_spawned":[1,3,4,12,18,24,28,31,33,35,37,38,42,47],"ascension_level":9}}