{"host":"j61pjxqytd94o6ng","time":1608242935,"event":{"mods":["BaseMod","Colored Map","Colored Powertips","Downfall","Minty Spire (QoL Compilation)","StSLib"],"gold_per_floor":[99,118,118,133,583,583,607,7,7,39,57,68,81,96,111,206,206,206,206,10,26,55,72,72,92,109,109,121,22,22,42,42,42,42],"floor_reached":33,"playtime":2052,"items_purged":["Slimebound:Icky"],"score":273,"play_id":"9b3b90dd-4178-4ef1-9154-e8b698fd7687","local_time":"20201217150855","is_ascension_mode":false,"campfire_choices":[{"data":"Guardian:TwinSlam","floor":1,"key":"SMITH"},{"data":"Guardian:ChargeCore","floor":6,"key":"SMITH"},{"data":"Apotheosis","floor":9,"key":"SMITH"},{"data":"Guardian:ChargeUp","floor":18,"key":"SMITH"},{"floor":27,"key":"REST"}],"circlet_count":0,"master_deck":["Guardian:Strike_Guardian","Guardian:Strike_Guardian","Guardian:Strike_Guardian","Guardian:Defend_Guardian","Guardian:Defend_Guardian","Guardian:Defend_Guardian","Guardian:Defend_Guardian","Guardian:CurlUp","Guardian:TwinSlam+1","Guardian:ChargeCore+1","Guardian:PrismaticBarrier","Slimebound:Icky","Slimebound:Icky","Guardian:ExploitGems","Apotheosis+1","Guardian:DecasProtection","Guardian:MultiBeam","Guardian:ChargeUp+1","Guardian:ConstructionForm","Guardian:AncientConstruct","Guardian:ChargeCore","Guardian:ShieldCharger+1","Guardian:PrimingBeam","Guardian:GuardianWhirl+1","Guardian:RefractedBeam+1","Guardian:WalkerClaw+1","Guardian:CrystalBeam+1","Guardian:Gem_Crimson","Guardian:Gem_Red"],"relics":["Guardian:ModeShifter","Akabeko","Eternal Feather","Smiling Mask","SlaversCollar","Medical Kit","Oddly Smooth Stone","Omamori"],"acts_visited":["Exordium","TheCity"],"potions_floor_usage":[10,13,16,22,23,32,33],"damage_taken":[{"damage":0,"enemies":"2 Louse","floor":2,"turns":3},{"damage":0,"enemies":"Small Slimes","floor":4,"turns":3},{"damage":0,"enemies":"downfall:FleeingMerchant","floor":8,"turns":4},{"damage":2,"enemies":"Lagavulin","floor":10,"turns":5},{"damage":0,"enemies":"Jaw Worm","floor":11,"turns":2},{"damage":1,"enemies":"3 Louse","floor":12,"turns":3},{"damage":8,"enemies":"Exordium Thugs","floor":13,"turns":7},{"damage":0,"enemies":"Blue Slaver","floor":14,"turns":3},{"damage":0,"enemies":"Large Slime","floor":15,"turns":6},{"damage":70,"enemies":"downfall:Defect","floor":16,"turns":15},{"damage":0,"enemies":"downfall:FleeingMerchant","floor":20,"turns":4},{"damage":21,"enemies":"Chosen","floor":21,"turns":9},{"damage":28,"enemies":"Gremlin Leader","floor":22,"turns":10},{"damage":20,"enemies":"Sentry and Sphere","floor":23,"turns":10},{"damage":16,"enemies":"Snecko","floor":25,"turns":6},{"damage":0,"enemies":"3 Cultists","floor":26,"turns":1},{"damage":15,"enemies":"Snake Plant","floor":28,"turns":4},{"damage":1,"enemies":"downfall:FleeingMerchant","floor":29,"turns":4},{"damage":24,"enemies":"Shelled Parasite and Fungi","floor":31,"turns":3},{"damage":0,"enemies":"Cultist and Chosen","floor":32,"turns":1},{"damage":6,"enemies":"downfall:Watcher","floor":33,"turns":2}],"seed_played":"-1288972356764467068","potions_obtained":[{"floor":4,"key":"SteroidPotion"},{"floor":11,"key":"SkillPotion"},{"floor":13,"key":"DistilledChaos"},{"floor":15,"key":"EssenceOfSteel"},{"floor":16,"key":"LiquidMemories"},{"floor":21,"key":"SmokeBomb"},{"floor":22,"key":"Weak Potion"},{"floor":25,"key":"Guardian:BlockOnCardUsePotion"}],"is_trial":false,"path_per_floor":["R","M","?","M","?","R","T","$","R","E","M","M","M","M","M","B",null,"R","?","$","M","E","M","T","M","M","R","M","$","?","M","M","B"],"character_chosen":"GUARDIAN","items_purchased":["Guardian:ExploitGems","Apotheosis","Eternal Feather","Medical Kit","Guardian:ChargeCore","Guardian:Gem_Crimson"],"campfire_rested":1,"item_purchase_floors":[8,8,8,20,20,29],"current_hp_per_floor":[88,88,88,88,88,88,88,88,88,86,86,85,77,77,77,7,88,88,88,88,67,39,19,19,3,3,44,29,28,28,4,4,0,0],"gold":42,"neow_bonus":"TEN_PERCENT_HP_BONUS","is_daily":false,"chose_seed":false,"campfire_upgraded":4,"win_rate":0.0,"timestamp":1608242935,"path_taken":["R","M","?","M","?","R","T","$","R","E","M","M","?","M","M","BOSS","R","?","$","M","E","M","T","M","M","R","M","?","?","M","M","BOSS"],"items_purchased_type":["Card","Card","Relic","Relic","Card","Card"],"build_version":"2020-12-13","purchased_purges":1,"victory":false,"max_hp_per_floor":[88,88,88,88,88,88,88,88,88,88,88,88,88,88,88,88,88,88,88,88,88,88,88,88,88,88,88,88,88,88,88,88,88,88],"card_choices":[{"not_picked":["Guardian:Suspension","Guardian:Gem_Cyan"],"picked":"Guardian:ChargeCore","floor":2},{"not_picked":["Guardian:WalkerClaw","Guardian:PiercingHide"],"picked":"Guardian:PrismaticBarrier","floor":4},{"not_picked":["Guardian:Gem_Cyan","Guardian:Preprogram"],"picked":"Guardian:Gem_Blue","floor":8},{"not_picked":["Guardian:MultiBeam","Guardian:ShieldSpikes"],"picked":"Guardian:Gem_Green","floor":10},{"not_picked":["Guardian:WalkerClaw","Guardian:Reroute"],"picked":"Guardian:Gem_Cyan","floor":11},{"not_picked":["Guardian:SentryBeam","Guardian:Gem_Lightblue"],"picked":"Guardian:DecasProtection","floor":12},{"not_picked":["Guardian:PiercingHide","Guardian:PrismaticBarrier"],"picked":"Guardian:MultiBeam","floor":13},{"not_picked":["Guardian:PolyBeam","Guardian:Gem_Cyan"],"picked":"Guardian:ChargeUp","floor":14},{"not_picked":["Guardian:Planning","Guardian:ChargeUp"],"picked":"Guardian:ConstructionForm","floor":15},{"not_picked":["Guardian:HyperBeam_Guardian","Guardian:RevengeProtocol"],"picked":"Guardian:AncientConstruct","floor":16},{"not_picked":["Guardian:CrystalBeam","Guardian:ArmoredProtocol"],"picked":"Guardian:Gem_Red","floor":20},{"not_picked":["Guardian:Recover","Guardian:WalkerClaw"],"picked":"Guardian:ShieldCharger+1","floor":21},{"not_picked":["Guardian:Harden","Guardian:Planning+1"],"picked":"Guardian:PrimingBeam","floor":22},{"not_picked":["Guardian:TimeCapacitor","Guardian:PrimingBeam"],"picked":"Guardian:Gem_Blue","floor":23},{"not_picked":["Guardian:ShieldCharger","Guardian:Gem_Cyan"],"picked":"Guardian:GuardianWhirl+1","floor":25},{"not_picked":["Guardian:TemporalShield","Guardian:ChargeCore"],"picked":"Guardian:RefractedBeam+1","floor":26},{"not_picked":["Guardian:ConstructionForm","Guardian:ChargeCore"],"picked":"Guardian:WalkerClaw+1","floor":28},{"not_picked":["Guardian:ShieldSpikes","Guardian:Suspension"],"picked":"Guardian:CrystalBeam+1","floor":29},{"not_picked":["Guardian:PiercingHide","Guardian:DecasProtection"],"picked":"Guardian:Gem_Red","floor":31}],"player_experience":468996,"relics_obtained":[{"floor":7,"key":"Akabeko"},{"floor":10,"key":"Smiling Mask"},{"floor":22,"key":"Oddly Smooth Stone"},{"floor":24,"key":"Omamori"}],"event_choices":[{"cards_removed":["Guardian:Strike_Guardian"],"damage_healed":0,"gold_gain":0,"player_choice":"Card Removal","damage_taken":0,"max_hp_gain":0,"max_hp_loss":0,"event_name":"The Cleric","floor":3,"gold_loss":0}],"is_beta":false,"boss_relics":[{"not_picked":["Coffee Dripper","Philosopher\u0027s Stone"],"picked":"SlaversCollar"}],"items_purged_floors":[29],"is_endless":false,"potions_floor_spawned":[4,11,13,15,16,21,22,25,31],"killed_by":"downfall:Watcher","ascension_level":0}}