{"host":"1hv1kueuvc4r3rdp","time":1608176236,"event":{"mods":["AchievementEnabler","BaseMod","DeckTracker","Highlight Path","Minty Spire (QoL Compilation)","Permanent Neow","StSLib"],"gold_per_floor":[99,28,28,28,28,28,28,28,28,28,28,28,28,28,28,28,28,28,28,28,28,28,28,28,28,28,28,28,28],"floor_reached":28,"playtime":1502,"items_purged":[],"score":381,"play_id":"dbc319d3-a4bf-4d2a-8d40-acf102ffe585","local_time":"20201216213716","is_ascension_mode":true,"campfire_choices":[{"data":"Riddle With Holes","floor":7,"key":"SMITH"},{"floor":15,"key":"REST"},{"floor":23,"key":"REST"},{"floor":25,"key":"REST"}],"circlet_count":0,"master_deck":["Strike_G","Strike_G","Strike_G","Strike_G","Strike_G","Defend_G","Defend_G+1","Defend_G","Defend_G","Defend_G","Survivor","Neutralize","Riddle With Holes+1","Dash+1","Infinite Blades+1","Backstab","Terror","Adrenaline","Footwork","Backflip","Caltrops","Dodge and Roll+1"],"relics":["Ectoplasm","Blue Candle","Darkstone Periapt","Nunchaku","Bag of Preparation","Black Star","Vajra","Mummified Hand","Strawberry","Regal Pillow","Snake Skull"],"acts_visited":["Exordium","TheCity"],"potions_floor_usage":[13,16,19,22,27],"damage_taken":[{"damage":0,"enemies":"Cultist","floor":1,"turns":4},{"damage":2,"enemies":"Jaw Worm","floor":5,"turns":3},{"damage":17,"enemies":"3 Sentries","floor":6,"turns":10},{"damage":0,"enemies":"Small Slimes","floor":10,"turns":3},{"damage":10,"enemies":"Exordium Wildlife","floor":11,"turns":3},{"damage":0,"enemies":"Lots of Slimes","floor":12,"turns":4},{"damage":12,"enemies":"Gremlin Nob","floor":13,"turns":4},{"damage":0,"enemies":"2 Fungi Beasts","floor":14,"turns":2},{"damage":14,"enemies":"Hexaghost","floor":16,"turns":7},{"damage":0,"enemies":"Chosen","floor":18,"turns":3},{"damage":3,"enemies":"Shell Parasite","floor":19,"turns":3},{"damage":9,"enemies":"3 Cultists","floor":20,"turns":6},{"damage":8,"enemies":"Chosen and Byrds","floor":21,"turns":7},{"damage":23,"enemies":"Shelled Parasite and Fungi","floor":22,"turns":6},{"damage":28,"enemies":"Slavers","floor":24,"turns":8},{"damage":25,"enemies":"Gremlin Leader","floor":27,"turns":6},{"damage":10,"enemies":"Snake Plant","floor":28,"turns":1}],"seed_played":"-2702956224155508984","potions_obtained":[{"floor":1,"key":"Block Potion"},{"floor":5,"key":"Energy Potion"},{"floor":10,"key":"BlessingOfTheForge"},{"floor":14,"key":"AttackPotion"},{"floor":19,"key":"Weak Potion"},{"floor":20,"key":"SkillPotion"}],"is_trial":false,"path_per_floor":["M","$","T","?","M","E","R","?","T","M","M","M","E","M","R","B",null,"M","M","M","M","M","R","E","R","T","E","M"],"character_chosen":"THE_SILENT","items_purchased":["Dash"],"campfire_rested":3,"item_purchase_floors":[2],"current_hp_per_floor":[63,63,63,63,61,44,44,30,30,30,20,20,8,8,29,15,56,56,53,44,36,13,34,6,27,34,9,0,0],"gold":28,"neow_bonus":"BOSS_RELIC","is_daily":false,"chose_seed":false,"campfire_upgraded":1,"win_rate":0.0,"timestamp":1608176236,"path_taken":["M","$","?","?","M","E","R","?","T","?","M","M","E","M","R","BOSS","M","?","M","M","M","R","E","R","T","E","M"],"items_purchased_type":["Card"],"build_version":"2020-12-13","purchased_purges":0,"victory":false,"max_hp_per_floor":[70,70,70,70,70,70,70,70,70,70,70,70,70,70,70,70,70,70,70,70,70,70,70,70,70,77,77,77,77],"card_choices":[{"not_picked":["Escape Plan","Dagger Throw"],"picked":"Riddle With Holes","floor":1},{"not_picked":["Expertise","Deflect","Deadly Poison"],"picked":"SKIP","floor":5},{"not_picked":["Slice","Cloak And Dagger"],"picked":"Infinite Blades","floor":6},{"not_picked":["Footwork","Endless Agony"],"picked":"Backstab","floor":10},{"not_picked":["Acrobatics","Endless Agony","Cloak And Dagger"],"picked":"SKIP","floor":11},{"not_picked":["Dodge and Roll","Blur","Backflip"],"picked":"SKIP","floor":12},{"not_picked":["Quick Slash","Bane","Corpse Explosion"],"picked":"SKIP","floor":13},{"not_picked":["Catalyst","Quick Slash"],"picked":"Terror","floor":14},{"not_picked":["Burst","Doppelganger"],"picked":"Adrenaline","floor":16},{"not_picked":["Backstab","Slice"],"picked":"Footwork","floor":18},{"not_picked":["Sucker Punch","Noxious Fumes"],"picked":"Backflip","floor":19},{"not_picked":["Concentrate","Cloak And Dagger","Bane"],"picked":"SKIP","floor":20},{"not_picked":["Venomology","Quick Slash"],"picked":"Caltrops","floor":21},{"not_picked":["Bane","Distraction","Poisoned Stab"],"picked":"SKIP","floor":22},{"not_picked":["Flying Knee+1","Acrobatics"],"picked":"Dodge and Roll+1","floor":24},{"not_picked":["Dagger Throw","Infinite Blades+1","Calculated Gamble"],"picked":"SKIP","floor":27}],"player_experience":1034619,"relics_obtained":[{"floor":3,"key":"Blue Candle"},{"floor":6,"key":"Darkstone Periapt"},{"floor":9,"key":"Nunchaku"},{"floor":13,"key":"Bag of Preparation"},{"floor":24,"key":"Vajra"},{"floor":24,"key":"Mummified Hand"},{"floor":26,"key":"Strawberry"},{"floor":27,"key":"Regal Pillow"},{"floor":27,"key":"Snake Skull"}],"event_choices":[{"damage_healed":0,"gold_gain":0,"player_choice":"Grow","damage_taken":0,"max_hp_gain":0,"max_hp_loss":0,"event_name":"Living Wall","floor":4,"gold_loss":0,"cards_upgraded":["Dash"]},{"damage_healed":0,"gold_gain":0,"player_choice":"Entered Light","damage_taken":14,"max_hp_gain":0,"max_hp_loss":0,"event_name":"Shining Light","floor":8,"gold_loss":0,"cards_upgraded":["Infinite Blades","Defend_G"]}],"is_beta":false,"boss_relics":[{"not_picked":["Busted Crown","Runic Dome"],"picked":"Black Star"}],"items_purged_floors":[],"is_endless":false,"potions_floor_spawned":[1,5,10,14,19,20,21],"killed_by":"Snake Plant","ascension_level":8}}