{"host":"uxq2rly8rxtwffuf","time":1608192756,"event":{"mods":["BaseMod","Koishi","Minty Spire (QoL Compilation)","StSLib","The Judge","The Servant 0.9.4"],"gold_per_floor":[112,112,37,56,73,73,47,47,47,47,71,71,71],"floor_reached":12,"playtime":405,"items_purged":["Defend_S"],"score":133,"play_id":"4ee7a16f-48cd-4a8e-950d-08fae6c7bb22","local_time":"20201217111236","is_ascension_mode":true,"campfire_choices":[{"data":"Foresight","floor":6,"key":"SMITH"},{"floor":8,"key":"REST"},{"floor":10,"key":"RECALL"}],"circlet_count":0,"master_deck":["AscendersBane","Strike_S","Strike_S","Strike_S","Defend_S","Defend_S","Defend_S","KidneyShot","Exchange","FastForward","ShiftingGears","SilverMatrix","Foresight+1","Contraction"],"relics":["Uniform","Smiling Mask"],"acts_visited":["Exordium"],"potions_floor_usage":[],"damage_taken":[{"damage":1,"enemies":"2 Louse","floor":1,"turns":4},{"damage":0,"enemies":"Cultist","floor":4,"turns":5},{"damage":9,"enemies":"Jaw Worm","floor":5,"turns":6},{"damage":8,"enemies":"Exordium Thugs","floor":7,"turns":5},{"damage":68,"enemies":"Gremlin Nob","floor":12,"turns":7}],"seed_played":"5174788951413743178","potions_obtained":[{"floor":7,"key":"DuplicationPotion"}],"is_trial":false,"path_per_floor":["M","?","$","M","M","R","M","R","T","R","T","E"],"character_chosen":"THE_SERVANT","items_purchased":[],"campfire_rested":1,"item_purchase_floors":[],"current_hp_per_floor":[53,53,53,53,44,44,36,54,54,54,54,0,0],"gold":71,"neow_bonus":"TRANSFORM_CARD","is_daily":false,"chose_seed":false,"campfire_upgraded":1,"win_rate":0.0,"timestamp":1608192756,"path_taken":["M","?","$","M","M","R","?","R","T","R","?","E"],"items_purchased_type":[],"build_version":"2020-12-13","purchased_purges":1,"victory":false,"max_hp_per_floor":[60,60,60,60,60,60,60,60,60,60,60,60,60],"card_choices":[{"not_picked":["Spin","FastForward"],"picked":"ShiftingGears","floor":1},{"not_picked":["Revamp","DoubleEdge"],"picked":"Foresight","floor":4},{"not_picked":["Defy","FastForward","Ricochet"],"picked":"SKIP","floor":5},{"not_picked":["FastForward","Luminosity"],"picked":"Contraction","floor":7}],"player_experience":1344408,"relics_obtained":[{"floor":11,"key":"Smiling Mask"}],"event_choices":[{"damage_healed":0,"gold_gain":0,"player_choice":"1 cards matched","damage_taken":0,"max_hp_gain":0,"max_hp_loss":0,"event_name":"Match and Keep!","floor":2,"gold_loss":0,"cards_obtained":["SilverMatrix"]}],"is_beta":false,"boss_relics":[],"items_purged_floors":[3],"is_endless":false,"potions_floor_spawned":[7],"killed_by":"Gremlin Nob","ascension_level":19}}