{"host":"p9t7qd83igtcp2bh","time":1608224169,"event":{"mods":["2.2 Compatiblity","AchievementEnabler","BaseMod","Colored Map","Colored Powertips","Custom Start","DeckTracker","Keyboard Shortcuts","Minty Spire (QoL Compilation)","Permanent Neow","StSLib","SuperFastMode","everything is the same but u backflip on backflip"],"gold_per_floor":[111,130,95,95,110,135,55,55,81,1,14,45,45,60,60,137,137,152,152,77,77,127,127,127,127,177,187,6,37,57,57,57,57,57],"floor_reached":33,"playtime":820,"items_purged":[],"score":474,"play_id":"595b13ca-6c17-412e-8451-acc6f8cb0321","local_time":"20201218015609","is_ascension_mode":true,"campfire_choices":[{"floor":8,"key":"REST"},{"floor":13,"key":"REST"},{"data":"Hello World","floor":15,"key":"SMITH"},{"data":"Defragment","floor":23,"key":"SMITH"},{"data":"Aggregate","floor":25,"key":"SMITH"},{"data":"Ghostly","floor":32,"key":"SMITH"}],"circlet_count":0,"master_deck":["AscendersBane","Strike_B+1","Strike_B+1","Strike_B+1","Defend_B+1","Defend_B+1","Defend_B+1","Defend_B+1","Zap","Dualcast+1","Ball Lightning","Hologram","Turbo","Rebound","Darkness","Defragment+1","Hello World+1","BootSequence+1","Beam Cell","Echo Form","Aggregate+1","Heatsinks","Loop","Gash","Ghostly+1","Ghostly","Ghostly"],"relics":["Cracked Core","Dead Branch","Ancient Tea Set","Strawberry","Anchor","Coffee Dripper","Omamori","Lee\u0027s Waffle","War Paint"],"acts_visited":["Exordium","TheCity"],"potions_floor_usage":[12,30,33,33],"damage_taken":[{"damage":1,"enemies":"Cultist","floor":1,"turns":4},{"damage":3,"enemies":"2 Louse","floor":2,"turns":3},{"damage":7,"enemies":"Jaw Worm","floor":5,"turns":3},{"damage":25,"enemies":"Lagavulin","floor":6,"turns":5},{"damage":10,"enemies":"Blue Slaver","floor":11,"turns":3},{"damage":37,"enemies":"Gremlin Nob","floor":12,"turns":4},{"damage":3,"enemies":"3 Louse","floor":14,"turns":3},{"damage":24,"enemies":"The Guardian","floor":16,"turns":10},{"damage":1,"enemies":"3 Byrds","floor":18,"turns":5},{"damage":0,"enemies":"Chosen","floor":27,"turns":4},{"damage":53,"enemies":"Slavers","floor":29,"turns":6},{"damage":7,"enemies":"Snake Plant","floor":30,"turns":4},{"damage":33,"enemies":"Champ","floor":33,"turns":9}],"seed_played":"-4239043316530029694","potions_obtained":[{"floor":1,"key":"SteroidPotion"},{"floor":2,"key":"FearPotion"},{"floor":12,"key":"Dexterity Potion"},{"floor":29,"key":"Weak Potion"},{"floor":30,"key":"Fruit Juice"}],"is_trial":false,"path_per_floor":["M","M","?","?","M","E","$","R","T","$","M","E","R","M","R","B",null,"M","?","$","?","?","R","?","R","T","M","$","E","M","?","R","B"],"character_chosen":"DEFECT","items_purchased":["Defragment","Hello World","Heatsinks","Lee\u0027s Waffle","Gash"],"campfire_rested":2,"item_purchase_floors":[7,10,20,28,28],"current_hp_per_floor":[45,42,59,59,52,27,27,48,55,55,45,8,31,28,28,4,60,59,59,59,59,59,59,59,59,59,59,85,32,25,25,25,0,0],"gold":57,"neow_bonus":"ONE_RARE_RELIC","is_daily":false,"chose_seed":false,"campfire_upgraded":4,"win_rate":0.0,"timestamp":1608224169,"path_taken":["M","M","?","?","M","E","?","R","T","$","M","E","R","M","R","BOSS","M","?","$","?","?","R","?","R","T","M","?","E","?","?","R","BOSS"],"items_purchased_type":["Card","Card","Card","Relic","Card"],"build_version":"2020-12-13","purchased_purges":0,"victory":false,"max_hp_per_floor":[71,71,71,71,71,71,71,71,78,78,78,78,78,78,78,78,78,78,78,78,78,78,78,78,78,78,78,85,85,85,42,42,47,47],"card_choices":[{"not_picked":["Consume","Reinforced Body"],"picked":"Ball Lightning","floor":1},{"not_picked":["Compile Driver","Coolheaded"],"picked":"Hologram","floor":2},{"not_picked":["Steam","Stack"],"picked":"Rebound","floor":5},{"not_picked":["Conserve Battery","Compile Driver"],"picked":"Darkness","floor":6},{"not_picked":["Fusion","Barrage","Gash"],"picked":"SKIP","floor":11},{"not_picked":["Rip and Tear","Sweeping Beam"],"picked":"BootSequence","floor":12},{"not_picked":["Ball Lightning","Turbo"],"picked":"Beam Cell","floor":14},{"not_picked":["Seek","Rainbow"],"picked":"Echo Form","floor":16},{"not_picked":["Streamline","Force Field"],"picked":"Aggregate","floor":18},{"not_picked":["Go for the Eyes","Sweeping Beam"],"picked":"Loop","floor":27},{"not_picked":["Turbo","Redo","Hyperbeam"],"picked":"SKIP","floor":29},{"not_picked":["Rebound","Reinforced Body","Barrage"],"picked":"SKIP","floor":30}],"player_experience":556969,"relics_obtained":[{"floor":6,"key":"Ancient Tea Set"},{"floor":9,"key":"Strawberry"},{"floor":12,"key":"Anchor"},{"floor":26,"key":"Omamori"},{"floor":29,"key":"War Paint"}],"event_choices":[{"damage_healed":17,"gold_gain":0,"player_choice":"Healed","damage_taken":0,"max_hp_gain":0,"max_hp_loss":0,"event_name":"The Cleric","floor":3,"gold_loss":35},{"damage_healed":0,"gold_gain":0,"cards_transformed":["Strike_B"],"player_choice":"Change","damage_taken":0,"max_hp_gain":0,"max_hp_loss":0,"event_name":"Living Wall","floor":4,"gold_loss":0,"cards_obtained":["Turbo"]},{"damage_healed":0,"gold_gain":0,"player_choice":"Simplicity","damage_taken":0,"max_hp_gain":0,"max_hp_loss":0,"event_name":"Back to Basics","floor":19,"gold_loss":0,"cards_upgraded":["Strike_B","Strike_B","Strike_B","Defend_B","Defend_B","Defend_B","Defend_B"]},{"damage_healed":0,"gold_gain":50,"player_choice":"Stole From Cult","damage_taken":0,"max_hp_gain":0,"max_hp_loss":0,"event_name":"Nest","floor":22,"gold_loss":0},{"damage_healed":0,"gold_gain":0,"player_choice":"Ignored","damage_taken":0,"max_hp_gain":0,"max_hp_loss":0,"event_name":"Vampires","floor":24,"gold_loss":0},{"damage_healed":0,"gold_gain":0,"player_choice":"Became a Ghost","damage_taken":0,"max_hp_gain":0,"max_hp_loss":43,"event_name":"Ghosts","floor":31,"gold_loss":0,"cards_obtained":["Ghostly","Ghostly","Ghostly"]}],"is_beta":false,"boss_relics":[{"not_picked":["Snecko Eye","Tiny House"],"picked":"Coffee Dripper"}],"items_purged_floors":[],"is_endless":false,"potions_floor_spawned":[1,2,6,12,18,29,30],"killed_by":"Champ","ascension_level":15}}