{"host":"8m9rt4ygh7n21naz","time":1608221953,"event":{"mods":["AchievementEnabler","Astrologer","Bard","BaseMod","Bestiary","Better Altar","Better Match","Better Note","Better Sensory Stone","Better Skull","Better Third Choice","BetterRewards","Colored Map","Colored Powertips","Curses Come First","Downfall","Googly Eyes","Hermit","Highlight Path","Hubris","Hunter ??","Koishi","Luminous","Marisa????????","Mimic Mod","Minty Spire (QoL Compilation)","Rare Cards Sparkle","Remilia??????","Replay The Spire","Shade Mod","Spikes Relics","StSLib","The Animator","The Bladedancer","The Construct","The Cursed","The Disciple","The Druid","The Elementalist","The Gatherer","The Hierophant","The IronCluck","The Judge","The Mystic","The Necromancer","The Poker Player","The Runesmith","The Senshi","The Servant 0.9.4","The Valiant","The Wild Card","Transform Curses","Watcher Patcher"],"gold_per_floor":[113,143,143,153,153,186,197,197,240,240,259,259,276,292,292,388,388,407,407,407,101,111,111,111,125,198,198,223,243,305,319,319,422,447,457,469,516,516,118,118,41,97,147,147,147,172,172,197,197,197],"floor_reached":51,"playtime":3981,"items_purged":["CommonCold","Pain"],"score":768,"play_id":"be65cfdb-52b6-42c3-aa0a-345fa9bfd8f8","local_time":"20201217181913","is_ascension_mode":false,"campfire_choices":[{"floor":10,"key":"REST"},{"floor":12,"key":"REST"},{"data":"animator:Strike_Konosuba","floor":15,"key":"SMITH"},{"floor":23,"key":"REST"},{"floor":27,"key":"RECALL"},{"floor":32,"key":"REST"},{"floor":40,"key":"REST"},{"floor":44,"key":"REST"},{"floor":49,"key":"REST"}],"circlet_count":0,"master_deck":["animator:Strike_Konosuba+1","animator:Defend_Konosuba","animator:Strike","animator:Strike+1","animator:Defend","animator:Defend","animator:Kazuma","animator:Aqua+1","animator:NarberalGamma","animator:Megumin+5","animator:Darkness+1","Blood for Blood","animator:Tyuule","animator:Sora+1","animator:Mitsurugi","animator:Tyuule","animator:YunYun","animator:Envy","CurseOfTheBell","animator:CowGirl","Aggregate+1","animator:WinryRockbell+1","animator:Illya+1","animator:Gilgamesh+11","animator:RoyMustang+1","animator:LizardPriest+1","animator:Hans+1","animator:FielNirvalen+1","animator:ChlammyZell","animator:EmiyaShirou+1","animator:Kazuma+1","animator:PinaCoLada+1","animator:ElricAlphonse+1","animator:ElricAlphonse","ReplayTheSpireMod:Splinters","animator:Arpeggio+1","Wraith","animator:Entoma","animator:HigakiRinne"],"relics":["animator:LivingPicture","animator:TheMissingPiece","animator:PurgingStone","Ring of Misfortune","ReplayTheSpireMod:Ring of Collecting","ReplayFunnel","Blue Doll","Ring of Searing","Potion Belt","Calling Bell","Gremlin Food","Frozen Egg 2","animator:HallowedScabbard","Ring of Hypnosis","RollingBoulder","WarpedTongs","Strawberry","Mark of Pain","Thread and Needle","Happy Flower","Pet Ghost","Juzu Bracelet","Ring of Fury","Replay:Ringing Soul","hubris:Icosahedron","elementalistmod:GreenCirclet","hubris:Towel"],"acts_visited":["Exordium","TheCity","TheBeyond"],"potions_floor_usage":[33],"damage_taken":[{"damage":1.0,"enemies":"Cultist","floor":1.0,"turns":6.0},{"damage":0.0,"enemies":"2 Louse","floor":2.0,"turns":4.0},{"damage":0.0,"enemies":"Small Slimes","floor":4.0,"turns":3.0},{"damage":3,"enemies":"3 Sentries","floor":6,"turns":12},{"damage":4,"enemies":"Exordium Thugs","floor":7,"turns":4},{"damage":0,"enemies":"Looter","floor":9,"turns":8},{"damage":3,"enemies":"Looter","floor":11,"turns":3},{"damage":11,"enemies":"Exordium Wildlife","floor":13,"turns":2},{"damage":0,"enemies":"3 Louse","floor":14,"turns":1},{"damage":33,"enemies":"Hexaghost","floor":16,"turns":10},{"damage":27,"enemies":"2 Thieves","floor":18,"turns":3},{"damage":10,"enemies":"3 Byrds","floor":22,"turns":4},{"damage":32,"enemies":"Centurion and Healer","floor":25,"turns":7},{"damage":3,"enemies":"3 Cultists","floor":29,"turns":3},{"damage":11,"enemies":"animator:HornedBat","floor":30,"turns":5},{"damage":15,"enemies":"Snake Plant","floor":31,"turns":3},{"damage":52,"enemies":"hubris:MusketHawk","floor":33,"turns":7},{"damage":23,"enemies":"Orb Walker","floor":35,"turns":3},{"damage":7,"enemies":"3 Shapes","floor":36,"turns":3},{"damage":39,"enemies":"Reptomancer","floor":42,"turns":4},{"damage":58,"enemies":"Time Eater","floor":50,"turns":12}],"seed_played":"-2996605288454470359","potions_obtained":[{"floor":2.0,"key":"Energy Potion"},{"floor":6,"key":"Elixir"},{"floor":7,"key":"SpeedPotion"},{"floor":14,"key":"Strength Potion"},{"floor":16,"key":"champ:CounterPotion"},{"floor":18,"key":"Fire Potion"},{"floor":33,"key":"Explosive Potion"},{"floor":36,"key":"Fruit Juice"}],"is_trial":false,"path_per_floor":["M","M","?","M","?","E","M","?","MIM","R","M","R","M","M","R","B",null,"M","?","?","$","M","R","?","M","T","R","?","M","E","M","R_BF","B",null,"M","M","?","?","$","R","$","E","T","R","?","?","?","?","R","B",null],"character_chosen":"THE_ANIMATOR","items_purchased":["animator:WinryRockbell+1","animator:Illya+1","animator:Gilgamesh","animator:RoyMustang","Happy Flower","Pet Ghost","animator:Megumin"],"campfire_rested":7,"item_purchase_floors":[21,21,21,21,39,39,41],"current_hp_per_floor":[71,72,72,73,34,33,31,31,33,54,53,73,62,63,63,32,74,53,53,56,56,48,71,71,51,51,51,51,48,46,35,60,18,84,65,58,58,58,58,83,83,51,51,76,68,68,68,68,87,42],"gold":197,"neow_bonus":"TEN_PERCENT_HP_BONUS","is_daily":false,"chose_seed":false,"campfire_upgraded":1,"win_rate":0.0,"timestamp":1608221953,"path_taken":["M","?","?","M","?","E","M","?","MIM","R","M","R","M","M","R","BOSS","M","?","?","?","M","R","?","?","T","R","?","M","E","?","R_BF","BOSS","M","M","?","?","$","R","?","E","T","R","?","?","?","?","R","BOSS"],"items_purchased_type":["Card","Card","Card","Card","Relic","Relic","Card"],"build_version":"2020-12-13","purchased_purges":2,"victory":true,"max_hp_per_floor":[72,72,72,73,73,73,73,73,73,73,73,73,73,74,74,74,74,74,74,77,77,77,77,77,77,77,77,77,77,84,84,84,84,84,84,84,84,84,84,84,84,84,84,84,87,87,87,87,87,87],"card_choices":[{"not_picked":["animator:Tatsumaki","animator:MumenRider"],"picked":"animator:NarberalGamma","floor":1.0},{"not_picked":["animator:DolaStephanie","animator:Alexander"],"picked":"animator:Megumin","floor":2.0},{"not_picked":["animator:Shalltear","animator:Scar"],"picked":"animator:Darkness","floor":4},{"not_picked":["animator:Vanir","animator:Kazuma"],"picked":"animator:Megumin","floor":6},{"not_picked":["animator:DolaSchwi","animator:Berserker"],"picked":"animator:Tyuule","floor":7},{"not_picked":["animator:GuildGirl","animator:Bozes"],"picked":"animator:Mitsurugi","floor":9},{"not_picked":["animator:PandorasActor","animator:Priestess"],"picked":"animator:Megumin","floor":11},{"not_picked":["animator:Gluttony","animator:Berserker"],"picked":"animator:Tyuule","floor":13},{"not_picked":["animator:Aqua","animator:Chris"],"picked":"animator:YunYun","floor":14},{"not_picked":["animator:ItamiYouji","animator:Wiz"],"picked":"animator:Envy","floor":16},{"not_picked":["animator:EmiyaShirou","animator:Tatsumaki+1"],"picked":"animator:CowGirl","floor":18},{"not_picked":["animator:MumenRider+1","animator:RinTohsaka"],"picked":"animator:LizardPriest+1","floor":22},{"not_picked":["animator:Tatsumaki+1","animator:Saitama"],"picked":"animator:FielNirvalen+1","floor":25},{"not_picked":["animator:DolaCouronne","animator:Tet"],"picked":"animator:ChlammyZell","floor":29},{"not_picked":["animator:Alexander+1","animator:Kazuma"],"picked":"animator:EmiyaShirou+1","floor":30},{"not_picked":["animator:LeleiLaLalena+1","animator:Sonic"],"picked":"animator:Kazuma+1","floor":31},{"not_picked":["animator:Albedo","animator:Wiz"],"picked":"animator:PinaCoLada+1","floor":33},{"not_picked":["animator:ZankiKiguchi+1","animator:TsurugaMeisai+1"],"picked":"animator:ElricAlphonse+1","floor":35},{"not_picked":["animator:Scar","animator:RoyMustang"],"picked":"animator:ElricAlphonse","floor":36},{"not_picked":["animator:Vanir","animator:Emonzaemon+1"],"picked":"animator:Arpeggio+1","floor":37},{"not_picked":["animator:Geryuganshoop","animator:Sonic"],"picked":"animator:Entoma","floor":42}],"player_experience":44102,"relics_obtained":[{"floor":3.0,"key":"Ring of Misfortune"},{"floor":3.0,"key":"ReplayTheSpireMod:Ring of Collecting"},{"floor":6,"key":"Blue Doll"},{"floor":9,"key":"Ring of Searing"},{"floor":9,"key":"Potion Belt"},{"floor":17,"key":"Gremlin Food"},{"floor":17,"key":"Frozen Egg 2"},{"floor":17,"key":"animator:HallowedScabbard"},{"floor":26,"key":"Ring of Hypnosis"},{"floor":26,"key":"RollingBoulder"},{"floor":30,"key":"Strawberry"},{"floor":37,"key":"Thread and Needle"},{"floor":42,"key":"Juzu Bracelet"},{"floor":43,"key":"Ring of Fury"},{"floor":43,"key":"Replay:Ringing Soul"}],"event_choices":[{"damage_healed":0,"gold_gain":0,"cards_transformed":["animator:Strike"],"player_choice":"Transformed","damage_taken":0,"max_hp_gain":0,"max_hp_loss":0,"event_name":"Transmorgrifier","floor":8,"gold_loss":0,"cards_obtained":["animator:Sora"]},{"cards_removed":["Blood for Blood"],"damage_healed":0,"gold_gain":0,"player_choice":"Take \u0026 Give","damage_taken":0,"max_hp_gain":0,"max_hp_loss":0,"event_name":"betterNote:BetterNote","floor":19,"gold_loss":0,"cards_obtained":["Aggregate"]},{"damage_healed":0,"gold_gain":0,"cards_transformed":["animator:Defend"],"player_choice":"Transformed","damage_taken":0,"max_hp_gain":0,"max_hp_loss":0,"event_name":"Transmorgrifier","floor":24,"gold_loss":0,"cards_obtained":["animator:Hans"]},{"damage_healed":0,"gold_gain":0,"player_choice":"Rummage","damage_taken":0,"relics_obtained":["WarpedTongs"],"max_hp_gain":0,"max_hp_loss":0,"event_name":"Accursed Blacksmith","floor":28,"gold_loss":0,"cards_obtained":["Pain"]},{"damage_healed":0,"gold_gain":0,"player_choice":"Ignored","damage_taken":0,"max_hp_gain":0,"max_hp_loss":0,"event_name":"OrinTheCat","floor":38,"gold_loss":0},{"damage_healed":0,"gold_gain":0,"player_choice":"Embrace Madness","damage_taken":11,"max_hp_gain":0,"max_hp_loss":0,"event_name":"Winding Halls","floor":45,"gold_loss":0,"cards_obtained":["animator:HigakiRinne"]}],"is_beta":false,"boss_relics":[{"not_picked":["hubris:GrandSneckoEye","Philosopher\u0027s Stone"],"picked":"Calling Bell"},{"not_picked":["Replay:Wanted Poster","animator:HolyGrailRelic"],"picked":"Mark of Pain"}],"items_purged_floors":[21,39],"is_endless":false,"potions_floor_spawned":[2,6,7,14,16,18,25,33,35,36],"ascension_level":0}}