{"host":"1t0goru2vbnnqaq4","time":1608224786,"event":{"mods":["2.2 Compatiblity","Act Like it!","Alarm Clock","BaseMod","Better Altar","Better Match","Better Note","Better Sensory Stone","Better Skull","Better Vampires","BetterRewards","Disable Question Mark Monsters","Downfall","Marked Mod","Mimic Mod","Minty Spire (QoL Compilation)","Rare Cards Sparkle","Replay The Spire","Spicy Shops","StSLib","Wandering Minibosses"],"gold_per_floor":[99,99,131,56,20,120,120,131,192,220,270,280,300,365,377,377,377],"floor_reached":16,"playtime":880,"items_purged":[],"score":187,"play_id":"f2b0e7df-227c-4cbf-8c96-2b0e6150d96a","local_time":"20201217120626","is_ascension_mode":false,"campfire_choices":[{"floor":1,"key":"RECALL"},{"data":"Slimebound:Schlurp","floor":4,"key":"SMITH"}],"circlet_count":0,"master_deck":["Slimebound:Strike_Slimebound","Slimebound:Strike_Slimebound","Slimebound:Strike_Slimebound","Slimebound:Tackle","Slimebound:Defend_Slimebound","Slimebound:Defend_Slimebound","Slimebound:Defend_Slimebound","Slimebound:Defend_Slimebound","Slimebound:Split","Slimebound:CorrosiveSpit","Slimebound:Schlurp+1","Slimebound:Overexert","Slimebound:SplitMire","Slimebound:SplitMire","Slimebound:SplitMire","Slimebound:SplitMire","Slimebound:Nibble","Slimebound:DouseInSlime","Pot Of Greed","Pot Of Greed","Slimebound:SamplingLick","Pain","Slimebound:GoopSpray","Slimebound:SamplingLick","Slimebound:RejuvenatingLick","Slimebound:LevelUp","Pot Of Greed"],"relics":["Slimebound:AbsorbEndCombat","downfall:HeartsMalice","Mango","downfall:HeartBlessingRed","downfall:CloakOfManyFaces","CultistMask","FaceOfCleric","NlothsMask","GremlinMask","SsserpentHead","Grinning Jar","WarpedTongs"],"acts_visited":["Exordium"],"potions_floor_usage":[14,14,16],"damage_taken":[{"damage":0,"enemies":"Cultist","floor":2,"turns":1},{"damage":0,"enemies":"Gremlin Nob","floor":3,"turns":1},{"damage":0,"enemies":"downfall:FleeingMerchant","floor":5,"turns":1},{"damage":25,"enemies":"downfall:FaceTrader","floor":6,"turns":4},{"damage":21,"enemies":"Small Slimes","floor":8,"turns":2},{"damage":22,"enemies":"Jaw Worm","floor":9,"turns":2},{"damage":26,"enemies":"Replay:BlueRogue","floor":10,"turns":3},{"damage":44,"enemies":"Gremlin Gang","floor":12,"turns":5},{"damage":28,"enemies":"Red Slaver","floor":13,"turns":3},{"damage":8,"enemies":"Large Slime","floor":14,"turns":3},{"damage":12,"enemies":"2 Fungi Beasts","floor":15,"turns":2},{"damage":35,"enemies":"downfall:Watcher","floor":16,"turns":4}],"seed_played":"-2173301938474984235","potions_obtained":[{"floor":8,"key":"Weak Potion"},{"floor":9,"key":"BlessingOfTheForge"},{"floor":10,"key":"GamblersBrew"},{"floor":13,"key":"LiquidBronze"},{"floor":14,"key":"SteroidPotion"}],"is_trial":false,"path_per_floor":["R","M","E","R","$","?","T","M","M","E","?","M","M","M","M","B"],"character_chosen":"SLIMEBOUND","items_purchased":["Slimebound:SplitMire"],"campfire_rested":0,"item_purchase_floors":[5],"current_hp_per_floor":[60,60,74,74,74,73,73,66,57,52,52,33,14,19,22,0,0],"gold":377,"neow_bonus":"THREE_ENEMY_KILL","is_daily":false,"chose_seed":false,"campfire_upgraded":1,"win_rate":0.0,"timestamp":1608224786,"path_taken":["R","?","E","R","$","?","T","M","?","E","?","M","M","?","M","BOSS"],"items_purchased_type":["Card"],"build_version":"2020-12-13","purchased_purges":0,"victory":false,"max_hp_per_floor":[60,60,74,74,74,74,74,75,76,77,77,78,79,80,81,81,81],"card_choices":[{"not_picked":["Slimebound:ComboTackle","Slimebound:GrowthPunch"],"picked":"Slimebound:Schlurp","floor":2},{"not_picked":["Slimebound:Schlurp","Slimebound:LeadByExample"],"picked":"Slimebound:Overexert","floor":3},{"not_picked":["Slimebound:PressTheAttack","Slimebound:Recycling"],"picked":"Slimebound:SplitMire","floor":5},{"not_picked":["Slimebound:SplitLeeching","Slimebound:ForwardTackle"],"picked":"Slimebound:SplitMire","floor":6},{"not_picked":["Slimebound:RollThrough","Slimebound:FinishingTackle"],"picked":"Slimebound:Nibble","floor":8},{"not_picked":["Slimebound:Chomp","Slimebound:FinishingTackle"],"picked":"Slimebound:DouseInSlime","floor":9},{"not_picked":["Slimebound:SlimeSpikes","Slimebound:ComboTackle"],"picked":"Slimebound:SamplingLick","floor":10},{"not_picked":["Slimebound:FlameTackle","Slimebound:PressTheAttack"],"picked":"Slimebound:GoopSpray","floor":12},{"not_picked":["Slimebound:ComboTackle","Slimebound:FinishingTackle"],"picked":"Slimebound:SamplingLick","floor":13},{"not_picked":["Slimebound:SplitMire","Slimebound:LeechingTouch"],"picked":"Slimebound:RejuvenatingLick","floor":14},{"not_picked":["Slimebound:Schlurp","Slimebound:LeechLife"],"picked":"Slimebound:LevelUp","floor":15}],"player_experience":676535,"relics_obtained":[{"floor":3,"key":"Mango"},{"floor":6,"key":"downfall:CloakOfManyFaces"},{"floor":10,"key":"Grinning Jar"}],"event_choices":[{"damage_healed":0,"gold_gain":0,"player_choice":"Rummage","damage_taken":0,"relics_obtained":["WarpedTongs"],"max_hp_gain":0,"max_hp_loss":0,"event_name":"Accursed Blacksmith","floor":11,"gold_loss":0,"cards_obtained":["Pain"]}],"is_beta":false,"boss_relics":[],"items_purged_floors":[],"is_endless":false,"potions_floor_spawned":[8,9,10,13,14],"killed_by":"downfall:Watcher","ascension_level":0}}