{"host":"81dxrjdkqahvuj3t","time":1608185506,"event":{"mods":["BaseMod","Colored Map","Minty Spire (QoL Compilation)","Replay The Spire","StSLib"],"gold_per_floor":[110,35,98,98,115,153,181,181,245,186,207,207,207,230,230,336,336,365,365,305,12,12,65,65,106,152,152,152,175,209,52,52,156,156,191,171,171,233,262,262,286,326,326,357,357,306,339,374,374,374,374],"floor_reached":50,"playtime":3183,"items_purged":["ReplayTheSpireMod:Restless Dread","ReplayTheSpireMod:Splinters"],"score":700,"play_id":"0c5c4d7f-d7d7-4140-ac07-b28dd12c336d","local_time":"20201217011146","is_ascension_mode":true,"campfire_choices":[{"floor":13,"key":"REST"},{"floor":15,"key":"DIG"},{"floor":24,"key":"REST"},{"floor":32,"key":"REST"},{"floor":40,"key":"REST"},{"floor":45,"key":"RECALL"},{"floor":49,"key":"REST"}],"circlet_count":0,"master_deck":["Strike_B","Strike_B","Strike_B","Strike_B","Defend_B","Defend_B","Defend_B","Defend_B","Zap+1","Dualcast+1","Poisoned Strike+1","Ball Lightning","Rebound","Steam","White Noise","Melter","Pot Of Greed","Pot Of Greed","Self Repair","White Noise","Reinforced Body","Stack","Fusion+1","Reboot","Pot Of Greed","Streamline","Auto Shields","Go for the Eyes+1","Self Repair","Turbo+1","Seek","BasicCrystalCard+1","Steam Power+1","Buffer","Storm","Ball Lightning+1","Double Energy","Pot Of Greed","BasicCrystalCard+1","Defragment+1","Hologram+1","ReplaySolidLightProjector+1","Recycle+1","BasicCrystalCard+1","Force Field"],"relics":["Cracked Core","Onion Ring","CeramicFish","Grinning Jar","ReplayTheSpireMod:CursedCoin","Solar Panel","SlaversCollar","ReplayTheSpireMod:Shallot","Guide Book","Replay:Antivirus Software","MutagenicStrength","Prayer Wheel","Cables","Pocketwatch","ReplayTheSpireMod:Lightbulb","Boot","Nuclear Battery","TungstenRod","Frozen Egg 2","Centennial Puzzle"],"acts_visited":["Exordium","TheCity","TheBeyond"],"potions_floor_usage":[6,16,16,23,23,33,33,33,37,39,44,50],"damage_taken":[{"damage":0,"enemies":"Small Slimes","floor":1,"turns":3},{"damage":0,"enemies":"2 Louse","floor":5,"turns":1},{"damage":30,"enemies":"Lagavulin","floor":6,"turns":4},{"damage":0,"enemies":"Jaw Worm","floor":7,"turns":2},{"damage":0,"enemies":"3 Louse","floor":11,"turns":2},{"damage":7,"enemies":"Exordium Wildlife","floor":14,"turns":3},{"damage":33,"enemies":"Hexaghost","floor":16,"turns":9},{"damage":6,"enemies":"Spheric Guardian","floor":18,"turns":3},{"damage":32,"enemies":"Slavers","floor":23,"turns":4},{"damage":18,"enemies":"Book of Stabbing","floor":25,"turns":4},{"damage":10,"enemies":"2 Thieves","floor":29,"turns":3},{"damage":18,"enemies":"Centurion and Healer","floor":30,"turns":4},{"damage":52,"enemies":"Automaton","floor":33,"turns":10},{"damage":0,"enemies":"Orb Walker","floor":35,"turns":4},{"damage":0,"enemies":"3 Shapes","floor":37,"turns":1},{"damage":54,"enemies":"2 Orb Walkers","floor":38,"turns":5},{"damage":27,"enemies":"Maw","floor":39,"turns":9},{"damage":13,"enemies":"Jaw Worm Horde","floor":42,"turns":7},{"damage":13,"enemies":"Writhing Mass","floor":44,"turns":5},{"damage":21,"enemies":"Spire Growth","floor":47,"turns":5},{"damage":51,"enemies":"Transient","floor":48,"turns":5},{"damage":65,"enemies":"Replay:Hell Engine","floor":50,"turns":17}],"seed_played":"6836788624249603486","potions_obtained":[{"floor":3,"key":"LiquidBronze"},{"floor":6,"key":"Milkshake"},{"floor":7,"key":"Weak Potion"},{"floor":12,"key":"AttackPotion"},{"floor":12,"key":"EntropicBrew"},{"floor":25,"key":"Swift Potion"},{"floor":29,"key":"LifebloodPotion"},{"floor":30,"key":"BlessingOfTheForge"},{"floor":35,"key":"SmokeBomb"},{"floor":36,"key":"PotionOfCapacity"},{"floor":42,"key":"Adrenaline Potion"},{"floor":48,"key":"FearPotion"}],"is_trial":false,"path_per_floor":["M","$","?","?","M","E","M","?","T","$","M","?","R","M","R_BF","B",null,"M","T","?","$","?","E","R","E","T","$","$","M","M","$","R","B",null,"M","?","M","?","M","R","T","M","T","M","R","?","M","M","R","B"],"character_chosen":"DEFECT","items_purchased":["ReplayTheSpireMod:CursedCoin","Self Repair","White Noise","Guide Book","Replay:Antivirus Software","Boot"],"campfire_rested":5,"item_purchase_floors":[10,10,10,21,21,31],"current_hp_per_floor":[75,75,75,75,75,45,45,45,45,45,45,45,67,60,60,33,65,65,65,65,65,65,44,66,59,59,59,59,55,48,48,70,33,65,75,75,75,39,38,60,60,69,69,74,74,74,66,31,53,0,0],"gold":374,"neow_bonus":"RANDOM_COLORLESS_2","is_daily":false,"chose_seed":false,"campfire_upgraded":0,"win_rate":0.0,"timestamp":1608185506,"path_taken":["M","$","?","?","M","E","M","?","T","$","?","?","R","M","R_BF","BOSS","M","?","?","$","?","E","R","E","T","?","$","M","?","$","R","BOSS","M","?","?","?","M","R","?","M","T","M","R","?","M","?","R","BOSS"],"items_purchased_type":["Relic","Card","Card","Relic","Relic","Relic"],"build_version":"2020-12-13","purchased_purges":2,"victory":false,"max_hp_per_floor":[75,75,75,75,75,75,75,75,75,75,75,75,75,75,75,75,75,75,75,75,75,75,75,75,75,75,75,75,75,75,75,75,75,75,75,75,75,75,75,75,75,75,75,75,75,75,75,75,75,75,75],"card_choices":[{"not_picked":["Crow Ritual","Magnetism"],"picked":"Poisoned Strike","floor":0},{"not_picked":["Hologram","Panic Button"],"picked":"Ball Lightning","floor":1},{"not_picked":["Coolheaded","Ball Lightning"],"picked":"Rebound","floor":3},{"not_picked":["Creative AI","Compile Driver"],"picked":"Steam","floor":5},{"not_picked":["Ball Lightning","Rebound"],"picked":"White Noise","floor":6},{"not_picked":["Time Bomb","Rebound"],"picked":"Melter","floor":7},{"not_picked":["Cold Snap","Leap"],"picked":"Reinforced Body","floor":11},{"not_picked":["Tempest","Sunder"],"picked":"Stack","floor":14},{"not_picked":["ReplayTheSpireMod:Omega Cannon","Fission"],"picked":"ReplayTheSpireMod:Fabricate Wheel","floor":16},{"not_picked":["Panic Button","Beam Cell+1"],"picked":"Fusion+1","floor":18},{"not_picked":["Heatsinks","Rainbow"],"picked":"Streamline","floor":23},{"not_picked":["Beam Cell","FIFO Queue"],"picked":"Auto Shields","floor":25},{"not_picked":["Sweeping Beam","Streamline"],"picked":"Go for the Eyes+1","floor":29},{"not_picked":["Genetic Algorithm","ReplayTheSpireMod:GoodbyeWorld","Rebound"],"picked":"SKIP","floor":29},{"not_picked":["Go for the Eyes","Chaos+1"],"picked":"Self Repair","floor":30},{"not_picked":["FTL","Lockon"],"picked":"Turbo+1","floor":30},{"not_picked":["Fission","Buffer"],"picked":"Seek","floor":33},{"not_picked":["Coolheaded+1","Conserve Battery"],"picked":"BasicCrystalCard+1","floor":35},{"not_picked":["Rebound","Panic Button+1"],"picked":"Steam Power+1","floor":35},{"not_picked":["Hello World+1","Fusion+1"],"picked":"Buffer","floor":38},{"not_picked":["Beam Cell+1","Gash+1"],"picked":"Storm","floor":39},{"not_picked":["Coolheaded","Force Field"],"picked":"Ball Lightning+1","floor":39},{"not_picked":["Sweeping Beam+1","Electrodynamics"],"picked":"Double Energy","floor":42},{"not_picked":["Go for the Eyes","Aggregate"],"picked":"BasicCrystalCard+1","floor":42},{"not_picked":["Steam Power+1","Barrage+1"],"picked":"Defragment+1","floor":44},{"not_picked":["Barrage+1","Scrape+1"],"picked":"Hologram+1","floor":44},{"not_picked":["Gash","Go for the Eyes+1"],"picked":"ReplaySolidLightProjector+1","floor":47},{"not_picked":["Lockon","Undo+1"],"picked":"Recycle+1","floor":47},{"not_picked":["Beam Cell","Gash+1"],"picked":"BasicCrystalCard+1","floor":48},{"not_picked":["Beam Cell","Redo+1"],"picked":"Force Field","floor":48}],"player_experience":413232,"relics_obtained":[{"floor":3,"key":"Onion Ring"},{"floor":6,"key":"CeramicFish"},{"floor":9,"key":"Grinning Jar"},{"floor":15,"key":"Solar Panel"},{"floor":19,"key":"ReplayTheSpireMod:Shallot"},{"floor":23,"key":"Cables"},{"floor":25,"key":"Pocketwatch"},{"floor":26,"key":"ReplayTheSpireMod:Lightbulb"},{"floor":38,"key":"TungstenRod"},{"floor":43,"key":"Frozen Egg 2"}],"event_choices":[{"damage_healed":0,"gold_gain":0,"player_choice":"Grow","damage_taken":0,"max_hp_gain":0,"max_hp_loss":0,"event_name":"Living Wall","floor":4,"gold_loss":0,"cards_upgraded":["Zap"]},{"damage_healed":0,"gold_gain":0,"player_choice":"Got Potions","damage_taken":0,"max_hp_gain":0,"max_hp_loss":0,"event_name":"Lab","floor":12,"gold_loss":0},{"damage_healed":0,"gold_gain":0,"player_choice":"Inject Mutagens","damage_taken":0,"relics_obtained":["MutagenicStrength"],"max_hp_gain":0,"max_hp_loss":0,"event_name":"Drug Dealer","floor":22,"gold_loss":0},{"damage_healed":0,"gold_gain":0,"player_choice":"Bought 1 Potion","damage_taken":0,"max_hp_gain":0,"max_hp_loss":0,"event_name":"The Woman in Blue","floor":36,"gold_loss":0},{"damage_healed":0,"gold_gain":0,"player_choice":"Fight","damage_taken":0,"max_hp_gain":0,"max_hp_loss":0,"event_name":"Mysterious Sphere","floor":38,"gold_loss":0},{"damage_healed":0,"gold_gain":0,"player_choice":"Paid Gold","damage_taken":0,"relics_obtained":["Centennial Puzzle"],"max_hp_gain":0,"max_hp_loss":0,"event_name":"WeMeetAgain","floor":46,"gold_loss":51}],"is_beta":false,"boss_relics":[{"not_picked":["Ring of Chaos","Philosopher\u0027s Stone"],"picked":"SlaversCollar"},{"not_picked":["Replay:Drink Me","SacredBark"],"picked":"Nuclear Battery"}],"items_purged_floors":[2,10],"is_endless":false,"potions_floor_spawned":[6,7,14,25,29,30,35,37,42,48],"killed_by":"Replay:Hell Engine","ascension_level":5}}