{"host":"gp6kafy53r5vaktt","time":1608242591,"event":{"mods":["BaseMod","Colored Map","Highlight Path","Minty Spire (QoL Compilation)"],"gold_per_floor":[116,130,130,147,167,167,192,205,286,611,611,611,642,662,662,764,764,777,777,777,231,231,262,30,65,65,93,8,25,54,64,64,64,64],"floor_reached":33,"playtime":2345,"items_purged":["Strike_G","Strike_G"],"score":385,"play_id":"89a2589b-933c-4f5b-8e64-39c10359e81e","local_time":"20201218000311","is_ascension_mode":true,"campfire_choices":[{"data":"Poisoned Stab","floor":6,"key":"SMITH"},{"data":"Blade Dance","floor":12,"key":"SMITH"},{"data":"Choke","floor":15,"key":"SMITH"},{"floor":32,"key":"RECALL"}],"circlet_count":0,"master_deck":["Strike_G","Strike_G","Defend_G","Defend_G","Defend_G","Defend_G","Defend_G","Survivor","Neutralize","Predator","Poisoned Stab+1","Iron Wave","Outmaneuver","Bouncing Flask","Dagger Spray","Dodge and Roll","Blade Dance+1","Regret","Blade Dance","Choke+1","A Thousand Cuts","Slice+1","Backstab","Infinite Blades","Escape Plan","Cloak And Dagger","Blur","Cloak And Dagger","Distraction+1","Leg Sweep"],"relics":["Ring of the Snake","Akabeko","Ninja Scroll","Old Coin","Blood Vial","Juzu Bracelet","Sozu","Nilry\u0027s Codex","Eternal Feather","Tingsha","Strawberry","InkBottle","Unceasing Top","Pen Nib","Turnip"],"acts_visited":["Exordium","TheCity"],"potions_floor_usage":[7,16,25,30,33],"damage_taken":[{"damage":0,"enemies":"Cultist","floor":1,"turns":4},{"damage":2,"enemies":"Small Slimes","floor":2,"turns":3},{"damage":0,"enemies":"Jaw Worm","floor":4,"turns":4},{"damage":0,"enemies":"Exordium Wildlife","floor":5,"turns":4},{"damage":24,"enemies":"3 Sentries","floor":7,"turns":8},{"damage":0,"enemies":"Blue Slaver","floor":8,"turns":3},{"damage":9,"enemies":"Lagavulin","floor":10,"turns":5},{"damage":8,"enemies":"3 Sentries","floor":13,"turns":3},{"damage":3,"enemies":"Lots of Slimes","floor":14,"turns":2},{"damage":24,"enemies":"Hexaghost","floor":16,"turns":7},{"damage":9,"enemies":"Spheric Guardian","floor":18,"turns":3},{"damage":8,"enemies":"Gremlin Leader","floor":23,"turns":4},{"damage":8,"enemies":"Book of Stabbing","floor":25,"turns":4},{"damage":12,"enemies":"Gremlin Leader","floor":27,"turns":6},{"damage":0,"enemies":"2 Thieves","floor":29,"turns":3},{"damage":11,"enemies":"Slavers","floor":30,"turns":5},{"damage":0,"enemies":"Snake Plant","floor":31,"turns":3},{"damage":56,"enemies":"Champ","floor":33,"turns":11}],"seed_played":"-4377630685489255870","potions_obtained":[{"floor":1,"key":"Fire Potion"},{"floor":4,"key":"Explosive Potion"},{"floor":7,"key":"LiquidBronze"},{"floor":14,"key":"FearPotion"},{"floor":16,"key":"Fruit Juice"}],"is_trial":false,"path_per_floor":["M","M","?","M","M","R","E","M","T","E","?","R","E","M","R","B",null,"M","?","?","$","T","E","$","E","T","E","?","M","E","M","R","B"],"character_chosen":"THE_SILENT","items_purchased":["Backstab","Infinite Blades","Eternal Feather","Escape Plan","Blur","Cloak And Dagger"],"campfire_rested":0,"item_purchase_floors":[21,21,21,21,24,24],"current_hp_per_floor":[77,75,75,75,75,75,51,51,51,42,42,42,36,35,35,13,77,68,52,38,38,38,39,39,33,33,23,23,25,21,23,41,0,0],"gold":64,"neow_bonus":"TEN_PERCENT_HP_BONUS","is_daily":false,"chose_seed":false,"campfire_upgraded":3,"win_rate":0.0,"timestamp":1608242591,"path_taken":["M","M","?","?","M","R","E","M","T","E","?","R","E","M","R","BOSS","M","?","?","?","?","E","$","E","T","E","?","M","E","M","R","BOSS"],"items_purchased_type":["Card","Card","Relic","Card","Card","Card"],"build_version":"2020-12-13","purchased_purges":2,"victory":false,"max_hp_per_floor":[77,77,77,77,77,77,77,77,77,77,77,77,77,77,77,77,77,77,77,82,82,82,89,89,89,89,89,89,89,94,94,94,94,94],"card_choices":[{"not_picked":["Well Laid Plans","Tactician"],"picked":"Predator","floor":1},{"not_picked":["Caltrops","Prepared"],"picked":"Poisoned Stab","floor":2},{"not_picked":["Sucker Punch","Underhanded Strike"],"picked":"Outmaneuver","floor":4},{"not_picked":["Deadly Poison","Slice"],"picked":"Bouncing Flask","floor":5},{"not_picked":["Prepared","Riddle With Holes"],"picked":"Dagger Spray","floor":7},{"not_picked":["Acrobatics","PiercingWail"],"picked":"Dodge and Roll","floor":8},{"not_picked":["Slice","Calculated Gamble"],"picked":"Blade Dance","floor":10},{"not_picked":["Dodge and Roll","Outmaneuver"],"picked":"Blade Dance","floor":13},{"not_picked":["Well Laid Plans","Dodge and Roll"],"picked":"Choke","floor":14},{"not_picked":["Corpse Explosion","Grand Finale"],"picked":"A Thousand Cuts","floor":16},{"not_picked":["Flechettes","Flying Knee"],"picked":"Slice+1","floor":18},{"not_picked":["Terror","Poisoned Stab"],"picked":"Cloak And Dagger","floor":23},{"not_picked":["Flying Knee","All Out Attack"],"picked":"Distraction+1","floor":25},{"not_picked":["Skewer","Caltrops","Quick Slash"],"picked":"SKIP","floor":27},{"not_picked":["Dodge and Roll","Blade Dance"],"picked":"Leg Sweep","floor":29},{"not_picked":["Choke+1","Blade Dance","PiercingWail"],"picked":"SKIP","floor":30},{"not_picked":["Infinite Blades","Tactician","Slice"],"picked":"SKIP","floor":31}],"player_experience":18606,"relics_obtained":[{"floor":7,"key":"Akabeko"},{"floor":9,"key":"Ninja Scroll"},{"floor":10,"key":"Old Coin"},{"floor":13,"key":"Juzu Bracelet"},{"floor":19,"key":"Nilry\u0027s Codex"},{"floor":22,"key":"Tingsha"},{"floor":23,"key":"Strawberry"},{"floor":25,"key":"InkBottle"},{"floor":27,"key":"Unceasing Top"},{"floor":30,"key":"Turnip"}],"event_choices":[{"cards_removed":["Strike_G"],"damage_healed":0,"gold_gain":0,"player_choice":"Took Card","damage_taken":0,"max_hp_gain":0,"max_hp_loss":0,"event_name":"NoteForYourself","floor":3,"gold_loss":0,"cards_obtained":["Iron Wave"]},{"damage_healed":0,"gold_gain":0,"player_choice":"Box","damage_taken":0,"relics_obtained":["Blood Vial"],"max_hp_gain":0,"max_hp_loss":0,"event_name":"Big Fish","floor":11,"gold_loss":0,"cards_obtained":["Regret"]},{"damage_healed":0,"gold_gain":0,"player_choice":"Obtained Book","damage_taken":16,"max_hp_gain":0,"max_hp_loss":0,"event_name":"Cursed Tome","floor":19,"gold_loss":0},{"damage_healed":0,"gold_gain":0,"player_choice":"Shed Blood","damage_taken":19,"max_hp_gain":5,"max_hp_loss":0,"event_name":"Forgotten Altar","floor":20,"gold_loss":0},{"damage_healed":0,"gold_gain":0,"player_choice":"Obtained Relic","damage_taken":0,"relics_obtained":["Pen Nib"],"max_hp_gain":0,"max_hp_loss":0,"event_name":"Addict","floor":28,"gold_loss":85}],"is_beta":false,"boss_relics":[{"not_picked":["SlaversCollar","Fusion Hammer"],"picked":"Sozu"}],"items_purged_floors":[21,24],"is_endless":false,"potions_floor_spawned":[1,4,7,14,16,27,29],"killed_by":"Champ","ascension_level":1}}