{"host":"2n2g1vowfllvjtvi","time":1608225608,"event":{"mods":["AchievementEnabler","BaseMod","Custom Start","GifTheSpireLib","Keyboard Shortcuts","Minty Spire (QoL Compilation)","Quick Restart","Rare Cards Sparkle","StSLib","SuperFastMode"],"gold_per_floor":[117,117,117,138,153,153,187,187,187,201,236,236,15,46,46,142,142,163,186,111,1,19,19,38,53,53,67,106,122,122,52,52,146,146,165,65,0,333,333,333,333,333],"floor_reached":41,"playtime":1263,"items_purged":["Strike_G","All Out Attack+1"],"score":882,"play_id":"d210eb46-edef-402e-9e45-5fd89110da2c","local_time":"20201218022008","is_ascension_mode":true,"campfire_choices":[{"data":"Apotheosis","floor":6.0,"key":"SMITH"},{"floor":8.0,"key":"REST"},{"floor":12.0,"key":"REST"},{"floor":15.0,"key":"REST"},{"floor":23.0,"key":"REST"},{"floor":30,"key":"DIG"},{"floor":32,"key":"REST"},{"floor":40,"key":"DIG"}],"circlet_count":0,"master_deck":["AscendersBane","Defend_G","Defend_G","Defend_G","Defend_G","Survivor","Neutralize","Apotheosis+1","Backflip","Footwork","Prepared","Grand Finale","Well Laid Plans+1","Dagger Throw+1","Acrobatics","PiercingWail","Escape Plan","Crippling Poison","Calculated Gamble","Blur","Prepared+1","Expertise+1","Tactician+1"],"relics":["Ring of the Snake","Gremlin Horn","Bottled Lightning","Paper Crane","Dream Catcher","SacredBark","Shovel","Nunchaku","Kunai","Astrolabe","Red Mask","Anchor"],"acts_visited":["Exordium","TheCity","TheBeyond"],"potions_floor_usage":[28,28,35],"damage_taken":[{"damage":3.0,"enemies":"Small Slimes","floor":1.0,"turns":4.0},{"damage":1.0,"enemies":"Jaw Worm","floor":4.0,"turns":4.0},{"damage":0.0,"enemies":"2 Louse","floor":5.0,"turns":4.0},{"damage":17.0,"enemies":"3 Sentries","floor":7.0,"turns":12.0},{"damage":0.0,"enemies":"Large Slime","floor":10.0,"turns":5.0},{"damage":1.0,"enemies":"Lagavulin","floor":11.0,"turns":8.0},{"damage":0.0,"enemies":"3 Sentries","floor":14.0,"turns":2.0},{"damage":18.0,"enemies":"Slime Boss","floor":16.0,"turns":8.0},{"damage":4.0,"enemies":"3 Byrds","floor":18.0,"turns":2.0},{"damage":0.0,"enemies":"Shell Parasite","floor":19.0,"turns":5.0},{"damage":0.0,"enemies":"Chosen and Byrds","floor":22.0,"turns":4.0},{"damage":0.0,"enemies":"Centurion and Healer","floor":24.0,"turns":8.0},{"damage":4.0,"enemies":"Cultist and Chosen","floor":25.0,"turns":5.0},{"damage":0.0,"enemies":"Snecko","floor":27.0,"turns":4.0},{"damage":7,"enemies":"Gremlin Leader","floor":28,"turns":7},{"damage":0,"enemies":"3 Cultists","floor":29,"turns":2},{"damage":0,"enemies":"Automaton","floor":33,"turns":13},{"damage":0,"enemies":"3 Shapes","floor":35,"turns":4},{"damage":0,"enemies":"Reptomancer","floor":41,"turns":1}],"seed_played":"-2877951943825493363","potions_obtained":[{"floor":5.0,"key":"EssenceOfSteel"},{"floor":10.0,"key":"Fire Potion"},{"floor":11.0,"key":"EssenceOfSteel"},{"floor":16.0,"key":"Swift Potion"},{"floor":22.0,"key":"CunningPotion"},{"floor":24.0,"key":"Strength Potion"},{"floor":27.0,"key":"SkillPotion"},{"floor":33,"key":"AttackPotion"},{"floor":35,"key":"Energy Potion"}],"is_trial":false,"path_per_floor":["M","?","?","M","M","R","E","R","T","M","E","R","$","E","R","B",null,"M","M","?","?","M","R","M","M","T","M","E","M","R","$","R","B",null,"M","$","?","?","?","R","E"],"character_chosen":"THE_SILENT","items_purchased":["Grand Finale","Calculated Gamble"],"campfire_rested":5,"item_purchase_floors":[13,31],"current_hp_per_floor":[56,49,49,48,48,48,31,47,47,47,46,54,54,54,54,36,50,46,46,46,46,46,54,54,50,50,50,43,43,43,43,54,54,54,54,54,54,54,54,54,54,54],"gold":333,"neow_bonus":"RANDOM_COLORLESS_2","is_daily":false,"chose_seed":false,"campfire_upgraded":1,"win_rate":0.0,"timestamp":1608225608,"path_taken":["M","?","?","M","M","R","E","R","T","M","E","R","$","E","R","BOSS","M","M","?","?","?","R","M","M","T","M","E","M","R","$","R","BOSS","M","$","?","?","?","R","E"],"items_purchased_type":["Card","Card"],"build_version":"2020-12-13","purchased_purges":2,"victory":false,"max_hp_per_floor":[60,60,54,54,54,54,54,54,54,54,54,54,54,54,54,54,54,54,54,54,54,54,54,54,54,54,54,54,54,54,54,54,54,54,54,54,54,54,54,54,54,54],"card_choices":[{"not_picked":["Metamorphosis","Chrysalis"],"picked":"Apotheosis","floor":0.0},{"not_picked":["Dodge and Roll","PiercingWail"],"picked":"Poisoned Stab","floor":1.0},{"not_picked":["Escape Plan","Dagger Throw"],"picked":"Acrobatics","floor":4.0},{"not_picked":["Flying Knee","Dodge and Roll","Blade Dance"],"picked":"SKIP","floor":5.0},{"not_picked":["Heel Hook","Quick Slash"],"picked":"Backflip","floor":7.0},{"not_picked":["Outmaneuver","Slice"],"picked":"Footwork","floor":10.0},{"not_picked":["Slice","Skewer"],"picked":"Prepared","floor":11.0},{"not_picked":["Sucker Punch","Catalyst","Prepared"],"picked":"SKIP","floor":14.0},{"not_picked":["Choke","Terror"],"picked":"Well Laid Plans","floor":15.0},{"not_picked":["Underhanded Strike","Caltrops+1","Dodge and Roll"],"picked":"SKIP","floor":18.0},{"not_picked":["Underhanded Strike","Infinite Blades","Endless Agony"],"picked":"SKIP","floor":19.0},{"not_picked":["Outmaneuver","Dagger Spray"],"picked":"Dagger Throw+1","floor":22.0},{"not_picked":["Skewer","Slice+1"],"picked":"Acrobatics","floor":24.0},{"not_picked":["Accuracy","Dagger Throw"],"picked":"PiercingWail","floor":25.0},{"not_picked":["Acrobatics","Poisoned Stab+1","Flying Knee"],"picked":"SKIP","floor":27.0},{"not_picked":["Expertise","Storm of Steel"],"picked":"Escape Plan","floor":28},{"not_picked":["Well Laid Plans","Blade Dance"],"picked":"Crippling Poison","floor":29},{"not_picked":["Leg Sweep","Escape Plan"],"picked":"Blur","floor":32},{"not_picked":["Deadly Poison+1","Dagger Spray+1"],"picked":"Tactician+1","floor":35}],"player_experience":429388,"relics_obtained":[{"floor":7.0,"key":"Gremlin Horn"},{"floor":9.0,"key":"Bottled Lightning"},{"floor":11.0,"key":"Paper Crane"},{"floor":14.0,"key":"Dream Catcher"},{"floor":26.0,"key":"Shovel"},{"floor":28,"key":"Nunchaku"},{"floor":30,"key":"Kunai"},{"floor":40,"key":"Anchor"}],"event_choices":[{"cards_removed":["Strike_G"],"damage_healed":0.0,"max_hp_gain":0.0,"max_hp_loss":0.0,"gold_gain":0.0,"event_name":"Golden Wing","player_choice":"Card Removal","floor":2.0,"gold_loss":0.0,"damage_taken":7.0},{"damage_healed":0.0,"max_hp_gain":0.0,"max_hp_loss":6.0,"gold_gain":0.0,"event_name":"Golden Idol","player_choice":"Lose Max HP","floor":3.0,"gold_loss":0.0,"damage_taken":0.0,"relics_obtained":["Golden Idol"]},{"cards_removed":["Strike_G"],"damage_healed":0.0,"max_hp_gain":0.0,"max_hp_loss":0.0,"gold_gain":0.0,"event_name":"Beggar","player_choice":"Gave Gold","floor":20.0,"gold_loss":75.0,"damage_taken":0.0},{"cards_removed":["Strike_G"],"damage_healed":0.0,"max_hp_gain":0.0,"max_hp_loss":0.0,"gold_gain":0.0,"event_name":"Designer","player_choice":"Upgrade and Remove","floor":21.0,"gold_loss":110.0,"damage_taken":0.0,"cards_upgraded":["Well Laid Plans"]},{"damage_healed":0,"gold_gain":0,"player_choice":"Paid","damage_taken":0,"relics_obtained":["Red Mask"],"max_hp_gain":0,"max_hp_loss":0,"event_name":"Tomb of Lord Red Mask","floor":37,"gold_loss":65},{"damage_healed":0,"gold_gain":333,"player_choice":"Gave Idol","damage_taken":0,"max_hp_gain":0,"max_hp_loss":0,"event_name":"The Moai Head","floor":38,"relics_lost":["Golden Idol"],"gold_loss":0},{"cards_removed":["Acrobatics"],"damage_healed":0,"gold_gain":0,"player_choice":"Removed Skill","damage_taken":0,"max_hp_gain":0,"max_hp_loss":0,"event_name":"Falling","floor":39,"gold_loss":0}],"is_beta":false,"boss_relics":[{"not_picked":["Cursed Key","Ectoplasm"],"picked":"SacredBark"},{"not_picked":["Ring of the Serpent","Snecko Eye"],"picked":"Astrolabe"}],"items_purged_floors":[13,36],"is_endless":false,"potions_floor_spawned":[5,10,11,16,22,24,27,33,35],"killed_by":"Reptomancer","ascension_level":15}}