{"host":"erulnpr9qdnrfj6h","time":1608169465,"event":{"mods":["AchievementEnabler","BaseMod","Colored Map","Minty Spire (QoL Compilation)","Rare Cards Sparkle","SuperFastMode"],"gold_per_floor":[110,285,235,335,354,354,354,388,459,474,518,527,550,164,164,269,269,294,316,360,378,427,463,483,528,528,548,577,577,677,687,687,687,687],"floor_reached":33,"playtime":1304,"items_purged":[],"score":435,"play_id":"85da9954-6268-410f-9b4d-9b72dcca4721","local_time":"20201217104425","is_ascension_mode":true,"campfire_choices":[{"data":"Hello World","floor":6.0,"key":"SMITH"},{"data":"Loop","floor":15.0,"key":"SMITH"},{"data":"Seek","floor":29.0,"key":"SMITH"},{"data":"Electrodynamics","floor":32.0,"key":"SMITH"}],"circlet_count":0,"master_deck":["Defend_B","Defend_B","Defend_B","Defend_B","Zap","Dualcast","Redo","Hello World+1","Leap","Loop+1","Doom and Gloom","Darkness","FTL","Thunder Strike","Electrodynamics+1","Defragment+1","Hologram","Capacitor+1","Beam Cell","Seek+1","Ball Lightning+1","Coolheaded+1","Bite","Bite","Bite","Bite","Bite","Undo","Electrodynamics"],"relics":["Cracked Core","Juzu Bracelet","Tiny Chest","Meat on the Bone","Symbiotic Virus","CeramicFish","White Beast Statue","Nuclear Battery","Red Mask","Ancient Tea Set","Matryoshka","Sundial","Potion Belt"],"acts_visited":["Exordium","TheCity"],"potions_floor_usage":[33,33,33,33],"damage_taken":[{"damage":2.0,"enemies":"Jaw Worm","floor":1.0,"turns":4.0},{"damage":2.0,"enemies":"2 Louse","floor":5.0,"turns":2.0},{"damage":25.0,"enemies":"3 Sentries","floor":8.0,"turns":8.0},{"damage":0.0,"enemies":"Cultist","floor":10.0,"turns":3.0},{"damage":13.0,"enemies":"Gremlin Nob","floor":11.0,"turns":4.0},{"damage":0.0,"enemies":"3 Louse","floor":13.0,"turns":4.0},{"damage":8.0,"enemies":"The Guardian","floor":16.0,"turns":7.0},{"damage":0.0,"enemies":"Spheric Guardian","floor":18.0,"turns":3.0},{"damage":9.0,"enemies":"3 Byrds","floor":19.0,"turns":3.0},{"damage":11.0,"enemies":"Masked Bandits","floor":20.0,"turns":3.0},{"damage":42.0,"enemies":"Slavers","floor":23.0,"turns":4.0},{"damage":2.0,"enemies":"3 Cultists","floor":24.0,"turns":4.0},{"damage":18.0,"enemies":"Shelled Parasite and Fungi","floor":27.0,"turns":5.0},{"damage":21.0,"enemies":"Sentry and Sphere","floor":28.0,"turns":4.0},{"damage":12.0,"enemies":"Snake Plant","floor":31.0,"turns":3.0},{"damage":97,"enemies":"Champ","floor":33,"turns":6}],"seed_played":"3755147016662840091","potions_obtained":[{"floor":8.0,"key":"Ancient Potion"},{"floor":10.0,"key":"Weak Potion"},{"floor":13.0,"key":"Explosive Potion"},{"floor":16.0,"key":"FairyPotion"},{"floor":18.0,"key":"SteroidPotion"},{"floor":19.0,"key":"Energy Potion"},{"floor":20.0,"key":"Energy Potion"},{"floor":23.0,"key":"DistilledChaos"},{"floor":24.0,"key":"Regen Potion"},{"floor":27.0,"key":"SteroidPotion"},{"floor":28.0,"key":"Fire Potion"},{"floor":31.0,"key":"Energy Potion"}],"is_trial":false,"path_per_floor":["M","?","?","?","M","R","?","E","T","M","E","?","M","$","R","B",null,"M","M","?","?","T","E","M","?","T","M","M","R","?","M","R","B"],"character_chosen":"DEFECT","items_purchased":["White Beast Statue","Thunder Strike"],"campfire_rested":0,"item_purchase_floors":[14,14],"current_hp_per_floor":[66,66,66,66,64,64,57,32,32,44,43,43,43,43,43,47,68,68,59,48,48,48,18,28,28,28,32,31,31,31,27,27,0,0],"gold":687,"neow_bonus":"RANDOM_COMMON_RELIC","is_daily":false,"chose_seed":false,"campfire_upgraded":4,"win_rate":0.0,"timestamp":1608169465,"path_taken":["M","?","?","?","M","R","?","E","T","M","E","?","M","$","R","BOSS","M","M","?","?","?","E","M","?","T","M","M","R","?","M","R","BOSS"],"items_purchased_type":["Relic","Card"],"build_version":"2020-12-13","purchased_purges":0,"victory":false,"max_hp_per_floor":[75,75,75,75,75,75,75,75,75,75,75,75,75,75,75,75,75,75,75,75,75,75,75,75,52,52,52,52,52,52,52,52,52,52],"card_choices":[{"not_picked":["Reinforced Body","Rebound"],"picked":"Redo","floor":1.0},{"not_picked":["Conserve Battery","Melter"],"picked":"Hello World","floor":5.0},{"not_picked":["FTL","Rebound"],"picked":"Leap","floor":8.0},{"not_picked":["Sunder","Beam Cell"],"picked":"Loop","floor":10.0},{"not_picked":["Melter","Beam Cell"],"picked":"Doom and Gloom","floor":11.0},{"not_picked":["Tempest","Rebound"],"picked":"FTL","floor":13.0},{"not_picked":["Rainbow","Machine Learning"],"picked":"Electrodynamics","floor":16.0},{"not_picked":["Leap","Rebound+1"],"picked":"Defragment+1","floor":18.0},{"not_picked":["Lockon","Turbo"],"picked":"Hologram","floor":19.0},{"not_picked":["Undo","Sweeping Beam"],"picked":"Capacitor+1","floor":20.0},{"not_picked":["Melter","Go for the Eyes"],"picked":"Ball Lightning+1","floor":23.0},{"not_picked":["Consume","Doom and Gloom"],"picked":"Coolheaded+1","floor":24.0},{"not_picked":["Heatsinks","Chaos"],"picked":"Undo","floor":27.0},{"not_picked":["Compile Driver","Hologram"],"picked":"Electrodynamics","floor":28.0},{"not_picked":["Beam Cell","Redo","Gash"],"picked":"SKIP","floor":31.0}],"player_experience":171741,"relics_obtained":[{"floor":8.0,"key":"Meat on the Bone"},{"floor":9.0,"key":"Symbiotic Virus"},{"floor":11.0,"key":"CeramicFish"},{"floor":20.0,"key":"Red Mask"},{"floor":22.0,"key":"Ancient Tea Set"},{"floor":23.0,"key":"Matryoshka"},{"floor":26.0,"key":"Sundial"},{"floor":26.0,"key":"Potion Belt"}],"event_choices":[{"damage_healed":0.0,"max_hp_gain":0.0,"max_hp_loss":0.0,"gold_gain":175.0,"event_name":"Liars Game","player_choice":"AGREE","floor":2.0,"gold_loss":0.0,"damage_taken":0.0,"cards_obtained":["Doubt"]},{"cards_removed":["Doubt"],"damage_healed":0.0,"max_hp_gain":0.0,"max_hp_loss":0.0,"gold_gain":0.0,"event_name":"The Cleric","player_choice":"Card Removal","floor":3.0,"gold_loss":50.0,"damage_taken":0.0},{"damage_healed":0.0,"max_hp_gain":0.0,"max_hp_loss":0.0,"gold_gain":100.0,"event_name":"Wheel of Change","player_choice":"Gold","floor":4.0,"gold_loss":0.0,"damage_taken":0.0},{"damage_healed":0.0,"max_hp_gain":0.0,"max_hp_loss":0.0,"gold_gain":0.0,"event_name":"Scrap Ooze","player_choice":"Success","floor":7.0,"gold_loss":0.0,"damage_taken":7.0,"relics_obtained":["Tiny Chest"]},{"damage_healed":0.0,"max_hp_gain":0.0,"max_hp_loss":0.0,"gold_gain":0.0,"cards_transformed":["Strike_B"],"event_name":"Transmorgrifier","player_choice":"Transformed","floor":12.0,"gold_loss":0.0,"damage_taken":0.0,"cards_obtained":["Darkness"]},{"damage_healed":0.0,"max_hp_gain":0.0,"max_hp_loss":0.0,"gold_gain":0.0,"event_name":"Masked Bandits","player_choice":"Fought Bandits","floor":20.0,"gold_loss":0.0,"damage_taken":0.0},{"damage_healed":0.0,"max_hp_gain":0.0,"max_hp_loss":0.0,"gold_gain":0.0,"cards_transformed":["Strike_B","Strike_B"],"event_name":"Drug Dealer","player_choice":"Became Test Subject","floor":21.0,"gold_loss":0.0,"damage_taken":0.0,"cards_obtained":["Beam Cell","Seek"]},{"damage_healed":0.0,"max_hp_gain":0.0,"max_hp_loss":23.0,"gold_gain":0.0,"event_name":"Vampires","player_choice":"Became a vampire","floor":25.0,"gold_loss":0.0,"damage_taken":0.0,"cards_obtained":["Bite","Bite","Bite","Bite","Bite"]},{"damage_healed":0.0,"max_hp_gain":0.0,"max_hp_loss":0.0,"gold_gain":100.0,"event_name":"Golden Shrine","player_choice":"Pray","floor":30.0,"gold_loss":0.0,"damage_taken":0.0}],"is_beta":false,"boss_relics":[{"not_picked":["SacredBark","Coffee Dripper"],"picked":"Nuclear Battery"}],"items_purged_floors":[],"is_endless":false,"potions_floor_spawned":[8,10,13,16,18,19,20,23,24,27,28,31],"killed_by":"Champ","ascension_level":8}}