{"host":"szp1d6dso4pv7ddl","time":1608165921,"event":{"mods":["AchievementEnabler","Alarm Clock","BaseMod","Bestiary","Block Reminder","Colored Map","Colored Powertips","Curses Come First","Displayed Cursed Tome","Highlight Path","Minty Spire (QoL Compilation)","Permanent Neow","Quick Restart","Relic Stats","StSLib"],"gold_per_floor":[364,383,383,401,133,133,133],"floor_reached":6,"playtime":258,"items_purged":["Defend_R"],"score":56,"play_id":"09bcd7e8-baea-4598-bfd7-e85800686626","local_time":"20201216164521","is_ascension_mode":true,"campfire_choices":[],"circlet_count":0,"master_deck":["AscendersBane","Strike_R","Strike_R","Strike_R","Strike_R","Strike_R","Defend_R","Defend_R","Defend_R","Bash","Shrug It Off","Panache"],"relics":["Burning Blood","CultistMask"],"acts_visited":["Exordium"],"potions_floor_usage":[],"damage_taken":[{"damage":0.0,"enemies":"Small Slimes","floor":1.0,"turns":4.0},{"damage":28.0,"enemies":"Cultist","floor":2.0,"turns":6.0},{"damage":3.0,"enemies":"Jaw Worm","floor":4.0,"turns":6.0},{"damage":53,"enemies":"Lagavulin","floor":6,"turns":7}],"seed_played":"-225541669686542446","potions_obtained":[{"floor":4.0,"key":"Block Potion"}],"is_trial":false,"path_per_floor":["M","M","?","M","$","E"],"character_chosen":"IRONCLAD","items_purchased":["Panache"],"campfire_rested":0,"item_purchase_floors":[5],"current_hp_per_floor":[72,50,50,53,53,0,0],"gold":133,"neow_bonus":"TWO_FIFTY_GOLD","is_daily":false,"chose_seed":false,"campfire_upgraded":0,"win_rate":0.0,"timestamp":1608165921,"path_taken":["M","M","?","M","$","E"],"items_purchased_type":["Card"],"build_version":"2020-12-13","purchased_purges":1,"victory":false,"max_hp_per_floor":[72,72,72,72,72,72,72],"relic_stats":{"counters":[4,23],"obtain_stats":[{"CultistMask":3,"Burning Blood":0},{"CultistMask":2,"Burning Blood":0},{"CultistMask":10,"Burning Blood":0}],"Burning Blood":12},"card_choices":[{"not_picked":["Twin Strike","Whirlwind","Wild Strike"],"picked":"SKIP","floor":1.0},{"not_picked":["Power Through","Anger"],"picked":"Shrug It Off","floor":2.0},{"not_picked":["Burning Pact","Clash","Rage"],"picked":"SKIP","floor":4.0}],"player_experience":955893,"relics_obtained":[],"event_choices":[{"damage_healed":0.0,"max_hp_gain":0.0,"max_hp_loss":0.0,"gold_gain":0.0,"event_name":"FaceTrader","player_choice":"Trade","floor":3.0,"gold_loss":0.0,"damage_taken":0.0,"relics_obtained":["CultistMask"]}],"is_beta":false,"boss_relics":[],"items_purged_floors":[5],"is_endless":false,"potions_floor_spawned":[4],"killed_by":"Lagavulin","ascension_level":11}}