{"host":"dntw6kil9p09eemm","time":1608177053,"event":{"mods":["BaseMod","Become a monster €›?Œ÷","BetterRewards","Colored Powertips","Hermit","Keyboard Shortcuts","Minty Spire (QoL Compilation)","Permanent Neow","Practice Mode","Shop Mod","Spicy Shops","StSLib","The Runesmith","Waifu the Spire","vexMod"],"gold_per_floor":[349,361,361,376,391,410,436,39,39,116,150,20,20,20,195,195,296,296,296,308,308,320,42,42,42,59,78,105,114,114,114,189,289,289,289,289],"floor_reached":35,"playtime":1221,"items_purged":["Doubt"],"score":311,"play_id":"7ef8d445-b10e-4f69-8699-8c0d3861394d","local_time":"20201217125053","is_ascension_mode":false,"campfire_choices":[{"floor":9.0,"key":"REST"},{"floor":16.0,"key":"REST"},{"data":"Hologram","floor":25,"key":"SMITH"},{"floor":31,"key":"REST"},{"floor":34,"key":"REST"}],"circlet_count":0,"master_deck":["Strike_B","Defend_B","Defend_B","Zap","Dualcast","Defragment","FTL","Redo","Sweeping Beam","Hologram+1","FTL","Rebound","Clumsy","The Bomb","Buffer","Rainbow+1","Glacier+1","Auto Shields+1","Zap","Ball Lightning","Creative AI","Recycle","Beam Cell","Turbo","Self Repair"],"relics":["Cracked Core","Ice Cream","MerchantsRug","Shuriken","Juzu Bracelet","DataDisk","Astrolabe","Strawberry"],"acts_visited":["Exordium","TheCity"],"potions_floor_usage":[35],"damage_taken":[{"damage":0.0,"enemies":"3 Shapes","floor":2.0,"turns":1.0},{"damage":2.0,"enemies":"Small Slimes","floor":4.0,"turns":3.0},{"damage":0.0,"enemies":"2 Louse","floor":5.0,"turns":2.0},{"damage":8.0,"enemies":"Lots of Slimes","floor":6.0,"turns":4.0},{"damage":25.0,"enemies":"3 Sentries","floor":7.0,"turns":6.0},{"damage":18.0,"enemies":"Gremlin Nob","floor":11.0,"turns":4.0},{"damage":37.0,"enemies":"The Guardian","floor":17.0,"turns":5.0},{"damage":0,"enemies":"3 Shapes","floor":20,"turns":1},{"damage":0,"enemies":"Spheric Guardian","floor":22,"turns":3},{"damage":34,"enemies":"Cultist and Chosen","floor":26,"turns":5},{"damage":26,"enemies":"3 Cultists","floor":27,"turns":5},{"damage":53,"enemies":"Champ","floor":35,"turns":8}],"seed_played":"-2976112569097700541","potions_obtained":[{"floor":2.0,"key":"Ancient Potion"},{"floor":4.0,"key":"PotionOfCapacity"},{"floor":5.0,"key":"DistilledChaos"},{"floor":11.0,"key":"SteroidPotion"},{"floor":20,"key":"DistilledChaos"}],"is_trial":false,"path_per_floor":["M","M","?","M","M","M","E","$","R","T","E","$","?","?","?","R","B",null,"M","M","?","M","$","?","R","M","M","T","$","?","R","?","?","R","B"],"character_chosen":"DEFECT","items_purchased":["MerchantsRug","FTL","Shuriken","DataDisk","The Bomb","Ball Lightning","vexMod:Spyglass","Turbo","Self Repair"],"campfire_rested":4,"item_purchase_floors":[8,8,8,12,12,23,23,29,29],"current_hp_per_floor":[68,68,68,66,66,58,33,33,53,53,35,41,23,23,23,45,8,74,74,74,74,74,74,74,74,40,14,21,21,6,31,23,23,48,0,0],"gold":289,"neow_bonus":"TWO_FIFTY_GOLD","is_daily":false,"chose_seed":false,"campfire_upgraded":1,"win_rate":0.0,"timestamp":1608177053,"path_taken":["M","?","M","M","M","E","$","R","T","E","$","?","?","?","R","BOSS","M","?","M","$","?","R","M","M","T","?","?","R","?","?","R","BOSS"],"items_purchased_type":["Relic","Card","Relic","Relic","Card","Card","Relic","Card","Card"],"build_version":"2020-12-13","purchased_purges":1,"victory":false,"max_hp_per_floor":[68,68,68,68,68,68,68,68,68,68,68,74,74,74,74,74,74,74,74,74,74,74,74,74,74,74,74,81,81,86,86,86,86,86,86,86],"card_choices":[{"not_picked":["Redo","Leap"],"picked":"Defragment","floor":2.0},{"not_picked":["Force Field","Rebound"],"picked":"FTL","floor":4.0},{"not_picked":["Barrage","Go for the Eyes"],"picked":"Redo","floor":5.0},{"not_picked":["Coolheaded","Chaos"],"picked":"Sweeping Beam","floor":6.0},{"not_picked":["Compile Driver","Reinforced Body"],"picked":"Hologram","floor":7.0},{"not_picked":["Go for the Eyes","Cold Snap"],"picked":"Rebound","floor":11.0},{"not_picked":["Amplify","Reboot"],"picked":"Buffer","floor":17.0},{"not_picked":["Gash","Aggregate","Skim"],"picked":"SKIP","floor":20},{"not_picked":["Barrage+1","Scrape","Reprogram"],"picked":"SKIP","floor":22},{"not_picked":["Skim","Chill","Chaos"],"picked":"SKIP","floor":26},{"not_picked":["Sweeping Beam","Fusion+1"],"picked":"Beam Cell","floor":27}],"player_experience":180523,"relics_obtained":[{"floor":7.0,"key":"Ice Cream"},{"floor":10.0,"key":"Darkstone Periapt"},{"floor":11.0,"key":"Juzu Bracelet"},{"floor":28,"key":"Strawberry"}],"event_choices":[{"damage_healed":0.0,"max_hp_gain":0.0,"max_hp_loss":0.0,"gold_gain":0.0,"event_name":"Shining Light","player_choice":"Ignored","floor":3.0,"gold_loss":0.0,"damage_taken":0.0},{"damage_healed":0.0,"max_hp_gain":0.0,"max_hp_loss":0.0,"gold_gain":0.0,"event_name":"Scrap Ooze","player_choice":"Success","floor":13.0,"gold_loss":0.0,"damage_taken":18.0,"relics_obtained":["Ornamental Fan"]},{"damage_healed":0.0,"max_hp_gain":0.0,"max_hp_loss":0.0,"gold_gain":0.0,"cards_transformed":["Strike_B"],"event_name":"Living Wall","player_choice":"Change","floor":14.0,"gold_loss":0.0,"damage_taken":0.0,"cards_obtained":["Hello World"]},{"damage_healed":0.0,"max_hp_gain":0.0,"max_hp_loss":0.0,"gold_gain":175.0,"event_name":"Liars Game","player_choice":"AGREE","floor":15.0,"gold_loss":0.0,"damage_taken":0.0,"cards_obtained":["Doubt"]},{"damage_healed":0,"gold_gain":0,"player_choice":"1 cards matched","damage_taken":0,"max_hp_gain":0,"max_hp_loss":0,"event_name":"Match and Keep!","floor":21,"gold_loss":0,"cards_obtained":["Zap"]},{"damage_healed":0,"gold_gain":0,"cards_transformed":["Strike_B","Strike_B"],"player_choice":"Became Test Subject","damage_taken":0,"max_hp_gain":0,"max_hp_loss":0,"event_name":"Drug Dealer","floor":24,"gold_loss":0,"cards_obtained":["Creative AI","Recycle"]},{"damage_healed":0,"gold_gain":0,"player_choice":"Shed Blood","damage_taken":20,"max_hp_gain":5,"max_hp_loss":0,"event_name":"Forgotten Altar","floor":30,"gold_loss":0},{"damage_healed":0,"gold_gain":75,"player_choice":"Touch","damage_taken":8,"max_hp_gain":0,"max_hp_loss":0,"event_name":"FaceTrader","floor":32,"gold_loss":0},{"damage_healed":0,"gold_gain":100,"player_choice":"Pray","damage_taken":0,"max_hp_gain":0,"max_hp_loss":0,"event_name":"Golden Shrine","floor":33,"gold_loss":0}],"is_beta":false,"boss_relics":[{"not_picked":["vexMod:EndlessSickness","vexMod:FluxCapacitor"],"picked":"Astrolabe"}],"items_purged_floors":[23],"is_endless":false,"potions_floor_spawned":[2,4,5,11,20],"killed_by":"Champ","ascension_level":0}}