{"host":"nnw06giuvlwk603n","time":1608211206,"event":{"mods":["Act Like it!","Aspiration","BaseMod","Better Altar","Better Match","Better Note","Better Sensory Stone","Better Skull","Better Third Choice","Better Vampires","BetterRewards","Dio Mod","Downfall","Elementarium","GifTheSpireLib","Hermit","Hubris","Infinite Spire","Ironclad Rager","Marisa????????","Minty Spire (QoL Compilation)","Rare Cards Sparkle","Replay The Spire","Robot Space Explorer","Spicy Shops","StSLib","Stuff the Spire","The Cursed","The Edgeheg"],"gold_per_floor":[99,99,24,24,24,24,51,51,51,80,100,112,112,122,142,142,142],"floor_reached":16,"playtime":550,"items_purged":[],"score":123,"play_id":"4d723c81-f804-48eb-b286-a88e564cb46d","local_time":"20201217082006","is_ascension_mode":false,"campfire_choices":[{"floor":1,"key":"RECALL"},{"floor":3,"key":"REST"}],"circlet_count":0,"master_deck":["hexamod:Strike","hexamod:Strike","hexamod:Strike","hexamod:Strike","hexamod:Defend+1","hexamod:Defend","hexamod:Defend","hexamod:Defend","hexamod:Sear","hexamod:Float","hexamod:FirstSeal","hexamod:BacktrackSmack","Regret","dioMod:DominatingPresence","hexamod:RadiantFlame","hexamod:Firestarter","hexamod:ThirdSeal","hexamod:SwordOfDarkness","hexamod:GhostflameBarrier","dioMod:MudaMudaMuda"],"relics":["theEdgeheg:CSGunRelic","downfall:HeartsMalice","downfall:HeartBlessingRed","StuffTheSpire:RedRose","hexamod:BolsterEngine","hubris:DisguiseKit","Snack Pack","infinitespire:Cubic Diamond"],"acts_visited":["Exordium"],"potions_floor_usage":[],"damage_taken":[{"damage":0,"enemies":"2 Louse","floor":5,"turns":1},{"damage":0,"enemies":"Small Slimes","floor":9,"turns":1},{"damage":0,"enemies":"Replay:BlueRogue","floor":10,"turns":1},{"damage":9,"enemies":"Jaw Worm","floor":11,"turns":4},{"damage":2,"enemies":"Large Slime","floor":12,"turns":5},{"damage":8,"enemies":"Blue Slaver","floor":14,"turns":2},{"damage":15,"enemies":"Exordium Thugs","floor":15,"turns":2},{"damage":66,"enemies":"downfall:Defect","floor":16,"turns":5}],"seed_played":"-7997164904631880543","potions_obtained":[{"floor":11,"key":"Elixir"},{"floor":12,"key":"Dexterity Potion"},{"floor":14,"key":"Milkshake"}],"is_trial":false,"path_per_floor":["R","?","R","?","M","?","T","?","M","E","M","M","?","M","M","B"],"character_chosen":"THE_SPIRIT","items_purchased":[],"campfire_rested":1,"item_purchase_floors":[],"current_hp_per_floor":[70,63,70,70,70,70,70,64,64,64,62,69,69,69,55,0,0],"gold":142,"neow_bonus":"THREE_ENEMY_KILL","is_daily":false,"chose_seed":false,"campfire_upgraded":0,"win_rate":0.0,"timestamp":1608211206,"path_taken":["R","?","R","?","M","?","T","?","?","E","M","M","?","M","M","BOSS"],"items_purchased_type":[],"build_version":"2020-12-13","purchased_purges":0,"victory":false,"max_hp_per_floor":[70,70,70,70,70,70,70,70,70,70,70,70,70,70,70,70,70],"card_choices":[{"not_picked":["hexamod:GhostOfSpirePast","hexamod:PhantomCloak"],"picked":"hexamod:BacktrackSmack","floor":5},{"not_picked":["hexamod:GhostOfSpirePresent","hexamod:GhostShield","hexamod:SwordOfDarkness"],"picked":"dioMod:DominatingPresence","floor":9},{"not_picked":["hexamod:EmpoweredFlame","hexamod:BurningTouch","dioMod:Freeze"],"picked":"hexamod:RadiantFlame","floor":10},{"not_picked":["hexamod:BurningTouch","hexamod:GhostflameBarrier","dioMod:FlyAway"],"picked":"hexamod:Firestarter","floor":11},{"not_picked":["hexamod:GhostflameBarrier","hexamod:FourthSeal","dioMod:TripleThreat"],"picked":"hexamod:ThirdSeal","floor":12},{"not_picked":["hexamod:InspiringFlames","hexamod:AdvancingGuard","dioMod:Hiss"],"picked":"hexamod:SwordOfDarkness","floor":14},{"not_picked":["hexamod:NightmareGuise","hexamod:HeatShield","dioMod:DisarmingVoice"],"picked":"hexamod:GhostflameBarrier","floor":15},{"not_picked":["hexamod:ThermalTransfer","hexamod:FastForward","hexamod:Hexaguard"],"picked":"dioMod:MudaMudaMuda","floor":15}],"player_experience":1286666,"relics_obtained":[{"floor":7,"key":"hexamod:BolsterEngine"},{"floor":10,"key":"Snack Pack"}],"event_choices":[],"is_beta":false,"boss_relics":[],"items_purged_floors":[],"is_endless":false,"potions_floor_spawned":[11,12,14],"killed_by":"downfall:Defect","ascension_level":0}}