{"host":"sav7uxregyirlf69","time":1608176201,"event":{"mods":["AchievementEnabler","BaseMod","Colored Map","DeckTracker","Keyboard Shortcuts","Minty Spire (QoL Compilation)","READ ME - Guardian Mod","StSLib","SuperFastMode"],"gold_per_floor":[117,137,62,112,132,132,152,171,171,171,171],"floor_reached":10,"playtime":161,"items_purged":["Strike_G"],"score":120,"play_id":"7ebb2421-5fe8-4224-bcdc-9548c0de881f","local_time":"20201217123641","is_ascension_mode":true,"campfire_choices":[{"data":"Bouncing Flask","floor":6.0,"key":"SMITH"}],"circlet_count":0,"master_deck":["AscendersBane","Strike_G","Strike_G","Strike_G","Defend_G","Defend_G","Defend_G","Defend_G","Survivor","Neutralize","Riddle With Holes","Bouncing Flask+1","PiercingWail","Backflip"],"relics":["Ring of the Snake"],"acts_visited":["Exordium"],"potions_floor_usage":[],"damage_taken":[{"damage":3.0,"enemies":"Cultist","floor":1.0,"turns":4.0},{"damage":0.0,"enemies":"2 Louse","floor":2.0,"turns":2.0},{"damage":7.0,"enemies":"Jaw Worm","floor":5.0,"turns":3.0},{"damage":5.0,"enemies":"3 Louse","floor":7.0,"turns":5.0},{"damage":9.0,"enemies":"Exordium Thugs","floor":8.0,"turns":6.0},{"damage":45,"enemies":"Gremlin Nob","floor":10,"turns":4}],"seed_played":"-645004229395642449","potions_obtained":[{"floor":7.0,"key":"Block Potion"}],"is_trial":false,"path_per_floor":["M","M","$","?","M","R","M","M","T","E"],"character_chosen":"THE_SILENT","items_purchased":[],"campfire_rested":0,"item_purchase_floors":[],"current_hp_per_floor":[56,56,56,56,49,49,44,35,35,0,0],"gold":171,"neow_bonus":"REMOVE_TWO","is_daily":false,"chose_seed":false,"campfire_upgraded":1,"win_rate":0.0,"timestamp":1608176201,"path_taken":["M","M","?","?","M","R","M","M","T","E"],"items_purchased_type":[],"build_version":"2020-12-13","purchased_purges":1,"victory":false,"max_hp_per_floor":[60,60,60,60,60,60,60,60,60,60,60],"card_choices":[{"not_picked":["PiercingWail","Sucker Punch"],"picked":"Riddle With Holes","floor":1.0},{"not_picked":["Slice","Choke"],"picked":"Bouncing Flask","floor":2.0},{"not_picked":["Slice","Grand Finale"],"picked":"PiercingWail","floor":5.0},{"not_picked":["Sucker Punch","Outmaneuver"],"picked":"Backflip","floor":7.0},{"not_picked":["Poisoned Stab","Backflip","Heel Hook"],"picked":"SKIP","floor":8.0}],"player_experience":935620,"relics_obtained":[],"event_choices":[{"damage_healed":0.0,"max_hp_gain":0.0,"max_hp_loss":0.0,"gold_gain":50.0,"event_name":"Golden Shrine","player_choice":"Pray","floor":4.0,"gold_loss":0.0,"damage_taken":0.0}],"is_beta":false,"boss_relics":[],"items_purged_floors":[3],"is_endless":false,"potions_floor_spawned":[7],"killed_by":"Gremlin Nob","ascension_level":20}}