{"host":"wbdly04l9mkn9nrc","time":1608210843,"event":{"mods":["AchievementEnabler","BaseMod","BetterRewards","Minty Spire (QoL Compilation)","StSLib","[IsaacMod]ÒÔÈö¼âËþ"],"gold_per_floor":[112,131,146,159,228,263,281,301,375,409,80,93,93,132,132,251,251,264,35,68,68,68,68,93,93,161,182,182,215,70,91,91,221,221,244,263,1262,1262,1262,1262,1275,1275,1355,1388,1721,1621,1654,1876,1876,1876,1876,1876,1376,1408,1408],"floor_reached":56,"playtime":2947,"items_purged":["Strike_R","Writhe","Normality","Normality"],"score":2395,"play_id":"ebc366e9-4f61-47f1-a079-13811f7e0386","local_time":"20201217211403","is_ascension_mode":true,"campfire_choices":[{"data":"Armaments","floor":15.0,"key":"SMITH"},{"data":"Offering","floor":23.0,"key":"SMITH"},{"floor":25.0,"key":"RECALL"},{"data":"Double Tap","floor":32.0,"key":"SMITH"},{"data":"Apotheosis","floor":40.0,"key":"SMITH"},{"data":"Battle Trance","floor":42.0,"key":"SMITH"},{"floor":49,"key":"REST"},{"floor":52,"key":"REST"}],"circlet_count":0,"master_deck":["Strike_R","Strike_R+1","Defend_R","Defend_R","Defend_R","Bash+1","Headbutt+1","Twin Strike+1","Pommel Strike+1","Pommel Strike+1","Flex","Armaments+1","Ghostly Armor","Heavy Blade+1","Uppercut+1","Demon Form","Shrug It Off","Immolate+1","Offering+1","Shockwave+1","Impervious","Double Tap+1","Flex+1","Bludgeon+1","Twin Strike+1","Clash+1","Sentinel+1","Apotheosis+1","Battle Trance+1","Headbutt+1","Heavy Blade+1"],"relics":["Burning Blood","HushsDoor","GuppysHead","Singing Bowl","Molten Egg 2","Lee\u0027s Waffle","GuppysTail","BelialBook","SatanicBible","PreservedInsect","Matryoshka","Whetstone","Lizard Tail","Paper Frog","Philosopher\u0027s Stone","GuppysPaw","Pen Nib","Red Mask","MoneyPower","Shuriken","Happy Flower","The Courier","Question Card","Charon\u0027s Ashes","Dream Catcher","Astrolabe","Oddly Smooth Stone","TheBean","SteamSale","Orichalcum","BlankCard","Vajra"],"acts_visited":["Exordium","TheCity","TheBeyond","TheEnding"],"potions_floor_usage":[],"damage_taken":[{"damage":0.0,"enemies":"Cultist","floor":1.0,"turns":2.0},{"damage":11.0,"enemies":"2 Louse","floor":2.0,"turns":3.0},{"damage":7.0,"enemies":"Jaw Worm","floor":3.0,"turns":2.0},{"damage":14.0,"enemies":"Exordium Thugs","floor":4.0,"turns":4.0},{"damage":5.0,"enemies":"3 Sentries","floor":6.0,"turns":5.0},{"damage":6.0,"enemies":"Looter","floor":7.0,"turns":2.0},{"damage":5.0,"enemies":"Exordium Wildlife","floor":8.0,"turns":3.0},{"damage":0.0,"enemies":"Gremlin Nob","floor":10.0,"turns":2.0},{"damage":13.0,"enemies":"Large Slime","floor":12.0,"turns":3.0},{"damage":20.0,"enemies":"Lagavulin","floor":14.0,"turns":3.0},{"damage":0.0,"enemies":"Slime Boss","floor":16.0,"turns":4.0},{"damage":0.0,"enemies":"2 Thieves","floor":18.0,"turns":2.0},{"damage":0.0,"enemies":"Masked Bandits","floor":20.0,"turns":2.0},{"damage":0.0,"enemies":"Shell Parasite","floor":24.0,"turns":2.0},{"damage":0.0,"enemies":"Shelled Parasite and Fungi","floor":27.0,"turns":3.0},{"damage":0.0,"enemies":"Gremlin Leader","floor":29.0,"turns":2.0},{"damage":0.0,"enemies":"Cultist and Chosen","floor":31.0,"turns":1.0},{"damage":0.0,"enemies":"Champ","floor":33.0,"turns":3.0},{"damage":0.0,"enemies":"3 Darklings","floor":35.0,"turns":1.0},{"damage":0.0,"enemies":"Orb Walker","floor":36.0,"turns":2.0},{"damage":0.0,"enemies":"Maw","floor":41.0,"turns":3.0},{"damage":31.0,"enemies":"Nemesis","floor":44.0,"turns":4.0},{"damage":0,"enemies":"Reptomancer","floor":47,"turns":2},{"damage":27,"enemies":"Awakened One","floor":50,"turns":3},{"damage":0,"enemies":"Shield and Spear","floor":54,"turns":2},{"damage":66,"enemies":"The Heart","floor":55,"turns":4}],"seed_played":"-2399832627676209199","potions_obtained":[{"floor":3.0,"key":"Weak Potion"},{"floor":6.0,"key":"BlessingOfTheForge"},{"floor":7.0,"key":"FearPotion"},{"floor":12.0,"key":"Strength Potion"},{"floor":44.0,"key":"SteroidPotion"}],"is_trial":false,"path_per_floor":["M","M","M","M","T","E","M","M","T","E","$","M","?","E","R","B",null,"M","$","?","T","?","R","M","R","T","M","?","E","$","M","R","B",null,"M","M","?","?","?","R","M","R","T","E","?","$","E","?","R","B",null,"R","$","E","B",null],"character_chosen":"IRONCLAD","items_purchased":["Singing Bowl","Molten Egg 2","Offering","Lee\u0027s Waffle","Headbutt+1","GuppysTail","BelialBook","Twin Strike+1","Fire Breathing","Lizard Tail","GuppysPaw","Pen Nib","Offering","Double Tap","Apotheosis","Battle Trance","SteamSale","Orichalcum","Heavy Blade+1","BlankCard"],"campfire_rested":2,"item_purchase_floors":[0,0,0,0,0,0,0,0,11,11,17,19,19,30,34,34,53,53,53,53],"current_hp_per_floor":[87,82,81,73,73,74,76,77,77,83,83,76,54,40,40,46,71,79,79,83,83,68,68,76,76,76,82,82,85,85,85,85,85,77,79,81,81,81,77,77,79,79,79,56,56,56,64,64,83,62,78,85,85,87,27],"gold":1408,"neow_bonus":"","is_daily":false,"chose_seed":false,"campfire_upgraded":5,"win_rate":0.0,"timestamp":1608210843,"path_taken":["M","M","M","M","?","E","M","M","T","E","$","M","?","E","R","BOSS","M","$","?","?","?","R","M","R","T","?","?","E","$","M","R","BOSS","M","M","?","?","?","R","?","R","T","E","?","$","E","?","R","BOSS","R","$","E","BOSS"],"items_purchased_type":["Relic","Relic","Card","Relic","Card","Relic","Relic","Card","Card","Relic","Relic","Relic","Card","Card","Card","Card","Relic","Relic","Card","Relic"],"build_version":"2020-12-13","purchased_purges":4,"victory":true,"max_hp_per_floor":[87,87,87,87,87,87,89,89,89,89,89,89,89,89,89,89,79,81,81,83,83,83,83,85,85,85,85,85,85,85,85,85,85,77,79,81,81,81,77,77,79,79,79,81,81,81,83,83,83,83,83,85,85,87,87],"card_choices":[{"not_picked":["Sever Soul+1","Shockwave"],"picked":"Pommel Strike+1","floor":1.0},{"not_picked":["Hemokinesis+1","Clash+1"],"picked":"Pommel Strike+1","floor":2.0},{"not_picked":["Warcry","Clothesline+1"],"picked":"Flex","floor":3.0},{"not_picked":["Ghostly Armor","Brutality"],"picked":"Armaments","floor":4.0},{"not_picked":["Shockwave","Twin Strike+1"],"picked":"Ghostly Armor","floor":6.0},{"not_picked":["Warcry","Shrug It Off","Thunderclap+1"],"picked":"Singing Bowl","floor":7.0},{"not_picked":["Anger+1","Cleave+1"],"picked":"Heavy Blade+1","floor":8.0},{"not_picked":["Searing Blow+1","Body Slam+1"],"picked":"Uppercut+1","floor":10.0},{"not_picked":["Warcry","Metallicize"],"picked":"Demon Form","floor":12.0},{"not_picked":["Pommel Strike+1","Sword Boomerang+1"],"picked":"Shrug It Off","floor":14.0},{"not_picked":["Impervious","Barricade"],"picked":"Immolate+1","floor":16.0},{"not_picked":["Warcry","Headbutt+1","Clash+1"],"picked":"Singing Bowl","floor":18.0},{"not_picked":["Armaments","Combust","Cleave+1"],"picked":"Singing Bowl","floor":20.0},{"not_picked":["Flex","Warcry","Clothesline+1"],"picked":"Singing Bowl","floor":24.0},{"not_picked":["Iron Wave+1","Second Wind","Armaments+1"],"picked":"Shockwave+1","floor":27.0},{"not_picked":["Clash+1","Perfected Strike+1","Fiend Fire+1"],"picked":"Impervious","floor":29.0},{"not_picked":["Iron Wave+1","Pommel Strike+1","Clothesline+1"],"picked":"Flex+1","floor":31.0},{"not_picked":["Offering","Impervious","Brutality"],"picked":"Bludgeon+1","floor":33.0},{"not_picked":["Cleave+1","Carnage+1","Searing Blow+1","Battle Trance"],"picked":"Singing Bowl","floor":35.0},{"not_picked":["Sword Boomerang+1","Havoc","Entrench","Armaments"],"picked":"Singing Bowl","floor":36.0},{"not_picked":["Flex","Sentinel+1","Twin Strike+1","Shockwave"],"picked":"Singing Bowl","floor":41.0},{"not_picked":["Demon Form","Rupture+1","Shrug It Off+1","Whirlwind+1"],"picked":"Singing Bowl","floor":44.0},{"not_picked":["Twin Strike+1","Fire Breathing","Battle Trance","Clothesline+1"],"picked":"Singing Bowl","floor":47},{"not_picked":["Blood for Blood+1","Intimidate+1","Twin Strike+1"],"picked":"Headbutt+1","floor":49},{"not_picked":["Sword Boomerang+1","Sentinel+1","Body Slam+1","Blood for Blood+1"],"picked":"Singing Bowl","floor":52},{"not_picked":["Evolve","Seeing Red","Dual Wield+1","Second Wind+1"],"picked":"Singing Bowl","floor":54}],"player_experience":103497,"relics_obtained":[{"floor":5.0,"key":"SatanicBible"},{"floor":6.0,"key":"PreservedInsect"},{"floor":9.0,"key":"Matryoshka"},{"floor":10.0,"key":"Whetstone"},{"floor":14.0,"key":"Paper Frog"},{"floor":20.0,"key":"Red Mask"},{"floor":21.0,"key":"MoneyPower"},{"floor":21.0,"key":"Shuriken"},{"floor":26.0,"key":"The Courier"},{"floor":26.0,"key":"Question Card"},{"floor":29.0,"key":"Dream Catcher"},{"floor":44.0,"key":"Oddly Smooth Stone"},{"floor":47,"key":"TheBean"},{"floor":54,"key":"Vajra"}],"event_choices":[{"damage_healed":0.0,"max_hp_gain":0.0,"max_hp_loss":0.0,"gold_gain":0.0,"event_name":"Golden Idol","player_choice":"Take Damage","floor":13.0,"gold_loss":0.0,"damage_taken":22.0,"relics_obtained":["Golden Idol"]},{"damage_healed":0.0,"max_hp_gain":0.0,"max_hp_loss":0.0,"gold_gain":0.0,"event_name":"Masked Bandits","player_choice":"Fought Bandits","floor":20.0,"gold_loss":0.0,"damage_taken":0.0},{"damage_healed":0.0,"max_hp_gain":0.0,"max_hp_loss":0.0,"gold_gain":0.0,"event_name":"The Mausoleum","player_choice":"Opened","floor":28.0,"gold_loss":0.0,"damage_taken":0.0,"relics_obtained":["Charon\u0027s Ashes"],"cards_obtained":["Writhe"]},{"damage_healed":0.0,"max_hp_gain":0.0,"max_hp_loss":0.0,"gold_gain":999.0,"event_name":"MindBloom","player_choice":"Gold","floor":37.0,"gold_loss":0.0,"damage_taken":0.0,"cards_obtained":["Normality","Normality"]},{"cards_removed":["Fire Breathing"],"damage_healed":0.0,"max_hp_gain":0.0,"max_hp_loss":0.0,"gold_gain":0.0,"event_name":"Falling","player_choice":"Removed Power","floor":38.0,"gold_loss":0.0,"damage_taken":0.0},{"damage_healed":0.0,"max_hp_gain":0.0,"max_hp_loss":4.0,"gold_gain":0.0,"event_name":"Winding Halls","player_choice":"Max HP","floor":39.0,"gold_loss":0.0,"damage_taken":0.0},{"damage_healed":0.0,"max_hp_gain":0.0,"max_hp_loss":0.0,"gold_gain":333.0,"event_name":"The Moai Head","player_choice":"Gave Idol","floor":45.0,"relics_lost":["Golden Idol"],"gold_loss":0.0,"damage_taken":0.0},{"damage_healed":0,"gold_gain":222,"player_choice":"Wore Mask","damage_taken":0,"max_hp_gain":0,"max_hp_loss":0,"event_name":"Tomb of Lord Red Mask","floor":48,"gold_loss":0}],"is_beta":false,"boss_relics":[{"not_picked":["SlaversCollar","Runic Dome"],"picked":"Philosopher\u0027s Stone"},{"not_picked":[]},{"not_picked":["Cursed Key","Fusion Hammer"],"picked":"Astrolabe"},{"not_picked":[]}],"items_purged_floors":[0,30,46,53],"is_endless":false,"potions_floor_spawned":[3,6,7,12,14,27,31,44,47,54],"ascension_level":9}}