{"host":"an6uhul3yec8m0jh","time":1608226000,"event":{"mods":["Act Like it!","BaseMod","Colored Map","Colored Powertips","Gensokyo","Highlight Path","Minty Spire (QoL Compilation)","Quick Restart","StSLib","Waifu the Spire","noobMod"],"gold_per_floor":[17,17,17,17,34,34,69,69,69,69,79,99,99,110,110,208,208,222,42,42,42,42,70,70,70,70,101,101,136,155,187,187,282,282,296,310,32,81,97,124,143,172,172,172,94,109,140,190,190,190,190,190,8,33,33],"floor_reached":56,"playtime":3165,"items_purged":["Strike_G","A Thousand Cuts"],"score":1897,"play_id":"6ece41ca-0ccc-4562-b362-8772d6f9a1b1","local_time":"20201218012640","is_ascension_mode":true,"campfire_choices":[{"data":"Blade Dance","floor":6.0,"key":"SMITH"},{"data":"Accuracy","floor":8.0,"key":"SMITH"},{"floor":10.0,"key":"REST"},{"data":"Blade Dance","floor":13.0,"key":"SMITH"},{"data":"Gensokyo:CrescentMoonSlash","floor":15.0,"key":"SMITH"},{"data":"Tactician","floor":24.0,"key":"SMITH"},{"data":"Tactician","floor":28.0,"key":"SMITH"},{"data":"Reflex","floor":32.0,"key":"SMITH"},{"data":"Adrenaline","floor":44.0,"key":"SMITH"},{"floor":49.0,"key":"RECALL"},{"data":"Acrobatics","floor":52.0,"key":"SMITH"}],"circlet_count":0,"master_deck":["Defend_G","Defend_G","Defend_G+1","Survivor","Blade Dance+1","Gensokyo:CrescentMoonSlash+1","Accuracy+1","Escape Plan+1","Blade Dance+1","Infinite Blades","Reflex+1","Acrobatics+1","Tactician+1","Well Laid Plans","After Image","Tactician+1","Endless Agony","Concentrate","Adrenaline+1","Purity","Finisher","Acrobatics","Acrobatics+1","Accuracy","Calculated Gamble"],"relics":["Ring of the Snake","ice","Blood Vial","Vajra","WristBlade","Gensokyo:MosesMiracle","Oddly Smooth Stone","StoneCalendar","Kunai","The Specimen","War Paint","Sundial","Empty Cage","ClockworkSouvenir","TungstenRod","Pantograph","Paper Crane","Torii","Bird Faced Urn","Toy Ornithopter"],"acts_visited":["Gensokyo:Gensokyo","Gensokyo:Gensokyoer","TheBeyond","TheEnding"],"potions_floor_usage":[55],"damage_taken":[{"damage":9.0,"enemies":"Gensokyo:Python","floor":1.0,"turns":5.0},{"damage":0.0,"enemies":"Gensokyo:2_Kodama","floor":5.0,"turns":2.0},{"damage":10.0,"enemies":"Gensokyo:Mamizou","floor":7.0,"turns":7.0},{"damage":0.0,"enemies":"Gensokyo:Gryphon","floor":11.0,"turns":2.0},{"damage":1.0,"enemies":"Gensokyo:VengefulSpirit","floor":12.0,"turns":3.0},{"damage":0.0,"enemies":"Gensokyo:Kitsune","floor":14.0,"turns":1.0},{"damage":0.0,"enemies":"Gensokyo:Reimu","floor":16.0,"turns":4.0},{"damage":6.0,"enemies":"Gensokyo:CosmicMonolith","floor":18.0,"turns":3.0},{"damage":16.0,"enemies":"Gensokyo:Koishi","floor":23.0,"turns":4.0},{"damage":20.0,"enemies":"Gensokyo:Tenshi","floor":27.0,"turns":4.0},{"damage":22.0,"enemies":"Gensokyo:Koishi","floor":29.0,"turns":6.0},{"damage":0.0,"enemies":"Gensokyo:2_Gloops","floor":30.0,"turns":2.0},{"damage":0.0,"enemies":"Gensokyo:Reisen","floor":31.0,"turns":4.0},{"damage":10.0,"enemies":"Gensokyo:Kaguya","floor":33.0,"turns":5.0},{"damage":5.0,"enemies":"3 Darklings","floor":35.0,"turns":3.0},{"damage":7.0,"enemies":"Orb Walker","floor":36.0,"turns":3.0},{"damage":8.0,"enemies":"2 Orb Walkers","floor":38.0,"turns":3.0},{"damage":7.0,"enemies":"Jaw Worm Horde","floor":39.0,"turns":2.0},{"damage":0.0,"enemies":"Nemesis","floor":40.0,"turns":1.0},{"damage":0.0,"enemies":"Spire Growth","floor":41.0,"turns":1.0},{"damage":0.0,"enemies":"Giant Head","floor":42.0,"turns":3.0},{"damage":0.0,"enemies":"4 Shapes","floor":46.0,"turns":1.0},{"damage":0.0,"enemies":"Nemesis","floor":47.0,"turns":1.0},{"damage":0.0,"enemies":"Mind Bloom Boss Battle","floor":48.0,"turns":3.0},{"damage":67.0,"enemies":"Time Eater","floor":50.0,"turns":4.0},{"damage":0.0,"enemies":"Shield and Spear","floor":54.0,"turns":2.0},{"damage":44,"enemies":"The Heart","floor":55,"turns":4}],"seed_played":"1908379643769297641","potions_obtained":[{"floor":1.0,"key":"Fire Potion"},{"floor":11.0,"key":"EntropicBrew"},{"floor":23.0,"key":"Weak Potion"},{"floor":30.0,"key":"EssenceOfSteel"},{"floor":38.0,"key":"FearPotion"},{"floor":40.0,"key":"FearPotion"},{"floor":41.0,"key":"Block Potion"},{"floor":54.0,"key":"CunningPotion"}],"is_trial":false,"path_per_floor":["M","?","?","?","M","R","E","R","T","R","M","M","R","M","R","B",null,"M","$","?","?","?","E","R","$","T","E","R","E","M","E","R","B",null,"M","M","$","?","M","E","M","E","T","R","$","M","E","?","R","B",null,"R","$","E","B",null],"character_chosen":"THE_SILENT","items_purchased":["Tactician","Well Laid Plans","ClockworkSouvenir","Purity","Swift Potion","Accuracy","Calculated Gamble"],"campfire_rested":1,"item_purchase_floors":[19,19,37,37,37,45,53],"current_hp_per_floor":[54,26,26,19,19,19,9,9,9,30,32,33,33,35,35,37,62,58,58,58,58,58,44,44,44,44,26,26,6,8,10,10,2,49,46,41,41,35,30,32,34,36,36,36,36,38,40,65,65,6,50,50,50,62,26],"gold":33,"neow_bonus":"REMOVE_TWO","is_daily":false,"chose_seed":false,"campfire_upgraded":9,"win_rate":0.0,"timestamp":1608226000,"path_taken":["M","?","?","?","M","R","E","R","T","R","M","?","R","M","R","BOSS","M","$","?","?","?","E","R","?","T","E","R","E","?","E","R","BOSS","M","M","$","?","M","E","M","E","T","R","?","M","E","?","R","BOSS","R","$","E","BOSS"],"items_purchased_type":["Card","Card","Relic","Card","Potion","Card","Card"],"build_version":"2020-12-13","purchased_purges":2,"victory":true,"max_hp_per_floor":[70,70,70,70,70,70,70,70,70,70,70,70,70,70,70,70,70,70,70,70,65,65,65,65,65,65,65,65,65,65,65,65,65,65,65,65,65,65,65,65,65,65,65,65,65,65,65,65,65,65,65,65,65,65,65],"card_choices":[{"not_picked":["Reflex","Dagger Throw"],"picked":"Blade Dance","floor":1.0},{"not_picked":["Blade Dance","Deadly Poison"],"picked":"Accuracy","floor":5.0},{"not_picked":["Underhanded Strike","Terror"],"picked":"Escape Plan","floor":7.0},{"not_picked":["Dagger Spray","Dash"],"picked":"Blade Dance","floor":11.0},{"not_picked":["Slice","Eviscerate"],"picked":"Infinite Blades","floor":12.0},{"not_picked":["Terror","Dodge and Roll"],"picked":"Reflex","floor":14.0},{"not_picked":["Envenom","Die Die Die"],"picked":"A Thousand Cuts","floor":16.0},{"not_picked":["Choke","Slice"],"picked":"Acrobatics+1","floor":18.0},{"not_picked":["Sucker Punch","Poisoned Stab"],"picked":"Tactician","floor":23.0},{"not_picked":["Flechettes","Well Laid Plans","Reflex"],"picked":"SKIP","floor":27.0},{"not_picked":["Dagger Spray","Quick Slash"],"picked":"Endless Agony","floor":29.0},{"not_picked":["Dodge and Roll","Dagger Spray"],"picked":"Concentrate","floor":30.0},{"not_picked":["Deflect","Skewer","Deadly Poison"],"picked":"SKIP","floor":31.0},{"not_picked":["Phantasmal Killer","Night Terror"],"picked":"Adrenaline","floor":33.0},{"not_picked":["Well Laid Plans","Skewer","Deadly Poison+1"],"picked":"SKIP","floor":35.0},{"not_picked":["Flying Knee+1","Footwork+1","Outmaneuver+1"],"picked":"SKIP","floor":36.0},{"not_picked":["Outmaneuver","Slice"],"picked":"Finisher","floor":38.0},{"not_picked":["Escape Plan","Bouncing Flask"],"picked":"Acrobatics","floor":39.0},{"not_picked":["Riddle With Holes","Night Terror","All Out Attack+1"],"picked":"SKIP","floor":40.0},{"not_picked":["Sucker Punch","Dagger Throw","Noxious Fumes"],"picked":"SKIP","floor":41.0},{"not_picked":["Flechettes","Flying Knee"],"picked":"Acrobatics","floor":42.0},{"not_picked":["Expertise","Outmaneuver","Dagger Throw+1"],"picked":"SKIP","floor":46.0},{"not_picked":["Finisher","Blade Dance","Storm of Steel"],"picked":"SKIP","floor":47.0},{"not_picked":["Distraction","Slice+1","Poisoned Stab"],"picked":"SKIP","floor":54.0}],"player_experience":177014,"relics_obtained":[{"floor":7.0,"key":"Blood Vial"},{"floor":9.0,"key":"Vajra"},{"floor":23.0,"key":"StoneCalendar"},{"floor":26.0,"key":"Kunai"},{"floor":27.0,"key":"The Specimen"},{"floor":29.0,"key":"Gensokyo:MosesMiracle"},{"floor":29.0,"key":"War Paint"},{"floor":31.0,"key":"Sundial"},{"floor":38.0,"key":"TungstenRod"},{"floor":40.0,"key":"Pantograph"},{"floor":42.0,"key":"Paper Crane"},{"floor":47.0,"key":"Torii"},{"floor":48.0,"key":"Bird Faced Urn"},{"floor":54.0,"key":"Toy Ornithopter"}],"event_choices":[{"damage_healed":0.0,"max_hp_gain":0.0,"max_hp_loss":0.0,"gold_gain":0.0,"event_name":"Mysterious Sphere","player_choice":"Fight","floor":38.0,"gold_loss":0.0,"damage_taken":0.0},{"damage_healed":0.0,"max_hp_gain":0.0,"max_hp_loss":0.0,"gold_gain":0.0,"event_name":"MindBloom","player_choice":"Fight","floor":48.0,"gold_loss":0.0,"damage_taken":0.0}],"is_beta":false,"boss_relics":[{"not_picked":["Busted Crown","Fusion Hammer"],"picked":"WristBlade"},{"not_picked":["Snecko Eye","Astrolabe"],"picked":"Empty Cage"}],"items_purged_floors":[19,53],"is_endless":false,"potions_floor_spawned":[1,11,16,18,23,30,38,40,41,42,54],"ascension_level":8}}