{"host":"5qewjvycy34u7aeo","time":1608243982,"event":{"mods":["Act Like it!","Aspiration","BaseMod","Conspire","Downfall","GifTheSpireLib","Hubris","Infinite Spire","Minty Spire (QoL Compilation)","Permanent Neow","Replay The Spire","Shop Mod","StSLib","Stuff the Spire"],"gold_per_floor":[116,131,151,170,170,187,236,253,253,253,271,290,320,320,245,344,344,363,381,423,423,423],"floor_reached":21,"playtime":1872,"items_purged":[],"score":185,"play_id":"4f0f8ae2-62cf-4b4e-83ff-f6210f59ab78","local_time":"20201217142622","is_ascension_mode":false,"campfire_choices":[{"data":"hexamod:InspiringFlames","floor":5,"key":"SMITH"},{"floor":15,"key":"REST"}],"circlet_count":0,"master_deck":["hexamod:Strike","hexamod:Strike","hexamod:Strike","hexamod:Strike","hexamod:Defend","hexamod:Defend","hexamod:Defend","hexamod:Defend","hexamod:Sear","hexamod:Float","hexamod:WildfireWeapon","hexamod:InspiringFlames","hexamod:SpectersWail","hexamod:GhostOfSpireFuture","hexamod:RadiantFlame","hexamod:Hexaguard","Regret","hexamod:InspiringFlames+1","hexamod:SpectersWail","hexamod:TimeWarp","hexamod:SoulSteal","hexamod:EmpoweringStance","hexamod:GhostShield","hexamod:ThermalTransfer","hexamod:AdvancingGuard"],"relics":["hexamod:SpiritBrand","Replay:Rubber Ducky","Ring of Fangs","Ring of Fury","StuffTheSpire:Mouthbags","infinitespire:Joker Card","Mummified Hand","downfall:HeartBlessingGreen","Ring of Chaos","hubris:MobiusCoin"],"acts_visited":["Exordium","TheCity"],"potions_floor_usage":[],"damage_taken":[{"damage":0,"enemies":"2 Louse","floor":1,"turns":3},{"damage":3,"enemies":"Small Slimes","floor":2,"turns":3},{"damage":5,"enemies":"Jaw Worm","floor":3,"turns":3},{"damage":7,"enemies":"2 Fungi Beasts","floor":4,"turns":4},{"damage":11,"enemies":"Large Slime","floor":6,"turns":6},{"damage":0,"enemies":"Exordium Wildlife","floor":8,"turns":4},{"damage":3,"enemies":"3 Louse","floor":11,"turns":4},{"damage":2,"enemies":"Large Slime","floor":12,"turns":4},{"damage":29,"enemies":"Gremlin Nob","floor":13,"turns":6},{"damage":16,"enemies":"downfall:Watcher","floor":16,"turns":10},{"damage":17,"enemies":"Chosen","floor":18,"turns":7},{"damage":34,"enemies":"Spheric Guardian","floor":19,"turns":10},{"damage":14,"enemies":"conspire:MimicChest","floor":20,"turns":10},{"damage":6,"enemies":"Snake Plant","floor":21,"turns":2}],"seed_played":"-8974499232336856418","potions_obtained":[{"floor":1,"key":"hexamod:DoubleChargePotion"},{"floor":6,"key":"AttackPotion"},{"floor":12,"key":"EssenceOfSteel"}],"is_trial":false,"path_per_floor":["M","M","M","M","R","M","T","M","?","?","M","M","E","T","R","B",null,"M","M","?","M"],"character_chosen":"THE_SPIRIT","items_purchased":[],"campfire_rested":1,"item_purchase_floors":[],"current_hp_per_floor":[70,67,62,55,55,44,44,44,44,44,41,39,10,10,31,15,70,53,19,5,0,0],"gold":423,"neow_bonus":"ONE_RANDOM_RARE_CARD","is_daily":false,"chose_seed":false,"campfire_upgraded":1,"win_rate":0.0,"timestamp":1608243982,"path_taken":["M","M","M","M","R","M","T","M","?","?","M","M","E","?","R","BOSS","M","M","?","M"],"items_purchased_type":[],"build_version":"2020-12-13","purchased_purges":0,"victory":false,"max_hp_per_floor":[70,70,70,70,70,70,70,70,70,70,70,70,70,70,70,70,70,70,70,70,70,70],"card_choices":[{"not_picked":["hexamod:Firestarter","hexamod:Hexaguard"],"picked":"hexamod:InspiringFlames","floor":1},{"not_picked":["hexamod:RetreatToShadows","hexamod:GhostLash"],"picked":"hexamod:SpectersWail","floor":2},{"not_picked":["hexamod:ExtraCrispy","hexamod:NightmareGuise"],"picked":"hexamod:GhostOfSpireFuture","floor":3},{"not_picked":["hexamod:GhostOfSpirePresent","hexamod:SpectersWail"],"picked":"hexamod:InspiringFlames","floor":4},{"not_picked":["hexamod:NightmareStrike","hexamod:HauntingEcho"],"picked":"hexamod:RadiantFlame","floor":6},{"not_picked":["hexamod:TimeOfNeed","hexamod:AdvancingGuard"],"picked":"hexamod:Hexaguard","floor":8},{"not_picked":["hexamod:NightmareStrike","hexamod:ShieldOfDarkness"],"picked":"hexamod:SpectersWail","floor":11},{"not_picked":["hexamod:GhostLash","hexamod:SwordOfDarkness"],"picked":"hexamod:TimeWarp","floor":12},{"not_picked":["hexamod:FirstSeal","hexamod:StepThrough"],"picked":"hexamod:SoulSteal","floor":13},{"not_picked":["hexamod:WildfireWeapon","hexamod:UnleashSpirits"],"picked":"hexamod:EmpoweringStance","floor":16},{"not_picked":["hexamod:SpectralAdrenaline+1","hexamod:Again"],"picked":"hexamod:GhostShield","floor":18},{"not_picked":["hexamod:SpectersWail","hexamod:BacktrackSmack"],"picked":"hexamod:ThermalTransfer","floor":19},{"not_picked":["hexamod:SpectersWail+1","hexamod:InspiringFlames+1"],"picked":"hexamod:AdvancingGuard","floor":20}],"player_experience":361930,"relics_obtained":[{"floor":7,"key":"Replay:Rubber Ducky"},{"floor":9,"key":"Ring of Fangs"},{"floor":9,"key":"Ring of Fury"},{"floor":13,"key":"infinitespire:Joker Card"},{"floor":14,"key":"Mummified Hand"},{"floor":20,"key":"hubris:MobiusCoin"}],"event_choices":[{"damage_healed":0,"gold_gain":0,"player_choice":"Box","damage_taken":0,"relics_obtained":["StuffTheSpire:Mouthbags"],"max_hp_gain":0,"max_hp_loss":0,"event_name":"Big Fish","floor":10,"gold_loss":0,"cards_obtained":["Regret"]}],"is_beta":false,"boss_relics":[{"not_picked":["hubris:GrandSneckoEye","ReplayTheSpireMod:SealedPack"],"picked":"Ring of Chaos"}],"items_purged_floors":[],"is_endless":false,"potions_floor_spawned":[1,6,12,13,16,18],"killed_by":"Snake Plant","ascension_level":0}}