{"host":"3a1ypf1irl30q4k8","time":1608241382,"event":{"mods":["AchievementEnabler","BaseMod","Bestiary","Colored Map","Minty Spire (QoL Compilation)","Relic Stats"],"gold_per_floor":[119,12,32,32,32,32,59,84,110,110,164,194,194,207,207,304,304,323,14,26,26,45,45,45,45,45],"floor_reached":25,"playtime":1079,"items_purged":[],"score":356,"play_id":"ab10dcd8-38e0-4a9c-8596-d98bde9eaa01","local_time":"20201217214302","is_ascension_mode":true,"campfire_choices":[{"data":"Sucker Punch","floor":6,"key":"SMITH"},{"data":"Neutralize","floor":10,"key":"SMITH"},{"data":"Backflip","floor":15,"key":"SMITH"},{"data":"Prepared","floor":23,"key":"SMITH"}],"circlet_count":0,"master_deck":["AscendersBane","Strike_G","Strike_G","Strike_G","Strike_G+1","Strike_G+1","Defend_G","Defend_G","Defend_G","Defend_G","Defend_G","Survivor","Neutralize+1","Sucker Punch+1","Dash+1","Prepared","Cloak And Dagger","Backflip+1","CurseOfTheBell","Quick Slash","Quick Slash","Prepared+1"],"relics":["Busted Crown","Incense Burner","Blood Vial","Lantern","Whetstone","Calling Bell","MealTicket","Ninja Scroll","Thread and Needle","Mango"],"acts_visited":["Exordium","TheCity"],"potions_floor_usage":[7,16,22],"damage_taken":[{"damage":1,"enemies":"Small Slimes","floor":1,"turns":4},{"damage":1,"enemies":"Jaw Worm","floor":3,"turns":4},{"damage":12,"enemies":"Gremlin Nob","floor":7,"turns":5},{"damage":11,"enemies":"Lagavulin","floor":12,"turns":10},{"damage":0,"enemies":"2 Louse","floor":14,"turns":2},{"damage":15,"enemies":"Slime Boss","floor":16,"turns":16},{"damage":8,"enemies":"Spheric Guardian","floor":18,"turns":5},{"damage":0,"enemies":"3 Byrds","floor":20,"turns":7},{"damage":0,"enemies":"Snake Plant","floor":22,"turns":4},{"damage":82,"enemies":"Gremlin Leader","floor":25,"turns":8}],"seed_played":"3758130303202002069","potions_obtained":[{"floor":3,"key":"Swift Potion"},{"floor":14,"key":"PowerPotion"},{"floor":20,"key":"LiquidBronze"}],"is_trial":false,"path_per_floor":["M","$","M","$","?","R","E","T","T","R","?","E","?","M","R","B",null,"M","$","M","$","M","R","?","E"],"character_chosen":"THE_SILENT","items_purchased":["Dash","Prepared","Mango"],"campfire_rested":0,"item_purchase_floors":[2,2,19],"current_hp_per_floor":[62,62,61,61,61,61,49,49,49,49,49,40,40,42,42,29,60,54,83,84,84,84,84,68,0,0],"gold":45,"neow_bonus":"BOSS_RELIC","is_daily":false,"chose_seed":false,"campfire_upgraded":4,"win_rate":0.0,"timestamp":1608241382,"path_taken":["M","$","M","$","?","R","E","?","T","R","?","E","?","M","R","BOSS","M","$","M","$","M","R","?","E"],"items_purchased_type":["Card","Card","Relic"],"build_version":"2020-12-13","purchased_purges":0,"victory":false,"max_hp_per_floor":[70,70,70,70,70,70,70,70,70,70,70,70,70,70,70,70,70,70,84,84,84,84,84,89,89,89],"relic_stats":{"Blood Vial":11,"Busted Crown":20,"counters":[10,65],"MealTicket":15,"Whetstone":["Strike_G","Strike_G"],"obtain_stats":[{"Blood Vial":8,"Calling Bell":17,"Lantern":9,"Busted Crown":0,"Ninja Scroll":17,"MealTicket":17,"Thread and Needle":17,"Mango":19,"Incense Burner":7,"Whetstone":12,"Ring of the Snake":0},{"Blood Vial":3,"Calling Bell":6,"Lantern":3,"Busted Crown":0,"Ninja Scroll":6,"MealTicket":6,"Thread and Needle":6,"Mango":7,"Incense Burner":3,"Whetstone":4,"Ring of the Snake":0},{"Blood Vial":13,"Calling Bell":41,"Lantern":13,"Busted Crown":0,"Ninja Scroll":41,"MealTicket":41,"Thread and Needle":41,"Mango":46,"Incense Burner":13,"Whetstone":23,"Ring of the Snake":0}]},"card_choices":[{"not_picked":[],"picked":"Sucker Punch","floor":1},{"not_picked":["Flechettes"],"picked":"SKIP","floor":3},{"not_picked":[],"picked":"Cloak And Dagger","floor":7},{"not_picked":["Bane"],"picked":"SKIP","floor":12},{"not_picked":[],"picked":"Backflip","floor":14},{"not_picked":[],"picked":"Quick Slash","floor":18},{"not_picked":[],"picked":"Quick Slash","floor":20},{"not_picked":[],"picked":"Prepared","floor":22}],"player_experience":853671,"relics_obtained":[{"floor":7,"key":"Incense Burner"},{"floor":8,"key":"Blood Vial"},{"floor":9,"key":"Lantern"},{"floor":12,"key":"Whetstone"},{"floor":17,"key":"MealTicket"},{"floor":17,"key":"Ninja Scroll"},{"floor":17,"key":"Thread and Needle"}],"event_choices":[{"damage_healed":0,"gold_gain":0,"player_choice":"Grow","damage_taken":0,"max_hp_gain":0,"max_hp_loss":0,"event_name":"Living Wall","floor":5,"gold_loss":0,"cards_upgraded":["Dash"]},{"damage_healed":0,"gold_gain":54,"player_choice":"Gained Gold","damage_taken":0,"max_hp_gain":0,"max_hp_loss":0,"event_name":"Golden Wing","floor":11,"gold_loss":0},{"damage_healed":0,"gold_gain":0,"player_choice":"Searched \u00270\u0027 times","damage_taken":0,"max_hp_gain":0,"max_hp_loss":0,"event_name":"Dead Adventurer","floor":13,"gold_loss":0},{"damage_healed":0,"gold_gain":0,"player_choice":"Shed Blood","damage_taken":21,"max_hp_gain":5,"max_hp_loss":0,"event_name":"Forgotten Altar","floor":24,"gold_loss":0}],"is_beta":false,"boss_relics":[{"not_picked":["WristBlade","Sozu"],"picked":"Calling Bell"}],"items_purged_floors":[],"is_endless":false,"potions_floor_spawned":[3,14,20],"killed_by":"Gremlin Leader","ascension_level":12}}