{"host":"8lvnnmfamkc2d31d","time":1608174056,"event":{"mods":["2.2 Compatiblity","Act Like it!","BaseMod","Colored Map","Minty Spire (QoL Compilation)","Relic Stats","StSLib","The Dragon Tamer"],"gold_per_floor":[114,114,182,197,78,112,124,151,187,217,260,272,319,346,358,473,485,510,522,176,176,176,201,201,212,212,243,243,26,53,73,73,168,168,188,205,224,241,261,288,306,318,318,349,349,0,34,50,50,50],"floor_reached":51,"playtime":3989,"items_purged":["Regret"],"score":1022,"play_id":"8c898513-e9fe-4519-a052-c180d6881b3c","local_time":"20201216210056","is_ascension_mode":false,"metric_token":531,"campfire_choices":[{"data":"DTMod:SwitchingTactic","floor":7,"key":"SMITH"},{"data":"DTMod:BurningEnergy","floor":12,"key":"SMITH"},{"data":"DTMod:ShadowImage","floor":15,"key":"SMITH"},{"data":"DTMod:StarRain","floor":24,"key":"SMITH"},{"data":"DTMod:HeadStart","floor":28,"key":"SMITH"},{"data":"1","floor":32,"key":"LIFT"},{"data":"DTMod:InvisibleFlame","floor":49,"key":"SMITH"}],"dtmod_dragon_data":[32,58,1,0,12,0],"circlet_count":0,"master_deck":["DTMod:Strike+1","DTMod:Strike+1","DTMod:Strike+1","DTMod:Strike+1","DTMod:DoubleHit","DTMod:TargetDefense+1","DTMod:TargetDefense+1","DTMod:TargetDefense+1","DTMod:TargetDefense+1","DTMod:SwitchingTactic+1","DTMod:FlameSlash","DTMod:ComboAttack+1","DTMod:BurningEnergy+1","DTMod:RunningTactic+1","DTMod:StarRain+1","DTMod:ShadowImage+1","DTMod:HeadStart+1","DTMod:Threaten+1","Writhe","DTMod:ComboAttack","DTMod:Training","DTMod:RunningTactic","DTMod:CalculatedDefense+1","DTMod:OpeningTactic","DTMod:Training+1","DTMod:CleansingStrike+1","DTMod:CrossStep","DTMod:BuildUp+1","DTMod:Observe","DTMod:Prediction","DTMod:WarmUp+1","Dramatic Entrance","DTMod:InvisibleFlame+1","DTMod:Punisher"],"relics":["DTMod:MagicStone","NeowsBlessing","The Courier","Question Card","DTMod:BasicTextbook","MawBank","Whetstone","Pen Nib","Happy Flower","Membership Card","Bag of Marbles","Potion Belt","Tiny Chest","MutagenicStrength","Omamori","Blood Vial","Pear","War Paint","ClockworkSouvenir","Girya","PreservedInsect","DTMod:TheChair","Bottled Flame","Dead Branch","Toxic Egg 2","Red Mask","Singing Bowl"],"acts_visited":["Exordium","TheCity","TheBeyond"],"potions_floor_usage":[13,13,16,27,40,41,48,50,50],"damage_taken":[{"damage":0,"enemies":"2 Louse","floor":1,"turns":1},{"damage":0,"enemies":"Jaw Worm","floor":4,"turns":1},{"damage":0,"enemies":"Gremlin Nob","floor":6,"turns":1},{"damage":0,"enemies":"Cultist","floor":8,"turns":3},{"damage":5,"enemies":"Red Slaver","floor":10,"turns":2},{"damage":4,"enemies":"3 Sentries","floor":11,"turns":7},{"damage":0,"enemies":"Gremlin Nob","floor":13,"turns":3},{"damage":6,"enemies":"Exordium Wildlife","floor":14,"turns":4},{"damage":13,"enemies":"Hexaghost","floor":16,"turns":10},{"damage":0,"enemies":"Shell Parasite","floor":18,"turns":5},{"damage":0,"enemies":"Slavers","floor":23,"turns":7},{"damage":0,"enemies":"Spheric Guardian","floor":25,"turns":4},{"damage":0,"enemies":"Gremlin Leader","floor":27,"turns":9},{"damage":9,"enemies":"Shelled Parasite and Fungi","floor":31,"turns":4},{"damage":3,"enemies":"Collector","floor":33,"turns":8},{"damage":14,"enemies":"3 Darklings","floor":35,"turns":6},{"damage":3,"enemies":"3 Shapes","floor":36,"turns":3},{"damage":0,"enemies":"3 Darklings","floor":37,"turns":2},{"damage":0,"enemies":"Maw","floor":38,"turns":6},{"damage":0,"enemies":"Spire Growth","floor":39,"turns":4},{"damage":0,"enemies":"Nemesis","floor":40,"turns":5},{"damage":2,"enemies":"Sphere and 2 Shapes","floor":41,"turns":5},{"damage":0,"enemies":"3 Darklings","floor":42,"turns":5},{"damage":0,"enemies":"Giant Head","floor":44,"turns":4},{"damage":0,"enemies":"Nemesis","floor":47,"turns":1},{"damage":0,"enemies":"Writhing Mass","floor":48,"turns":3},{"damage":0,"enemies":"Donu and Deca","floor":50,"turns":6}],"seed_played":"-7830377342463896125","potions_obtained":[{"floor":6,"key":"BlessingOfTheForge"},{"floor":10,"key":"DuplicationPotion"},{"floor":14,"key":"Swift Potion"},{"floor":16,"key":"Strength Potion"},{"floor":25,"key":"AttackPotion"},{"floor":36,"key":"SpeedPotion"},{"floor":40,"key":"Regen Potion"},{"floor":41,"key":"Weak Potion"},{"floor":48,"key":"SkillPotion"}],"is_trial":false,"path_per_floor":["M","?","T","M","$","E","R","M","T","M","E","R","E","M","R","B",null,"M","?","$","?","?","E","R","M","T","E","R","$","T","M","R","B",null,"M","M","M","M","M","E","M","M","T","E","?","?","E","M","R","B",null],"character_chosen":"THE_DT","items_purchased":["DTMod:BasicTextbook","Membership Card","Bag of Marbles","Potion Belt","Tiny Chest","DTMod:Threaten","ClockworkSouvenir","DTMod:Training","Girya","DTMod:RunningTactic"],"campfire_rested":0,"item_purchase_floors":[5,20,20,20,20,20,29,29,29,29],"current_hp_per_floor":[45,45,45,45,45,45,45,45,45,40,36,36,36,30,30,17,45,45,45,45,45,45,45,45,45,55,55,55,55,55,46,46,52,55,41,47,55,55,55,55,53,55,55,55,55,55,55,55,55,55],"gold":50,"neow_bonus":"THREE_ENEMY_KILL","is_daily":false,"chose_seed":false,"campfire_upgraded":6,"win_rate":0.0,"timestamp":1608174056,"path_taken":["M","?","?","M","?","E","R","M","T","M","E","R","E","?","R","BOSS","M","?","$","?","?","E","R","M","T","E","R","?","?","M","R","BOSS","M","M","M","M","M","E","M","M","T","E","?","?","E","M","R","BOSS"],"items_purchased_type":["Relic","Relic","Relic","Relic","Relic","Card","Relic","Card","Relic","Card"],"build_version":"2020-12-13","purchased_purges":1,"victory":true,"max_hp_per_floor":[45,45,45,45,45,45,45,45,45,45,45,45,45,45,45,45,45,45,45,45,45,45,45,45,45,55,55,55,55,55,55,55,55,55,55,55,55,55,55,55,55,55,55,55,55,55,55,55,55,55],"relic_stats":{"Happy Flower":[33],"Singing Bowl":0,"counters":[27,119],"Dead Branch":[17],"Pen Nib":[21],"PreservedInsect":219,"Whetstone":["DTMod:ComboAttack","DTMod:Strike"],"War Paint":["DTMod:RunningTactic","DTMod:Threaten"],"Question Card":26,"MawBank":168,"Blood Vial":8,"Tiny Chest":1,"obtain_stats":[{"Singing Bowl":47,"DTMod:TheChair":34,"Whetstone":9,"ClockworkSouvenir":29,"Blood Vial":23,"Tiny Chest":20,"Red Mask":46,"Toxic Egg 2":44,"Potion Belt":20,"Girya":29,"Pear":26,"NeowsBlessing":0,"Happy Flower":13,"Dead Branch":43,"The Courier":2,"Pen Nib":11,"PreservedInsect":30,"Omamori":22,"War Paint":27,"Question Card":3,"MawBank":6,"Bottled Flame":40,"DTMod:PactStone":0,"MutagenicStrength":21,"DTMod:BasicTextbook":5,"Bag of Marbles":20,"Membership Card":20,"DTMod:MagicStone":17},{"Singing Bowl":25,"DTMod:TheChair":15,"Whetstone":4,"ClockworkSouvenir":13,"Blood Vial":11,"Tiny Chest":10,"Red Mask":24,"Toxic Egg 2":24,"Potion Belt":10,"Girya":13,"Pear":12,"NeowsBlessing":0,"Happy Flower":7,"Dead Branch":23,"The Courier":1,"Pen Nib":6,"PreservedInsect":13,"Omamori":10,"War Paint":13,"Question Card":1,"MawBank":3,"Bottled Flame":21,"DTMod:PactStone":0,"MutagenicStrength":10,"DTMod:BasicTextbook":2,"Bag of Marbles":10,"Membership Card":10,"DTMod:MagicStone":9},{"Singing Bowl":110,"DTMod:TheChair":69,"Whetstone":6,"ClockworkSouvenir":57,"Blood Vial":44,"Tiny Chest":37,"Red Mask":109,"Toxic Egg 2":109,"Potion Belt":37,"Girya":57,"Pear":48,"NeowsBlessing":0,"Happy Flower":18,"Dead Branch":105,"The Courier":1,"Pen Nib":15,"PreservedInsect":57,"Omamori":37,"War Paint":57,"Question Card":1,"MawBank":3,"Bottled Flame":95,"DTMod:PactStone":0,"MutagenicStrength":37,"DTMod:BasicTextbook":2,"Bag of Marbles":37,"Membership Card":37,"DTMod:MagicStone":32}]},"card_choices":[{"not_picked":["DTMod:Feint","DTMod:StarRain"],"picked":"DTMod:FlameSlash","floor":1},{"not_picked":["DTMod:Observe","DTMod:DeepFocus","DTMod:Punisher"],"picked":"DTMod:ComboAttack","floor":4},{"not_picked":["DTMod:MasterPlan","DTMod:BreakAttack","DTMod:Cover"],"picked":"DTMod:BurningEnergy","floor":6},{"not_picked":["DTMod:Overwhelm","DTMod:Hide","DTMod:QuickFly"],"picked":"DTMod:RunningTactic","floor":8},{"not_picked":["DTMod:BlazingStrike","DTMod:Feint","DTMod:PurifyingFlame","DTMod:BizarreTactic"],"picked":"SKIP","floor":10},{"not_picked":["DTMod:Feint","DTMod:BlazingStrike","DTMod:RecklessFlurry"],"picked":"DTMod:StarRain","floor":11},{"not_picked":["DTMod:BurningForce","DTMod:MagiciansMark","DTMod:Cover"],"picked":"DTMod:ShadowImage","floor":13},{"not_picked":["DTMod:BlazingStrike","DTMod:Weaken","DTMod:Conduct","DTMod:Punisher"],"picked":"SKIP","floor":14},{"not_picked":["DTMod:TriAttack","DTMod:Prediction","DTMod:ResonanceForm"],"picked":"DTMod:HeadStart","floor":16},{"not_picked":["DTMod:BreakAttack","DTMod:BurningEnergy","DTMod:SneakAttack","DTMod:MagicField"],"picked":"SKIP","floor":18},{"not_picked":["DTMod:Punisher","DTMod:FlameSlash","DTMod:Feint","DTMod:BizarreTactic+1"],"picked":"SKIP","floor":23},{"not_picked":["DTMod:QuickFly","DTMod:Feint","DTMod:BreakAttack"],"picked":"DTMod:ComboAttack","floor":25},{"not_picked":["DTMod:MasterPlan","DTMod:Inferno","DTMod:HeatWave","DTMod:Feint"],"picked":"SKIP","floor":27},{"not_picked":["DTMod:BlazingStrike+1","DTMod:BizarreTactic","DTMod:Feint"],"picked":"DTMod:CalculatedDefense+1","floor":31},{"not_picked":["DTMod:EchoTactic","DTMod:GearUp","DTMod:SealedStrike"],"picked":"DTMod:OpeningTactic","floor":33},{"not_picked":["DTMod:BizarreTactic+1","DTMod:TauntingStrike","DTMod:QuickFly"],"picked":"DTMod:Training+1","floor":35},{"not_picked":["DTMod:PurifyingFlame+1","DTMod:MagicField+1","DTMod:Feint"],"picked":"DTMod:CleansingStrike+1","floor":36},{"not_picked":["DTMod:Observe","DTMod:HeatWave","DTMod:Cover+1"],"picked":"DTMod:CrossStep","floor":37},{"not_picked":["DTMod:Feint+1","DTMod:QuickFly+1","DTMod:BurningForce+1","DTMod:TauntingStrike"],"picked":"SKIP","floor":38},{"not_picked":["DTMod:ComboAttack","DTMod:CleansingStrike","DTMod:BurningEnergy+1","DTMod:Shift"],"picked":"SKIP","floor":39},{"not_picked":["DTMod:Coolant","DTMod:BizarreTactic","DTMod:MasterPlan+1"],"picked":"DTMod:BuildUp+1","floor":40},{"not_picked":["DTMod:ComboAttack+1","DTMod:Shift","DTMod:BreakAttack"],"picked":"DTMod:Observe","floor":41},{"not_picked":["DTMod:MagicField+1","DTMod:MasterPlan+1","DTMod:BurningForce"],"picked":"DTMod:Prediction","floor":42},{"not_picked":["DTMod:HeatWave+1","DTMod:ExcessFootwork","DTMod:Adaptation"],"picked":"DTMod:WarmUp+1","floor":44},{"not_picked":["Secret Weapon+1","Swift Strike","Good Instincts+1"],"picked":"Dramatic Entrance","floor":45},{"not_picked":["DTMod:LastStand+1","DTMod:Haste+1","DTMod:RecklessFlurry"],"picked":"DTMod:InvisibleFlame","floor":47},{"not_picked":["DTMod:QuickFly+1","DTMod:CleansingStrike","DTMod:BlueScale+1"],"picked":"DTMod:Punisher","floor":48}],"player_experience":431837,"relics_obtained":[{"floor":3,"key":"Question Card"},{"floor":6,"key":"MawBank"},{"floor":9,"key":"Whetstone"},{"floor":11,"key":"Pen Nib"},{"floor":13,"key":"Happy Flower"},{"floor":23,"key":"Blood Vial"},{"floor":26,"key":"Pear"},{"floor":27,"key":"War Paint"},{"floor":30,"key":"PreservedInsect"},{"floor":40,"key":"Bottled Flame"},{"floor":43,"key":"Dead Branch"},{"floor":44,"key":"Toxic Egg 2"},{"floor":47,"key":"Singing Bowl"}],"event_choices":[{"damage_healed":0,"gold_gain":0,"player_choice":"Box","damage_taken":0,"relics_obtained":["The Courier"],"max_hp_gain":0,"max_hp_loss":0,"event_name":"Big Fish","floor":2,"gold_loss":0,"cards_obtained":["Regret"]},{"damage_healed":0,"gold_gain":0,"player_choice":"Simplicity","damage_taken":0,"max_hp_gain":0,"max_hp_loss":0,"event_name":"Back to Basics","floor":19,"gold_loss":0,"cards_upgraded":["DTMod:Strike","DTMod:Strike","DTMod:Strike","DTMod:TargetDefense","DTMod:TargetDefense","DTMod:TargetDefense","DTMod:TargetDefense"]},{"damage_healed":0,"gold_gain":0,"player_choice":"Inject Mutagens","damage_taken":0,"relics_obtained":["MutagenicStrength"],"max_hp_gain":0,"max_hp_loss":0,"event_name":"Drug Dealer","floor":21,"gold_loss":0},{"damage_healed":0,"gold_gain":0,"player_choice":"Opened","damage_taken":0,"relics_obtained":["Omamori"],"max_hp_gain":0,"max_hp_loss":0,"event_name":"The Mausoleum","floor":22,"gold_loss":0,"cards_obtained":["Writhe"]},{"damage_healed":0,"gold_gain":0,"player_choice":"Memory 1","damage_taken":0,"max_hp_gain":0,"max_hp_loss":0,"event_name":"SensoryStone","floor":45,"gold_loss":0},{"damage_healed":0,"gold_gain":0,"player_choice":"Paid","damage_taken":0,"relics_obtained":["Red Mask"],"max_hp_gain":0,"max_hp_loss":0,"event_name":"Tomb of Lord Red Mask","floor":46,"gold_loss":349}],"is_beta":false,"boss_relics":[{"not_picked":["Coffee Dripper","Ectoplasm"],"picked":"DTMod:MagicStone"},{"not_picked":["Snecko Eye","Fusion Hammer"],"picked":"DTMod:TheChair"}],"items_purged_floors":[20],"is_endless":false,"potions_floor_spawned":[6,10,14,16,25,36,40,41,48],"ascension_level":0}}