{"host":"lreod2rejfd0az5i","time":1608189316,"event":{"mods":["AchievementEnabler","Aspiration","BaseMod","Colored Powertips","Conspire","Downfall","Highlight Path","Hubris","Infinite Spire","Mad Scientist","Minty Spire (QoL Compilation)","Rare Cards Sparkle","Relic Stats","Replay The Spire","StSLib","The Bug Knight","The Jungle"],"gold_per_floor":[119,119,119,145,49,49,69,124,124,136,7,27,41,41,41,41,41],"floor_reached":16,"playtime":523,"items_purged":[],"score":171,"play_id":"7fb30191-bb8e-4850-ae9a-e04e1d3be974","local_time":"20201217001516","is_ascension_mode":true,"campfire_choices":[{"floor":6,"key":"REST"},{"floor":15,"key":"REST"}],"circlet_count":0,"master_deck":["AscendersBane","Strike_P","Strike_P","Strike_P","Strike_P","Defend_P","Defend_P","Defend_P","Defend_P","Eruption+1","Vigilance","Pot Of Greed","Tantrum","Pot Of Greed","expansioncontent:DefensiveStance","ReachHeaven","WheelKick"],"relics":["PureWater","Grinning Jar","The Courier","Thread and Needle","ClockworkSouvenir","hubris:Icosahedron"],"acts_visited":["Exordium"],"potions_floor_usage":[4,12,16],"damage_taken":[{"damage":6,"enemies":"2 Louse","floor":1,"turns":5},{"damage":26,"enemies":"conspire:MimicChest","floor":4,"turns":5},{"damage":0,"enemies":"Small Slimes","floor":7,"turns":2},{"damage":28,"enemies":"Lagavulin Event","floor":8,"turns":5},{"damage":3,"enemies":"conspire:RoseBush","floor":10,"turns":4},{"damage":0,"enemies":"3 Louse","floor":12,"turns":3},{"damage":0,"enemies":"Blue Slaver","floor":13,"turns":3},{"damage":59,"enemies":"Fading Forest","floor":16,"turns":7}],"seed_played":"5120037150442784498","potions_obtained":[{"floor":1,"key":"PowerPotion"},{"floor":10,"key":"DuplicationPotion"},{"floor":12,"key":"Fruit Juice"},{"floor":13,"key":"SpeedPotion"}],"is_trial":false,"path_per_floor":["M","$","?","?","$","R","M","?","T","M","$","M","M","?","R","B"],"character_chosen":"WATCHER","items_purchased":["expansioncontent:DefensiveStance","ClockworkSouvenir"],"campfire_rested":2,"item_purchase_floors":[5,11],"current_hp_per_floor":[55,55,55,29,29,49,49,21,21,18,18,23,23,23,44,0,0],"gold":41,"neow_bonus":"UPGRADE_CARD","is_daily":false,"chose_seed":false,"campfire_upgraded":0,"win_rate":0.0,"timestamp":1608189316,"path_taken":["M","$","?","?","$","R","M","?","T","M","?","M","?","?","R","BOSS"],"items_purchased_type":["Card","Relic"],"build_version":"2020-12-13","purchased_purges":0,"victory":false,"max_hp_per_floor":[68,68,68,68,68,68,68,68,68,68,68,73,73,73,73,73,73],"relic_stats":{"counters":[8,34],"obtain_stats":[{"hubris:Icosahedron":14,"Thread and Needle":9,"The Courier":8,"PureWater":0,"Grinning Jar":4,"ClockworkSouvenir":11},{"hubris:Icosahedron":7,"Thread and Needle":4,"The Courier":4,"PureWater":0,"Grinning Jar":2,"ClockworkSouvenir":5},{"hubris:Icosahedron":27,"Thread and Needle":17,"The Courier":17,"PureWater":0,"Grinning Jar":10,"ClockworkSouvenir":21}]},"card_choices":[{"not_picked":["Replay:ManipulateFuture","ClearTheMind","EmptyBody"],"picked":"SKIP","floor":1},{"not_picked":["Consecrate","FlyingSleeves"],"picked":"Tantrum","floor":4},{"not_picked":["EmptyFist","Blasphemy"],"picked":"ReachHeaven","floor":7},{"not_picked":["Tantrum","Replay:Anticipation"],"picked":"WheelKick","floor":8},{"not_picked":["Replay:Anticipation","Wireheading","SashWhip"],"picked":"SKIP","floor":10},{"not_picked":["FearNoEvil","ClearTheMind","JustLucky"],"picked":"SKIP","floor":12},{"not_picked":["MentalFortress","Indignation","SashWhip"],"picked":"SKIP","floor":13}],"player_experience":844260,"relics_obtained":[{"floor":4,"key":"Grinning Jar"},{"floor":8,"key":"The Courier"},{"floor":9,"key":"Thread and Needle"}],"event_choices":[{"damage_healed":0,"gold_gain":0,"player_choice":"Disagree","damage_taken":0,"max_hp_gain":0,"max_hp_loss":0,"event_name":"conspire:LoneGhost","floor":3,"gold_loss":0},{"damage_healed":0,"gold_gain":0,"player_choice":"Searched \u00271\u0027 times","damage_taken":0,"max_hp_gain":0,"max_hp_loss":0,"event_name":"Dead Adventurer","floor":8,"gold_loss":0}],"is_beta":false,"boss_relics":[],"items_purged_floors":[],"is_endless":false,"potions_floor_spawned":[1,10,12,13],"killed_by":"Fading Forest","ascension_level":18}}