{"host":"2e3z4r48quhw80cc","time":1608209838,"event":{"mods":["BaseMod","Minty Spire (QoL Compilation)","Quick Restart","StSLib","SuperFastMode"],"gold_per_floor":[110,110,125,27,77,77,127,153,176,176,226,242,275,293,293,393,393,411,461,286,336,386,386,421,421,421,456,470,490,490,37,37,140,140,152,202,252,348,363,363,398,210,236,236,251,32,50,1,1,1],"floor_reached":51,"playtime":2883,"items_purged":["Pain","Strike_G","Strike_G"],"score":864,"play_id":"07c91f46-74a0-41a5-b344-1bb28eace5c3","local_time":"20201217215718","is_ascension_mode":true,"campfire_choices":[{"data":"Bullet Time","floor":6.0,"key":"SMITH"},{"data":"Well Laid Plans","floor":10.0,"key":"SMITH"},{"data":"Malaise","floor":15.0,"key":"SMITH"},{"data":"Catalyst","floor":23.0,"key":"SMITH"},{"data":"Noxious Fumes","floor":25.0,"key":"SMITH"},{"floor":30.0,"key":"REST"},{"data":"Catalyst","floor":32.0,"key":"SMITH"},{"floor":40.0,"key":"REST"},{"floor":44.0,"key":"REST"},{"floor":49.0,"key":"REST"}],"circlet_count":0,"master_deck":["Strike_G","Strike_G","Strike_G","Defend_G","Defend_G","Defend_G","Defend_G","Survivor","Neutralize","Escape Plan","Well Laid Plans+1","Bullet Time+1","Deadly Poison","Glass Knife","Flying Knee+1","Malaise+1","Die Die Die+1","Catalyst+1","Noxious Fumes+1","Dash","Catalyst+1","CurseOfTheBell","Madness","Madness","Impatience","Finesse"],"relics":["Ring of the Snake","NeowsBlessing","SsserpentHead","Bottled Tornado","Juzu Bracelet","WarpedTongs","Pantograph","Busted Crown","Orrery","Frozen Egg 2","Mercury Hourglass","WingedGreaves","The Specimen","Regal Pillow","Calling Bell","Anchor","Ninja Scroll","FossilizedHelix","Calipers","Ice Cream","Whetstone","Chemical X"],"acts_visited":["Exordium","TheCity","TheBeyond"],"potions_floor_usage":[50,50],"damage_taken":[{"damage":0.0,"enemies":"2 Louse","floor":1.0,"turns":1.0},{"damage":0.0,"enemies":"Cultist","floor":3.0,"turns":1.0},{"damage":0.0,"enemies":"3 Sentries","floor":8.0,"turns":1.0},{"damage":1.0,"enemies":"Small Slimes","floor":12.0,"turns":4.0},{"damage":16.0,"enemies":"Lagavulin","floor":13.0,"turns":7.0},{"damage":14.0,"enemies":"Blue Slaver","floor":14.0,"turns":2.0},{"damage":11.0,"enemies":"The Guardian","floor":16.0,"turns":11.0},{"damage":9.0,"enemies":"Spheric Guardian","floor":18.0,"turns":4.0},{"damage":0.0,"enemies":"Gremlin Leader","floor":24.0,"turns":6.0},{"damage":26.0,"enemies":"Slavers","floor":27.0,"turns":5.0},{"damage":21.0,"enemies":"2 Thieves","floor":28.0,"turns":3.0},{"damage":42.0,"enemies":"Champ","floor":33.0,"turns":13.0},{"damage":0.0,"enemies":"3 Shapes","floor":35.0,"turns":6.0},{"damage":26.0,"enemies":"2 Orb Walkers","floor":38.0,"turns":5.0},{"damage":13.0,"enemies":"3 Darklings","floor":39.0,"turns":5.0},{"damage":43.0,"enemies":"Giant Head","floor":41.0,"turns":9.0},{"damage":13.0,"enemies":"Sphere and 2 Shapes","floor":45.0,"turns":6.0},{"damage":0.0,"enemies":"Writhing Mass","floor":47.0,"turns":6.0},{"damage":26,"enemies":"Donu and Deca","floor":50,"turns":7}],"seed_played":"-7257663511651887169","potions_obtained":[{"floor":3.0,"key":"SkillPotion"},{"floor":8.0,"key":"Poison Potion"},{"floor":16.0,"key":"Regen Potion"},{"floor":18.0,"key":"PowerPotion"},{"floor":29.0,"key":"CunningPotion"},{"floor":29.0,"key":"DistilledChaos"},{"floor":33.0,"key":"Energy Potion"},{"floor":39.0,"key":"AttackPotion"},{"floor":45.0,"key":"CultistPotion"}],"is_trial":false,"path_per_floor":["M","?","M","$","?","R","$","E","T","R","?","M","E","M","R","B",null,"M","?","$","?","?","R","E","R","T","E","M","?","R","$","R","B",null,"M","?","?","?","M","R","E","$","T","R","M","$","M","$","R","B",null],"character_chosen":"THE_SILENT","items_purchased":["Bullet Time","Orrery","The Specimen","Regal Pillow","Finesse","Chemical X","SkillPotion"],"campfire_rested":4,"item_purchase_floors":[4,20,31,31,42,46,48],"current_hp_per_floor":[70,70,70,70,63,63,63,63,63,63,63,62,46,32,32,46,70,61,61,61,61,61,61,61,61,61,49,28,28,49,49,49,28,70,70,61,61,35,22,58,15,15,15,51,38,38,38,38,70,44],"gold":1,"neow_bonus":"THREE_ENEMY_KILL","is_daily":false,"chose_seed":false,"campfire_upgraded":6,"win_rate":0.0,"timestamp":1608209838,"path_taken":["M","?","M","?","?","R","?","E","T","R","?","M","E","M","R","BOSS","M","?","?","?","?","R","E","R","T","E","M","?","R","$","R","BOSS","M","?","?","?","M","R","E","$","T","R","M","?","M","$","R","BOSS"],"items_purchased_type":["Card","Relic","Relic","Relic","Card","Relic","Potion"],"build_version":"2020-12-13","purchased_purges":3,"victory":true,"max_hp_per_floor":[70,70,70,70,70,70,70,70,70,70,70,70,70,70,70,70,70,70,70,70,70,70,70,70,70,70,70,70,70,70,70,70,70,70,70,70,70,70,70,70,70,70,70,70,70,70,70,70,70,70],"card_choices":[{"not_picked":["PiercingWail","Poisoned Stab"],"picked":"Escape Plan","floor":1.0},{"not_picked":["Dagger Throw","Flying Knee"],"picked":"Well Laid Plans","floor":3.0},{"not_picked":["Underhanded Strike","Concentrate"],"picked":"Deadly Poison","floor":8.0},{"not_picked":["Cloak And Dagger","Acrobatics"],"picked":"Glass Knife","floor":12.0},{"not_picked":["Dodge and Roll","Flechettes"],"picked":"Flying Knee","floor":13.0},{"not_picked":["Dodge and Roll","Dagger Throw"],"picked":"Malaise","floor":14.0},{"not_picked":["Doppelganger","Corpse Explosion"],"picked":"Die Die Die","floor":16.0},{"not_picked":["Infinite Blades"],"picked":"SKIP","floor":18.0},{"not_picked":[],"picked":"Catalyst","floor":20.0},{"not_picked":[],"picked":"Noxious Fumes","floor":20.0},{"not_picked":[],"picked":"Dash","floor":20.0},{"not_picked":["Flying Knee"],"picked":"SKIP","floor":24.0},{"not_picked":["Distraction+1"],"picked":"SKIP","floor":27.0},{"not_picked":["Sucker Punch"],"picked":"SKIP","floor":28.0},{"not_picked":["Reflex+1"],"picked":"SKIP","floor":35.0},{"not_picked":[],"picked":"Impatience","floor":37.0},{"not_picked":["Heel Hook"],"picked":"SKIP","floor":39.0},{"not_picked":["Dash+1"],"picked":"SKIP","floor":41.0},{"not_picked":["Quick Slash+1"],"picked":"SKIP","floor":45.0},{"not_picked":["Slice"],"picked":"SKIP","floor":47.0}],"player_experience":69872,"relics_obtained":[{"floor":8.0,"key":"Bottled Tornado"},{"floor":9.0,"key":"Juzu Bracelet"},{"floor":13.0,"key":"Pantograph"},{"floor":24.0,"key":"Frozen Egg 2"},{"floor":26.0,"key":"Mercury Hourglass"},{"floor":27.0,"key":"WingedGreaves"},{"floor":34.0,"key":"Anchor"},{"floor":34.0,"key":"Ninja Scroll"},{"floor":34.0,"key":"FossilizedHelix"},{"floor":38.0,"key":"Calipers"},{"floor":41.0,"key":"Ice Cream"},{"floor":43.0,"key":"Whetstone"}],"event_choices":[{"damage_healed":0.0,"max_hp_gain":0.0,"max_hp_loss":0.0,"gold_gain":0.0,"event_name":"FaceTrader","player_choice":"Trade","floor":2.0,"gold_loss":0.0,"damage_taken":0.0,"relics_obtained":["SsserpentHead"]},{"cards_removed":["Defend_G"],"damage_healed":0.0,"max_hp_gain":0.0,"max_hp_loss":0.0,"gold_gain":0.0,"event_name":"Golden Wing","player_choice":"Card Removal","floor":5.0,"gold_loss":0.0,"damage_taken":7.0},{"damage_healed":0.0,"max_hp_gain":0.0,"max_hp_loss":0.0,"gold_gain":0.0,"event_name":"Accursed Blacksmith","player_choice":"Rummage","floor":11.0,"gold_loss":0.0,"damage_taken":0.0,"relics_obtained":["WarpedTongs"],"cards_obtained":["Pain"]},{"damage_healed":0.0,"max_hp_gain":0.0,"max_hp_loss":0.0,"gold_gain":0.0,"event_name":"Wheel of Change","player_choice":"Cursed","floor":19.0,"gold_loss":0.0,"damage_taken":0.0,"cards_obtained":["Decay"]},{"cards_removed":["Decay"],"damage_healed":0.0,"max_hp_gain":0.0,"max_hp_loss":0.0,"gold_gain":0.0,"event_name":"Back to Basics","player_choice":"Elegance","floor":21.0,"gold_loss":0.0,"damage_taken":0.0},{"damage_healed":0.0,"max_hp_gain":0.0,"max_hp_loss":0.0,"gold_gain":0.0,"event_name":"Duplicator","player_choice":"Copied","floor":22.0,"gold_loss":0.0,"damage_taken":0.0,"cards_obtained":["Catalyst"]},{"damage_healed":0.0,"max_hp_gain":0.0,"max_hp_loss":0.0,"gold_gain":0.0,"event_name":"The Woman in Blue","player_choice":"Bought 2 Potions","floor":29.0,"gold_loss":0.0,"damage_taken":0.0},{"damage_healed":0.0,"max_hp_gain":0.0,"max_hp_loss":0.0,"gold_gain":0.0,"event_name":"Winding Halls","player_choice":"Embrace Madness","floor":36.0,"gold_loss":0.0,"damage_taken":9.0,"cards_obtained":["Madness","Madness"]},{"damage_healed":0.0,"max_hp_gain":0.0,"max_hp_loss":0.0,"gold_gain":0.0,"event_name":"SensoryStone","player_choice":"Memory 1","floor":37.0,"gold_loss":0.0,"damage_taken":0.0},{"damage_healed":0.0,"max_hp_gain":0.0,"max_hp_loss":0.0,"gold_gain":0.0,"event_name":"Mysterious Sphere","player_choice":"Fight","floor":38.0,"gold_loss":0.0,"damage_taken":0.0}],"is_beta":false,"boss_relics":[{"not_picked":["Snecko Eye","Coffee Dripper"],"picked":"Busted Crown"},{"not_picked":["Velvet Choker","Runic Pyramid"],"picked":"Calling Bell"}],"items_purged_floors":[20,42,46],"is_endless":false,"potions_floor_spawned":[3,8,16,18,24,33,35,39,45],"ascension_level":2}}