{"host":"svp5k7820qggnejp","time":1608178361,"event":{"mods":["Aspiration","Astrologer","BaseMod","BetterRewards","Clockwork Mod","FutureSeer","Hermit","Infinite Spire","Mad Scientist","Minty Spire (QoL Compilation)","Potionbrewer","Railgun Mod","Replay The Spire","Spicy Shops","StSLib","The Dragon Tamer","The Gatherer","The Necromancer","Transform Curses","Treasure Hunter"],"gold_per_floor":[244,244,258,258,258,291,301,301,301,334,364,364,364,364,364,460,460,460,460,772,772,772,807,807,818,841,841,841,841,47,63,63,140,140,143,143,143,143],"floor_reached":37,"playtime":1685,"items_purged":[],"score":633,"play_id":"60a888a4-db8d-4262-a77f-487b2bf74965","local_time":"20201216231241","daily_mods":["Hoarder","Vintage","Heirloom","Time Dilation","Flight"],"is_ascension_mode":false,"campfire_choices":[{"floor":13,"key":"REST"},{"data":"Clockwork:PerfectForm","floor":15,"key":"SMITH"},{"floor":32,"key":"REST"}],"circlet_count":0,"master_deck":["Demon Form","Wraith Form v2","Echo Form","DevaForm","Gatherer:BomberForm","TheRailgun:Level_6","potionbrewer:AlchemistForm","Clockwork:PerfectForm+1","DTMod:ResonanceForm","astrologer:Starfield","TheRailgun:Strike","TheRailgun:Strike","TheRailgun:Strike","TheRailgun:Strike","TheRailgun:Defend","TheRailgun:Defend","TheRailgun:Defend","TheRailgun:Defend","TheRailgun:Discharge","TheRailgun:Static","TheRailgun:Zip","TheRailgun:Thundershock","TheRailgun:Thundershock","TheRailgun:Thundershock","TheRailgun:Spark","TheRailgun:Spark","TheRailgun:Circuitous","TheRailgun:Circuitous","TheRailgun:Circuitous","TheRailgun:Iron_Dust_Sword","TheRailgun:Iron_Dust_Sword","TheRailgun:Iron_Dust_Sword","TheRailgun:Thunder","TheRailgun:Thunder","TheRailgun:Thunder","TheRailgun:Electric_Fence","TheRailgun:Electric_Fence+1","TheRailgun:Electric_Fence+1","TheRailgun:Static+1","TheRailgun:Static+1","TheRailgun:Static+1","TheRailgun:Oneesama","TheRailgun:Oneesama","TheRailgun:Oneesama","TheRailgun:Stun_Shock+1","TheRailgun:Stun_Shock+1","TheRailgun:Stun_Shock+1","TheRailgun:Level_6","TheRailgun:Level_6","TheRailgun:Level_6","ReplayTheSpireMod:Haul","ReplayTheSpireMod:Haul","ReplayTheSpireMod:Haul","infinitespire:DeathsTouch","infinitespire:DeathsTouch","infinitespire:DeathsTouch","TheRailgun:Level_6","TheRailgun:Level_6","TheRailgun:Level_6","TheRailgun:Zap","TheRailgun:Zap","TheRailgun:Zap","TheRailgun:Level_6","TheRailgun:Level_6","TheRailgun:Level_6"],"relics":["TheRailgun:CoinRelic","replay:Trail_Library","infinitespire:Golems Mask","Lizard Tail","potionbrewer:ToyAutogyro","potionbrewer:DrinkingBird","aspiration:TomeofQuesting","Pocketwatch","Pen Nib","Singing Bowl","NeowsBlessing","Old Coin","Toy Ornithopter","Potion Belt","War Paint","Replay:Rubber Ducky","DollysMirror","Matryoshka","PreservedInsect","Orichalcum","BranchBurnRelic","aspiration:DefectSkillbook","Bronze Scales"],"acts_visited":["Exordium","TheCity","TheBeyond"],"potions_floor_usage":[10,11,11,25,25,25,25,31,31,31,35,35],"damage_taken":[{"damage":10,"enemies":"2 Louse","floor":3,"turns":4},{"damage":27,"enemies":"Gremlin Nob","floor":6,"turns":5},{"damage":11,"enemies":"Jaw Worm","floor":7,"turns":3},{"damage":33,"enemies":"Lagavulin","floor":10,"turns":6},{"damage":14,"enemies":"Gremlin Nob","floor":11,"turns":4},{"damage":0,"enemies":"The Guardian","floor":16,"turns":1},{"damage":0,"enemies":"Chosen","floor":20,"turns":1},{"damage":0,"enemies":"Nightmare","floor":23,"turns":1},{"damage":117,"enemies":"Book of Stabbing","floor":25,"turns":7},{"damage":34,"enemies":"Slavers","floor":31,"turns":2},{"damage":0,"enemies":"Automaton","floor":33,"turns":3},{"damage":13,"enemies":"Orb Walker","floor":35,"turns":4}],"seed_played":"4485188604099170156","potions_obtained":[{"floor":6,"key":"CultistPotion"},{"floor":11,"key":"PowerPotion"},{"floor":16,"key":"potionbrewer:CleansingPotion"},{"floor":20,"key":"potionbrewer:EndurancePotion"},{"floor":25,"key":"AttackPotion"},{"floor":33,"key":"Toxic Potion"}],"is_trial":true,"path_per_floor":["WH","WH","M","WH","WH","E","M","WH","T","E","E","WH","R","WH","R","B",null,"WH","WH","M","WH","WH","NM","WH","E","T","?","?","AVR","$","E","R","B",null,"M","WH","WH"],"character_chosen":"THE_DEFAULT","items_purchased":["DollysMirror","Matryoshka","PreservedInsect","DuplicationPotion","Orichalcum"],"campfire_rested":2,"item_purchase_floors":[30,30,30,30,30],"current_hp_per_floor":[70,77,77,84,92,80,69,78,78,45,33,43,76,76,76,78,115,126,138,138,151,166,168,168,91,93,93,93,93,93,76,128,176,176,163,163,163,163],"gold":143,"neow_bonus":"TEN_PERCENT_HP_BONUS","is_daily":false,"chose_seed":false,"campfire_upgraded":1,"win_rate":0.0,"timestamp":1608178361,"path_taken":["WH","WH","M","WH","WH","E","M","WH","T","E","E","WH","R","WH","R","BOSS","WH","WH","M","WH","WH","NM","WH","E","T","?","?","AVR","$","E","R","BOSS","M","WH","WH"],"items_purchased_type":["Relic","Relic","Relic","Potion","Relic"],"build_version":"2020-12-13","purchased_purges":0,"victory":false,"max_hp_per_floor":[70,77,77,84,92,92,92,101,101,101,103,113,113,113,113,115,115,126,138,138,151,166,168,168,170,172,172,172,172,172,174,174,176,176,176,176,176,176],"card_choices":[{"not_picked":["TheRailgun:Pull","TheRailgun:Lightningbolt"],"picked":"TheRailgun:Thundershock","floor":6},{"not_picked":["TH:BikiniMail","TH:ElvenBoots"],"picked":"SKIP","floor":6},{"not_picked":["TH:BikiniMail","TH:ElvenBoots"],"picked":"SKIP","floor":6},{"not_picked":["TH:CopperCoins","TH:Mimic"],"picked":"SKIP","floor":9},{"not_picked":["TheRailgun:Positive_Field","TheRailgun:Taser"],"picked":"TheRailgun:Spark","floor":10},{"not_picked":["TH:TreasureMap","TH:CursedSword"],"picked":"SKIP","floor":10},{"not_picked":["TH:Mimic","TH:ElvenBoots"],"picked":"Singing Bowl","floor":11},{"not_picked":["TheRailgun:Lightningbolt","TheRailgun:Thunderjolt"],"picked":"TheRailgun:Circuitous","floor":11},{"not_picked":["TheRailgun:Supercharge","TheRailgun:Magnetic_Flight"],"picked":"TheRailgun:Thunder","floor":16},{"not_picked":["TH:CopperCoins","TH:PixieDust"],"picked":"Singing Bowl","floor":16},{"not_picked":["TH:CursedSword","TH:ElvenBoots"],"picked":"Singing Bowl","floor":23},{"not_picked":["TheRailgun:Electrical_Storm","TheRailgun:Token_Collection+1"],"picked":"TheRailgun:Electric_Fence","floor":23},{"not_picked":["TH:CopperCoins","TH:CursedSword"],"picked":"Singing Bowl","floor":25},{"not_picked":["TheRailgun:Zap","TheRailgun:Rewiring"],"picked":"TheRailgun:Static+1","floor":25},{"not_picked":["TH:CopperCoins","TH:PixieDust"],"picked":"Singing Bowl","floor":26},{"not_picked":["TH:CursedSword","TH:DeckOfManyThings"],"picked":"Singing Bowl","floor":31},{"not_picked":["TheRailgun:Biribiri+1","TheRailgun:Magnetic_Flight"],"picked":"TheRailgun:Zap","floor":31},{"not_picked":["TH:TreasureMap","TH:PixieDust"],"picked":"Singing Bowl","floor":33},{"not_picked":["TheRailgun:Thunder","TheRailgun:Rewiring"],"picked":"TheRailgun:Level_6","floor":33}],"player_experience":193295,"relics_obtained":[{"floor":3,"key":"potionbrewer:ToyAutogyro"},{"floor":6,"key":"potionbrewer:DrinkingBird"},{"floor":7,"key":"aspiration:TomeofQuesting"},{"floor":9,"key":"Pocketwatch"},{"floor":10,"key":"Pen Nib"},{"floor":11,"key":"Singing Bowl"},{"floor":20,"key":"Old Coin"},{"floor":23,"key":"Toy Ornithopter"},{"floor":25,"key":"Potion Belt"},{"floor":26,"key":"War Paint"},{"floor":31,"key":"Dead Branch"},{"floor":35,"key":"Bronze Scales"}],"event_choices":[{"damage_healed":0,"gold_gain":0,"player_choice":"1 cards matched","damage_taken":0,"max_hp_gain":0,"max_hp_loss":0,"event_name":"Match and Keep!","floor":28,"gold_loss":0,"cards_obtained":["TheRailgun:Level_6"]}],"is_beta":false,"boss_relics":[{"not_picked":["ReplayTheSpireMod:DimensionalGlitch","Snecko Eye","Kintsugi"]},{"not_picked":["Astrolabe","Runic Pyramid"],"picked":"aspiration:DefectSkillbook"}],"items_purged_floors":[],"is_endless":true,"potions_floor_spawned":[6,11,16,20,25,33],"ascension_level":0}}