{"host":"vumwfieg2b2mnrfl","time":1608242205,"event":{"mods":["AchievementEnabler","BaseMod","Minty Spire (QoL Compilation)","Rare Cards Sparkle","Relic Stats"],"gold_per_floor":[114,189,208,208,64,98,98,112,112,112,128,128,153,168,168,268,268,281,212,212,212,63,91,91,119,119,135,163,263,263,297,297,399,399,419,469,484,502,359,359,390,390,469,501,501,107,122,82,82,82],"floor_reached":51,"playtime":3064,"items_purged":["DeusExMachina"],"score":863,"play_id":"8c3fb7a3-a925-4138-b6ed-127628c36715","local_time":"20201217155645","is_ascension_mode":true,"campfire_choices":[{"floor":7,"key":"REST"},{"floor":15,"key":"REST"},{"data":"Eruption","floor":24,"key":"SMITH"},{"floor":30,"key":"REST"},{"data":"WaveOfTheHand","floor":32,"key":"SMITH"},{"data":"Wallop","floor":40,"key":"SMITH"},{"data":"Wallop","floor":42,"key":"SMITH"},{"data":"Omniscience","floor":49,"key":"SMITH"}],"circlet_count":0,"master_deck":["Strike_P","Strike_P","Strike_P","Defend_P","Defend_P","Defend_P","Eruption+1","Vigilance","Consecrate","ClearTheMind","Omniscience+1","Halt+1","Vengeance","Swivel","CutThroughFate+1","Perseverance+1","FollowUp","Evaluate","CarveReality","Wallop+1","EmptyBody","ForeignInfluence","EmptyMind","JustLucky+1","Wallop+1","Evaluate+1","WaveOfTheHand+1","DevaForm","Vengeance","CutThroughFate+1"],"relics":["PureWater","Ancient Tea Set","StrikeDummy","Orrery","TeardropLocket","Eternal Feather","Smiling Mask","SlaversCollar","HandDrill","Pen Nib","Potion Belt","HornCleat","Gambling Chip","StoneCalendar","Meat on the Bone","Thread and Needle","Busted Crown","Ice Cream","Cauldron","Omamori","Molten Egg 2","Dream Catcher","Bag of Preparation","ClockworkSouvenir"],"acts_visited":["Exordium","TheCity","TheBeyond"],"potions_floor_usage":[12,14,25,29,33,50,50,50,50,50],"damage_taken":[{"damage":0,"enemies":"2 Louse","floor":1,"turns":3},{"damage":2,"enemies":"Jaw Worm","floor":3,"turns":2},{"damage":42,"enemies":"Gremlin Nob","floor":6,"turns":5},{"damage":0,"enemies":"Cultist","floor":8,"turns":3},{"damage":27,"enemies":"Exordium Thugs","floor":11,"turns":4},{"damage":0,"enemies":"Lagavulin","floor":12,"turns":1},{"damage":0,"enemies":"Large Slime","floor":14,"turns":2},{"damage":37,"enemies":"The Guardian","floor":16,"turns":17},{"damage":18,"enemies":"3 Byrds","floor":18,"turns":5},{"damage":12,"enemies":"Book of Stabbing","floor":23,"turns":5},{"damage":4,"enemies":"Gremlin Leader","floor":25,"turns":6},{"damage":0,"enemies":"2 Thieves","floor":27,"turns":4},{"damage":9,"enemies":"Book of Stabbing","floor":28,"turns":4},{"damage":16,"enemies":"Colosseum Slavers","floor":29,"turns":2},{"damage":22,"enemies":"Colosseum Nobs","floor":29,"turns":4},{"damage":16,"enemies":"Slavers","floor":31,"turns":5},{"damage":20,"enemies":"Automaton","floor":33,"turns":10},{"damage":0,"enemies":"3 Darklings","floor":35,"turns":5},{"damage":7,"enemies":"Mind Bloom Boss Battle","floor":36,"turns":4},{"damage":1,"enemies":"3 Shapes","floor":37,"turns":7},{"damage":5,"enemies":"Maw","floor":38,"turns":8},{"damage":0,"enemies":"Nemesis","floor":41,"turns":7},{"damage":1,"enemies":"Giant Head","floor":44,"turns":7},{"damage":0,"enemies":"Transient","floor":47,"turns":5},{"damage":9,"enemies":"Donu and Deca","floor":50,"turns":6}],"seed_played":"-888999595471337722","potions_obtained":[{"floor":1,"key":"SmokeBomb"},{"floor":8,"key":"Fire Potion"},{"floor":11,"key":"SkillPotion"},{"floor":14,"key":"BlessingOfTheForge"},{"floor":27,"key":"Swift Potion"},{"floor":28,"key":"LiquidMemories"},{"floor":29,"key":"StancePotion"},{"floor":31,"key":"DistilledChaos"},{"floor":36,"key":"Fire Potion"},{"floor":39,"key":"Energy Potion"},{"floor":39,"key":"SteroidPotion"},{"floor":39,"key":"PowerPotion"},{"floor":39,"key":"Dexterity Potion"}],"is_trial":false,"path_per_floor":["M","?","M","?","$","E","R","M","T","?","M","E","T","M","R","B",null,"M","$","?","?","$","E","R","E","T","M","E","?","R","E","R","B",null,"M","?","M","M","$","R","E","R","T","E","?","$","M","?","R","B",null],"character_chosen":"WATCHER","items_purchased":["Orrery","Wallop","HandDrill","Cauldron","Bag of Preparation","CutThroughFate+1","ClockworkSouvenir"],"campfire_rested":3,"item_purchase_floors":[5,19,22,39,46,46,46],"current_hp_per_floor":[72,61,59,56,56,14,35,35,35,35,8,8,8,8,41,4,72,54,54,54,72,72,60,72,68,68,68,59,21,57,41,56,48,72,72,65,64,59,59,72,72,72,72,71,68,68,68,68,68,59],"gold":82,"neow_bonus":"RANDOM_COMMON_RELIC","is_daily":false,"chose_seed":false,"campfire_upgraded":5,"win_rate":0.0,"timestamp":1608242205,"path_taken":["M","?","M","?","$","E","R","M","T","?","?","E","?","M","R","BOSS","M","$","?","?","?","E","R","E","T","M","E","?","R","E","R","BOSS","M","?","M","M","$","R","E","R","T","E","?","$","M","?","R","BOSS"],"items_purchased_type":["Relic","Card","Relic","Relic","Relic","Card","Relic"],"build_version":"2020-12-13","purchased_purges":1,"victory":true,"max_hp_per_floor":[72,72,72,72,72,72,72,72,72,72,72,72,72,72,72,72,72,72,72,72,72,72,72,72,72,72,72,72,72,72,72,72,72,72,72,72,72,72,72,72,72,72,72,72,68,68,68,68,68,68],"relic_stats":{"Dream Catcher":0,"Busted Crown":16,"counters":[25,131],"Gambling Chip":[48],"Eternal Feather":67,"StoneCalendar":[206],"Pen Nib":[20],"HandDrill":[14],"Bag of Preparation":[4],"Smiling Mask":25,"obtain_stats":[{"Potion Belt":25,"Ice Cream":36,"Eternal Feather":9,"StoneCalendar":29,"Thread and Needle":31,"Pen Nib":23,"Omamori":41,"Bag of Preparation":46,"TeardropLocket":6,"Ancient Tea Set":0,"Smiling Mask":13,"ClockworkSouvenir":46,"SlaversCollar":17,"Cauldron":39,"Dream Catcher":44,"HornCleat":26,"Busted Crown":34,"Gambling Chip":28,"Orrery":5,"Molten Egg 2":43,"HandDrill":22,"PureWater":0,"StrikeDummy":4,"Meat on the Bone":29},{"Potion Belt":11,"Ice Cream":19,"Eternal Feather":4,"StoneCalendar":15,"Thread and Needle":16,"Pen Nib":10,"Omamori":22,"Bag of Preparation":23,"TeardropLocket":3,"Ancient Tea Set":0,"Smiling Mask":6,"ClockworkSouvenir":23,"SlaversCollar":8,"Cauldron":21,"Dream Catcher":23,"HornCleat":11,"Busted Crown":17,"Gambling Chip":13,"Orrery":2,"Molten Egg 2":22,"HandDrill":9,"PureWater":0,"StrikeDummy":2,"Meat on the Bone":15},{"Potion Belt":53,"Ice Cream":91,"Eternal Feather":13,"StoneCalendar":67,"Thread and Needle":72,"Pen Nib":47,"Omamori":113,"Bag of Preparation":120,"TeardropLocket":10,"Ancient Tea Set":0,"Smiling Mask":18,"ClockworkSouvenir":120,"SlaversCollar":37,"Cauldron":106,"Dream Catcher":120,"HornCleat":53,"Busted Crown":82,"Gambling Chip":61,"Orrery":5,"Molten Egg 2":113,"HandDrill":42,"PureWater":0,"StrikeDummy":5,"Meat on the Bone":67}],"Meat on the Bone":12},"card_choices":[{"not_picked":["Indignation","MentalFortress"],"picked":"Consecrate","floor":1},{"not_picked":["EmptyMind","Worship"],"picked":"ClearTheMind","floor":3},{"not_picked":["Collect","Ragnarok"],"picked":"Omniscience","floor":5},{"not_picked":["Protect","Scrawl"],"picked":"Halt","floor":5},{"not_picked":["Protect","EmptyFist"],"picked":"Vengeance","floor":5},{"not_picked":["JustLucky","Nirvana"],"picked":"Swivel","floor":5},{"not_picked":["Worship","FlurryOfBlows"],"picked":"CutThroughFate","floor":5},{"not_picked":["Consecrate","Blasphemy","FlurryOfBlows"],"picked":"SKIP","floor":6},{"not_picked":["Consecrate","PathToVictory"],"picked":"Perseverance","floor":8},{"not_picked":["DeceiveReality","Halt"],"picked":"FollowUp","floor":11},{"not_picked":["ForeignInfluence","Wireheading"],"picked":"Evaluate","floor":14},{"not_picked":["Ragnarok","MasterReality"],"picked":"DeusExMachina","floor":16},{"not_picked":["Protect","WindmillStrike"],"picked":"CarveReality","floor":18},{"not_picked":["FollowUp","Evaluate"],"picked":"EmptyMind","floor":23},{"not_picked":["Wireheading","BattleHymn","Protect+1"],"picked":"SKIP","floor":25},{"not_picked":["Conclude+1","Protect"],"picked":"JustLucky+1","floor":27},{"not_picked":["FollowUp","Evaluate"],"picked":"Wallop","floor":28},{"not_picked":["FollowUp+1","Perseverance"],"picked":"Evaluate+1","floor":29},{"not_picked":["FlurryOfBlows","BowlingBash"],"picked":"WaveOfTheHand","floor":31},{"not_picked":["Wish","ConjureBlade"],"picked":"DevaForm","floor":33},{"not_picked":["Prostrate+1"],"picked":"SKIP","floor":35},{"not_picked":["ReachHeaven+1"],"picked":"SKIP","floor":37},{"not_picked":["Pray+1"],"picked":"SKIP","floor":38},{"not_picked":[],"picked":"Vengeance","floor":41},{"not_picked":["WreathOfFlame+1"],"picked":"SKIP","floor":44},{"not_picked":["CutThroughFate+1"],"picked":"SKIP","floor":47}],"player_experience":236646,"relics_obtained":[{"floor":6,"key":"TeardropLocket"},{"floor":9,"key":"Eternal Feather"},{"floor":13,"key":"Smiling Mask"},{"floor":23,"key":"Pen Nib"},{"floor":25,"key":"Potion Belt"},{"floor":26,"key":"HornCleat"},{"floor":28,"key":"Gambling Chip"},{"floor":29,"key":"StoneCalendar"},{"floor":29,"key":"Meat on the Bone"},{"floor":31,"key":"Thread and Needle"},{"floor":36,"key":"Ice Cream"},{"floor":41,"key":"Omamori"},{"floor":43,"key":"Molten Egg 2"},{"floor":44,"key":"Dream Catcher"}],"event_choices":[{"damage_healed":0,"gold_gain":75,"player_choice":"Gather Gold","damage_taken":11,"max_hp_gain":0,"max_hp_loss":0,"event_name":"World of Goop","floor":2,"gold_loss":0},{"damage_healed":0,"gold_gain":0,"player_choice":"Success","damage_taken":3,"relics_obtained":["StrikeDummy"],"max_hp_gain":0,"max_hp_loss":0,"event_name":"Scrap Ooze","floor":4,"gold_loss":0},{"damage_healed":0,"gold_gain":0,"player_choice":"Forge","damage_taken":0,"max_hp_gain":0,"max_hp_loss":0,"event_name":"Accursed Blacksmith","floor":10,"gold_loss":0,"cards_upgraded":["Perseverance"]},{"damage_healed":0,"gold_gain":0,"cards_transformed":["Strike_P","Defend_P"],"player_choice":"Became Test Subject","damage_taken":0,"max_hp_gain":0,"max_hp_loss":0,"event_name":"Drug Dealer","floor":20,"gold_loss":0,"cards_obtained":["EmptyBody","ForeignInfluence"]},{"damage_healed":24,"gold_gain":0,"player_choice":"Heal","damage_taken":0,"max_hp_gain":0,"max_hp_loss":0,"event_name":"The Library","floor":21,"gold_loss":0},{"damage_healed":0,"gold_gain":0,"player_choice":"Fight","damage_taken":0,"max_hp_gain":0,"max_hp_loss":0,"event_name":"Colosseum","floor":29,"gold_loss":0},{"damage_healed":0,"gold_gain":0,"player_choice":"Fought Nobs","damage_taken":0,"max_hp_gain":0,"max_hp_loss":0,"event_name":"Colosseum","floor":29,"gold_loss":0},{"damage_healed":0,"gold_gain":0,"player_choice":"Fight","damage_taken":0,"max_hp_gain":0,"max_hp_loss":0,"event_name":"MindBloom","floor":36,"gold_loss":0},{"damage_healed":0,"gold_gain":0,"player_choice":"Max HP","damage_taken":0,"max_hp_gain":0,"max_hp_loss":4,"event_name":"Winding Halls","floor":45,"gold_loss":0},{"damage_healed":0,"gold_gain":0,"player_choice":"Upgraded Two","damage_taken":0,"max_hp_gain":0,"max_hp_loss":0,"event_name":"Designer","floor":48,"gold_loss":40,"cards_upgraded":["CutThroughFate","Halt"]}],"is_beta":false,"boss_relics":[{"not_picked":["Empty Cage","Runic Pyramid"],"picked":"SlaversCollar"},{"not_picked":["Snecko Eye","Coffee Dripper"],"picked":"Busted Crown"}],"items_purged_floors":[46],"is_endless":false,"potions_floor_spawned":[1,8,11,14,27,28,29,29,31,36,41,47],"ascension_level":2}}