{"host":"6vv0uythevi5qk1w","time":1608185087,"event":{"mods":["Act Like it!","BaseMod","Downfall","Gensokyo","Minty Spire (QoL Compilation)","Remilia£®¿Ÿ√◊¿Ú—«£©","Replay The Spire","StSLib"],"gold_per_floor":[111,111,161,32,50,77,77,77,101,120,151,151,167,191,191,262,262,274,274,292,304,304,333,345,345,345],"floor_reached":25,"playtime":1943,"items_purged":["Amnesia"],"score":481,"play_id":"9443a6e1-b4cf-462b-b511-a09e5ad46ef8","local_time":"20201217140447","is_ascension_mode":true,"campfire_choices":[{"data":"Havoc","floor":7.0,"key":"SMITH"},{"data":"Eclipse","floor":12.0,"key":"SMITH"},{"data":"Havoc","floor":15.0,"key":"SMITH"}],"circlet_count":0,"master_deck":["AscendersBane","Strike_R","Strike_R","Strike_R","Defend_R","Defend_R+1","Defend_R+1","Defend_R","Bash","Magnetism","Hemokinesis","Armaments+1","Power Through","Havoc+1","Impervious","Havoc+1","ReplayTheSpireMod:Splinters","Eclipse+1","Gensokyo:ImpossibleRequest","Normality","Fiend Fire","Feel No Pain","Fire Breathing+1","Sickly","Hallucinations","Fiend Fire","Lust_TH","Gensokyo:AllTheWorldsEvil","Battle Trance","Battle Trance"],"relics":["Burning Blood","Ring of Greed","Membership Card","Blue Doll","Ring of Fury","Toolbox","Prayer Wheel","Vajra","Tiny Chest","Ring of Chaos","Bag of Marbles"],"acts_visited":["Exordium","TheCity"],"potions_floor_usage":[23],"damage_taken":[{"damage":8.0,"enemies":"Jaw Worm","floor":1.0,"turns":5.0},{"damage":2.0,"enemies":"Small Slimes","floor":5.0,"turns":2.0},{"damage":19.0,"enemies":"Replay:BlueRogue","floor":6.0,"turns":5.0},{"damage":3.0,"enemies":"2 Louse","floor":10.0,"turns":2.0},{"damage":18.0,"enemies":"Lagavulin","floor":11.0,"turns":11.0},{"damage":0.0,"enemies":"Gremlin Gang","floor":13.0,"turns":8.0},{"damage":23.0,"enemies":"The Guardian","floor":16.0,"turns":9.0},{"damage":16.0,"enemies":"3 Byrds","floor":18.0,"turns":3.0},{"damage":32.0,"enemies":"2 Thieves","floor":20.0,"turns":4.0},{"damage":24.0,"enemies":"Sentry and Sphere","floor":21.0,"turns":4.0},{"damage":35,"enemies":"Replay:Snechameleon","floor":23,"turns":6},{"damage":3,"enemies":"Centurion and Healer","floor":24,"turns":4},{"damage":20,"enemies":"Slavers","floor":25,"turns":1}],"seed_played":"-8666087888031507230","potions_obtained":[{"floor":5.0,"key":"Ancient Potion"},{"floor":6.0,"key":"FearPotion"},{"floor":11.0,"key":"Death Potion"},{"floor":20.0,"key":"champ:CounterPotion"},{"floor":23,"key":"Cursed Concoction"}],"is_trial":false,"path_per_floor":["M","?","?","$","M","E","R","?","T","M","E","R","M","T","R","B",null,"M","?","M","M","?","E","M","E"],"character_chosen":"IRONCLAD","items_purchased":["Toolbox","Armaments+1"],"campfire_rested":0,"item_purchase_floors":[4,4],"current_hp_per_floor":[49,33,33,33,37,24,24,24,24,27,29,29,35,35,35,18,65,55,55,29,11,37,8,11,0,0],"gold":345,"neow_bonus":"RANDOM_COLORLESS_2","is_daily":false,"chose_seed":false,"campfire_upgraded":3,"win_rate":0.0,"timestamp":1608185087,"path_taken":["M","?","?","?","?","E","R","?","T","M","E","R","M","?","R","BOSS","M","?","M","?","?","E","M","E"],"items_purchased_type":["Relic","Card"],"build_version":"2020-12-13","purchased_purges":1,"victory":false,"max_hp_per_floor":[80,80,80,80,80,80,80,80,80,80,80,80,80,80,80,80,80,80,80,80,80,80,80,80,80,80],"card_choices":[{"not_picked":["ReplayTheSpireMod:Brewmster","ReplayUltimateDefense"],"picked":"Magnetism","floor":0.0},{"not_picked":["Reckless Charge","Sword Boomerang"],"picked":"Hemokinesis","floor":1.0},{"not_picked":["Thunderclap","Warcry"],"picked":"Power Through","floor":5.0},{"not_picked":["Abandon","Feel No Pain"],"picked":"Havoc","floor":6.0},{"not_picked":["Perfected Strike","Abandon"],"picked":"Havoc","floor":10.0},{"not_picked":["Perfected Strike","Run Through","Armaments"],"picked":"SKIP","floor":10.0},{"not_picked":["Immolate","Clash"],"picked":"Eclipse","floor":11.0},{"not_picked":["Cleave","Anger","Perfected Strike"],"picked":"SKIP","floor":13.0},{"not_picked":["Wild Strike","Carnage","Armaments"],"picked":"SKIP","floor":13.0},{"not_picked":["Replay:Many Hands","Hemogenesis"],"picked":"Fiend Fire","floor":16.0},{"not_picked":["Fire Breathing","Rupture+1","Dropkick"],"picked":"SKIP","floor":18.0},{"not_picked":["Infernal Blade","ReplayTheSpireMod:Strike From Hell+1","Clash+1"],"picked":"SKIP","floor":18.0},{"not_picked":["Inflame+1","ReplayTheSpireMod:Muscle Training"],"picked":"Fire Breathing+1","floor":20.0},{"not_picked":["Dual Wield","ReplayTheSpireMod:Stacked","ReplayTheSpireMod:Corrosion Curse"],"picked":"SKIP","floor":20.0},{"not_picked":["Replay:Undeath\u0027s Touch","Dual Wield"],"picked":"Fiend Fire","floor":21.0},{"not_picked":["Body Slam","Thunderclap","Massacre"],"picked":"SKIP","floor":21.0},{"not_picked":["Body Slam","Fire Breathing"],"picked":"Battle Trance","floor":23},{"not_picked":["Massacre","Wild Strike"],"picked":"Battle Trance","floor":24},{"not_picked":["Headbutt","ReplayTheSpireMod:Muscle Training","Sword Boomerang"],"picked":"SKIP","floor":24}],"player_experience":377888,"relics_obtained":[{"floor":3.0,"key":"Ring of Greed"},{"floor":3.0,"key":"Membership Card"},{"floor":3.0,"key":"Blue Doll"},{"floor":3.0,"key":"Ring of Fury"},{"floor":6.0,"key":"Prayer Wheel"},{"floor":11.0,"key":"Vajra"},{"floor":14.0,"key":"Tiny Chest"},{"floor":23,"key":"Bag of Marbles"}],"event_choices":[{"damage_healed":0.0,"max_hp_gain":0.0,"max_hp_loss":0.0,"gold_gain":0.0,"event_name":"Shining Light","player_choice":"Entered Light","floor":2.0,"gold_loss":0.0,"damage_taken":16.0,"cards_upgraded":["Defend_R","Defend_R"]},{"damage_healed":0.0,"max_hp_gain":0.0,"max_hp_loss":0.0,"gold_gain":0.0,"cards_transformed":["Strike_R"],"event_name":"Living Wall","player_choice":"Change","floor":8.0,"gold_loss":0.0,"damage_taken":0.0,"cards_obtained":["Impervious"]},{"damage_healed":0.0,"max_hp_gain":0.0,"max_hp_loss":0.0,"gold_gain":0.0,"cards_transformed":["Strike_R"],"event_name":"Transmorgrifier","player_choice":"Transformed","floor":19.0,"gold_loss":0.0,"damage_taken":0.0,"cards_obtained":["Feel No Pain"]},{"damage_healed":26.0,"max_hp_gain":0.0,"max_hp_loss":0.0,"gold_gain":0.0,"event_name":"The Library","player_choice":"Heal","floor":22.0,"gold_loss":0.0,"damage_taken":0.0}],"is_beta":false,"boss_relics":[{"not_picked":["Honey Jar","ReplayTheSpireMod:DimensionalGlitch"],"picked":"Ring of Chaos"}],"items_purged_floors":[4],"is_endless":false,"potions_floor_spawned":[5,6,11,13,20,23],"killed_by":"Slavers","ascension_level":13}}