{"host":"9d9dhukr2jywmy0f","time":1608215803,"event":{"mods":["2.2 Compatiblity","Alarm Clock","BaseMod","Bestiary","Block Reminder","Colored Map","Colored Powertips","Curses Come First","DeckTracker","Displayed Cursed Tome","Highlight Path","Hubris","Key Reminder","Keyboard Shortcuts","Minty Spire (QoL Compilation)","MonsterHotkey","Potion Indicator Mod","Quick Restart","RNG Fix","Rare Cards Sparkle","Relic Sorter","Relic Stats","Spire Birthday Party","StSLib","Synergy Search","Unceasing Turn Reminder","Unknown Chances"],"gold_per_floor":[114,114,129,129,147,147,177,177,177,177,196,196,207,235,235,310,310,328,328,341,266,316,316,327,327,352,402,0,11,75,94,94,169,169,181,197,247,65,79,104,104,137,137,137,151,26,53,66,66,66,66,66,66,91,91],"floor_reached":56,"playtime":4117,"items_purged":["Strike_G","Strike_G","Strike_G","Defend_G","Defend_G","Strike_G","Strike_G","Defend_G"],"score":2296,"play_id":"b2e732f0-3776-4971-85ad-431d94baebb0","local_time":"20201217223643","is_ascension_mode":true,"campfire_choices":[{"data":"Tactician","floor":6.0,"key":"SMITH"},{"data":"Acrobatics","floor":10.0,"key":"SMITH"},{"data":"Neutralize","floor":12.0,"key":"SMITH"},{"data":"Blade Dance","floor":15.0,"key":"SMITH"},{"floor":23.0,"key":"REST"},{"data":"Prepared","floor":25.0,"key":"SMITH"},{"data":"Footwork","floor":32.0,"key":"SMITH"},{"data":"Accuracy","floor":41.0,"key":"SMITH"},{"data":"Adrenaline","floor":44.0,"key":"SMITH"},{"floor":49.0,"key":"RECALL"},{"data":"Corpse Explosion","floor":52.0,"key":"SMITH"}],"circlet_count":0,"master_deck":["AscendersBane","Defend_G+1","Defend_G+1","Survivor","Neutralize+1","Tactician+1","Acrobatics+1","Footwork+1","Blade Dance+1","Corpse Explosion+1","Prepared+1","A Thousand Cuts+1","Accuracy+1","Adrenaline+1"],"relics":["Ring of the Snake","NeowsBlessing","hubris:Icosahedron","Odd Mushroom","hubris:Potato","Mummified Hand","Philosopher\u0027s Stone","SsserpentHead","Bag of Preparation","Medical Kit","hubris:MysteriousPyramids","hubris:Backtick","Kunai","War Paint","Boot","hubris:DeckOfHolding","Bronze Scales","Gremlin Horn"],"acts_visited":["Exordium","TheCity","TheBeyond","TheEnding"],"potions_floor_usage":[55,55],"damage_taken":[{"damage":0.0,"enemies":"Jaw Worm","floor":1.0,"turns":1.0},{"damage":0.0,"enemies":"Small Slimes","floor":3.0,"turns":1.0},{"damage":0.0,"enemies":"2 Louse","floor":5.0,"turns":1.0},{"damage":6.0,"enemies":"The Mushroom Lair","floor":7.0,"turns":7.0},{"damage":0.0,"enemies":"Looter","floor":11.0,"turns":3.0},{"damage":11.0,"enemies":"Lots of Slimes","floor":13.0,"turns":5.0},{"damage":9.0,"enemies":"Lagavulin","floor":14.0,"turns":7.0},{"damage":1.0,"enemies":"The Guardian","floor":16.0,"turns":14.0},{"damage":7.0,"enemies":"Shell Parasite","floor":18.0,"turns":7.0},{"damage":3.0,"enemies":"Chosen","floor":20.0,"turns":4.0},{"damage":3.0,"enemies":"Centurion and Healer","floor":24.0,"turns":6.0},{"damage":0.0,"enemies":"Snecko","floor":29.0,"turns":3.0},{"damage":0.0,"enemies":"Sentry and Sphere","floor":30.0,"turns":2.0},{"damage":0.0,"enemies":"Shelled Parasite and Fungi","floor":31.0,"turns":2.0},{"damage":3.0,"enemies":"Collector","floor":33.0,"turns":6.0},{"damage":0.0,"enemies":"3 Darklings","floor":35.0,"turns":1.0},{"damage":0.0,"enemies":"3 Shapes","floor":36.0,"turns":1.0},{"damage":0.0,"enemies":"Writhing Mass","floor":39.0,"turns":4.0},{"damage":0.0,"enemies":"Giant Head","floor":40.0,"turns":6.0},{"damage":0.0,"enemies":"Nemesis","floor":42.0,"turns":4.0},{"damage":0.0,"enemies":"4 Shapes","floor":45.0,"turns":1.0},{"damage":0.0,"enemies":"Giant Head","floor":47.0,"turns":1.0},{"damage":0.0,"enemies":"Sphere and 2 Shapes","floor":48.0,"turns":1.0},{"damage":0.0,"enemies":"hubris:GrandSnecko","floor":50.0,"turns":1.0},{"damage":0.0,"enemies":"Shield and Spear","floor":54.0,"turns":1.0},{"damage":15,"enemies":"The Heart","floor":55,"turns":4}],"seed_played":"2759372276934998356","potions_obtained":[{"floor":3.0,"key":"FearPotion"},{"floor":5.0,"key":"Weak Potion"},{"floor":20.0,"key":"EssenceOfSteel"},{"floor":24.0,"key":"LiquidBronze"},{"floor":31.0,"key":"Weak Potion"},{"floor":36.0,"key":"LiquidMemories"},{"floor":54,"key":"PowerPotion"}],"is_trial":false,"path_per_floor":["M","?","M","?","M","R","?","?","T","R","M","R","M","E","R","B",null,"M","?","M","$","$","R","M","R","T","T","$","M","M","M","R","B",null,"M","M","?","$","M","E","R","E","T","R","M","$","E","M","R","B",null,"R","$","E","B",null],"character_chosen":"THE_SILENT","items_purchased":["Medical Kit","hubris:MysteriousPyramids","Accuracy"],"campfire_rested":1,"item_purchase_floors":[28,28,38],"current_hp_per_floor":[59,59,59,59,59,59,53,53,53,53,53,53,42,33,33,32,58,51,51,48,48,3,22,19,19,19,19,19,19,19,19,19,16,54,54,54,54,54,54,54,54,54,54,54,54,54,54,54,54,54,63,63,63,63,48],"gold":91,"neow_bonus":"THREE_ENEMY_KILL","is_daily":false,"chose_seed":false,"campfire_upgraded":9,"win_rate":0.0,"timestamp":1608215803,"path_taken":["M","?","M","?","?","R","?","?","T","R","M","R","M","E","R","BOSS","M","?","M","$","?","R","M","R","T","?","$","M","?","M","R","BOSS","M","M","?","$","M","E","R","E","T","R","M","$","E","M","R","BOSS","R","$","E","BOSS"],"items_purchased_type":["Relic","Relic","Card"],"build_version":"2020-11-30","purchased_purges":8,"victory":true,"max_hp_per_floor":[66,66,66,66,66,66,66,66,66,66,66,66,66,66,66,66,66,66,66,66,66,66,66,66,66,66,66,66,66,66,66,66,66,66,66,66,66,66,66,66,66,66,66,66,66,66,66,66,66,66,66,66,66,66,66],"relic_stats":{"SsserpentHead":200,"Gremlin Horn":[0,0],"counters":[26,94],"Mummified Hand":[45],"Bronze Scales":[48],"Bag of Preparation":[33],"Kunai":[61],"War Paint":["Defend_G","Defend_G"],"Medical Kit":[6],"Boot":[5],"obtain_stats":[{"NeowsBlessing":0,"Gremlin Horn":54,"Bag of Preparation":26,"Odd Mushroom":7,"hubris:MysteriousPyramids":28,"War Paint":40,"Medical Kit":28,"Boot":42,"keyreminder:keyreminder":27,"SsserpentHead":19,"hubris:Icosahedron":4,"hubris:Backtick":34,"Mummified Hand":14,"Bronze Scales":47,"Philosopher\u0027s Stone":17,"hubris:DeckOfHolding":43,"Kunai":34,"hubris:Potato":9,"Ring of the Snake":0},{"NeowsBlessing":0,"Gremlin Horn":25,"Bag of Preparation":11,"Odd Mushroom":4,"hubris:MysteriousPyramids":11,"War Paint":19,"Medical Kit":11,"Boot":20,"keyreminder:keyreminder":11,"SsserpentHead":9,"hubris:Icosahedron":2,"hubris:Backtick":15,"Mummified Hand":7,"Bronze Scales":22,"Philosopher\u0027s Stone":8,"hubris:DeckOfHolding":20,"Kunai":15,"hubris:Potato":4,"Ring of the Snake":0},{"NeowsBlessing":0,"Gremlin Horn":90,"Bag of Preparation":56,"Odd Mushroom":10,"hubris:MysteriousPyramids":56,"War Paint":81,"Medical Kit":56,"Boot":85,"keyreminder:keyreminder":56,"SsserpentHead":46,"hubris:Icosahedron":2,"hubris:Backtick":69,"Mummified Hand":25,"Bronze Scales":87,"Philosopher\u0027s Stone":39,"hubris:DeckOfHolding":85,"Kunai":69,"hubris:Potato":10,"Ring of the Snake":0}],"Ring of the Snake":[53]},"card_choices":[{"not_picked":["All Out Attack","PiercingWail"],"picked":"Tactician","floor":1.0},{"not_picked":["hubris:Counter","PiercingWail"],"picked":"Acrobatics","floor":3.0},{"not_picked":["Dodge and Roll","Dagger Throw"],"picked":"Footwork","floor":5.0},{"not_picked":["Slice","Acrobatics"],"picked":"Blade Dance","floor":11.0},{"not_picked":["Deadly Poison","Skewer","Dagger Throw"],"picked":"SKIP","floor":13.0},{"not_picked":["Dagger Throw","Outmaneuver","Cloak And Dagger"],"picked":"SKIP","floor":14.0},{"not_picked":["Malaise","Die Die Die"],"picked":"Corpse Explosion","floor":16.0},{"not_picked":["Noxious Fumes","Dagger Throw","Flechettes"],"picked":"SKIP","floor":18.0},{"not_picked":["Cloak And Dagger","Quick Slash"],"picked":"Prepared","floor":20.0},{"not_picked":["Deadly Poison","Setup","Blade Dance"],"picked":"SKIP","floor":24.0},{"not_picked":["Endless Agony","Dodge and Roll","Dagger Spray"],"picked":"SKIP","floor":29.0},{"not_picked":["Dagger Spray","Poisoned Stab","Noxious Fumes"],"picked":"SKIP","floor":30.0},{"not_picked":["Acrobatics","Setup+1","Dagger Throw+1"],"picked":"SKIP","floor":31.0},{"not_picked":["Corpse Explosion","Envenom"],"picked":"A Thousand Cuts","floor":33.0},{"not_picked":["Slice","Concentrate","Flying Knee+1"],"picked":"SKIP","floor":35.0},{"not_picked":["Cloak And Dagger","Underhanded Strike","Slice+1"],"picked":"SKIP","floor":36.0},{"not_picked":["Dagger Throw","Sucker Punch","Dodge and Roll"],"picked":"SKIP","floor":39.0},{"not_picked":["Bane+1","Riddle With Holes"],"picked":"Adrenaline","floor":40.0},{"not_picked":["Riddle With Holes+1","Cloak And Dagger","Bane"],"picked":"SKIP","floor":42.0},{"not_picked":["Sucker Punch","Backstab","Backflip"],"picked":"SKIP","floor":45.0},{"not_picked":["Outmaneuver","Skewer+1","Dagger Throw"],"picked":"SKIP","floor":47.0},{"not_picked":["Prepared","Dagger Throw+1","Tactician+1"],"picked":"SKIP","floor":48.0},{"not_picked":["All Out Attack","Deflect","Backstab"],"picked":"SKIP","floor":54}],"player_experience":693483,"relics_obtained":[{"floor":7.0,"key":"Odd Mushroom"},{"floor":9.0,"key":"hubris:Potato"},{"floor":14.0,"key":"Mummified Hand"},{"floor":26.0,"key":"Bag of Preparation"},{"floor":40.0,"key":"War Paint"},{"floor":42.0,"key":"Boot"},{"floor":43.0,"key":"hubris:DeckOfHolding"},{"floor":47.0,"key":"Bronze Scales"},{"floor":54,"key":"Gremlin Horn"}],"event_choices":[{"damage_healed":0.0,"max_hp_gain":0.0,"max_hp_loss":0.0,"gold_gain":0.0,"event_name":"Scrap Ooze","player_choice":"Fled","floor":2.0,"gold_loss":0.0,"damage_taken":0.0},{"damage_healed":0.0,"max_hp_gain":0.0,"max_hp_loss":0.0,"gold_gain":0.0,"event_name":"Mushrooms","player_choice":"Fought Mushrooms","floor":7.0,"gold_loss":0.0,"damage_taken":0.0},{"damage_healed":0.0,"max_hp_gain":0.0,"max_hp_loss":0.0,"gold_gain":0.0,"event_name":"Liars Game","player_choice":"Ignored","floor":8.0,"gold_loss":0.0,"damage_taken":0.0},{"damage_healed":0.0,"max_hp_gain":0.0,"max_hp_loss":0.0,"gold_gain":0.0,"event_name":"FaceTrader","player_choice":"Trade","floor":19.0,"gold_loss":0.0,"damage_taken":0.0,"relics_obtained":["SsserpentHead"]}],"is_beta":false,"boss_relics":[{"not_picked":["hubris:ScarierMask","Ectoplasm"],"picked":"Philosopher\u0027s Stone"},{"not_picked":["hubris:CrackedHourglass","Runic Pyramid"],"picked":"hubris:Backtick"}],"items_purged_floors":[21,22,22,22,22,22,38,46],"is_endless":false,"potions_floor_spawned":[3,5,20,24,30,31,36,39,47,48,54],"ascension_level":15}}