{"host":"4ih4fq53sefgqhvb","time":1608205960,"event":{"mods":["AchievementEnabler","Aspiration","Bard","BaseMod","BetterRewards","Colored Map","Colored Powertips","Conspire","Downfall","Googly Eyes","Hermit","Highlight Path","Hubris","Infinite Spire","Jedi Mod","Jorbs\u0027s Wanderer Trilogy","Marisa????????","Mimic Mod","Minty Spire (QoL Compilation)","Quick Restart","Relic Stats","Replay The Spire","Shop Mod","StSLib","The Animator","The Cursed","The Jungle","The Runesmith"],"gold_per_floor":[99,118,138,171,171,188,228,244,169,202,218,318,64,75,85,186,186,111,127,127,127,127,156,183,108,108,108,128,141,37,4,15,111,111,111,158,169,180,180,190,224,224,224,224,13,29,29,39,57,57,57,84,30,30,30],"floor_reached":56,"playtime":5637,"items_purged":[],"score":1254,"play_id":"cd3fcb68-8e1a-4b0b-8ee3-a8b37719c221","local_time":"20201217035240","is_ascension_mode":false,"campfire_choices":[{"floor":1,"key":"DIG"},{"floor":9,"key":"REST"},{"floor":18,"key":"RECALL"},{"floor":25,"key":"REST"},{"floor":27,"key":"REST"},{"data":"Guardian:SphericShield","floor":35,"key":"SMITH"},{"data":"infinitespire:Fortify","floor":39,"key":"SMITH"},{"data":"Guardian:Repulse","floor":42,"key":"SMITH"},{"data":"Guardian:SphericShield","floor":44,"key":"SMITH"},{"floor":54,"key":"REST"}],"circlet_count":0,"master_deck":["Guardian:Strike_Guardian","Guardian:Strike_Guardian","Guardian:Strike_Guardian","Guardian:Strike_Guardian","Guardian:Defend_Guardian","Guardian:Defend_Guardian","Guardian:Defend_Guardian","Guardian:Defend_Guardian","Guardian:CurlUp","Guardian:TwinSlam","expansioncontent:DonusPower","Guardian:PrismaticBarrier","infinitespire:Fortify+1","Guardian:Suspension","Guardian:ChargeUp","Guardian:RevengeProtocol","Guardian:TimeBomb","Guardian:Orbwalk","Guardian:SphericShield+1","Guardian:CrystalBeam","Guardian:SpikerProtocol","Guardian:DonusPower","Guardian:SphericShield+1","Guardian:DecasProtection+1","Guardian:Planning+1","Guardian:Repulse+1","Guardian:ShieldCharger","Guardian:Harden","Guardian:ShieldCharger","expansioncontent:DonusPower","Guardian:SpikerProtocol","Guardian:SpikerProtocol","Guardian:BronzeArmor","Guardian:GemFinder","Guardian:Gem_Lightblue","Guardian:Reroute+1","Guardian:Harden+1","Guardian:Gem_Green","Guardian:ArmoredProtocol+1","Pain","conspire:Banana","Guardian:TimeCapacitor","Guardian:Incinerate","Guardian:Gem_Cyan","Guardian:WalkerClaw","Guardian:CrystalBeam","Guardian:Gem_Red","Guardian:Gem_Red","Guardian:PolyBeam","Guardian:Emergency","Guardian:Emergency"],"relics":["Guardian:ModeShifter","Replay:Kaleidoscope","downfall:HeartBlessingBlue","Kunai","White Beast Statue","aspiration:MobileForge","downfall:HeartBlessingGreen","ReplayFunnel","downfall:RedIOU","Enchiridion","aspiration:FrozenJewel","hubris:TenFootPole","downfall:HeartBlessingRed","infinitespire:Beetle Shell","Replay:Grab Bag","Guardian:StasisSlotReductionRelic","Philosopher\u0027s Stone","aspiration:PoetsPen_weak","Runic Pyramid","Du-Vu Doll","Incense Burner","jedi:crownofsimplicity"],"acts_visited":["Exordium","TheCity","TheBeyond","TheEnding"],"potions_floor_usage":[10,10,13,13,15,15,16,23,23,29,30,32,33,33,38,40,41,46,48,48,52,52,55,55],"damage_taken":[{"damage":6,"enemies":"Jaw Worm","floor":2,"turns":4},{"damage":0,"enemies":"Small Slimes","floor":3,"turns":4},{"damage":22,"enemies":"Gremlin Nob","floor":4,"turns":5},{"damage":11,"enemies":"Cultist","floor":6,"turns":5},{"damage":2,"enemies":"3 Louse","floor":7,"turns":10},{"damage":0,"enemies":"3 Louse","floor":8,"turns":3},{"damage":0,"enemies":"3 Sentries","floor":10,"turns":9},{"damage":2,"enemies":"Large Slime","floor":11,"turns":6},{"damage":4,"enemies":"downfall:LadyInBlue","floor":12,"turns":8},{"damage":0,"enemies":"downfall:FleeingMerchant","floor":13,"turns":4},{"damage":11,"enemies":"2 Fungi Beasts","floor":14,"turns":4},{"damage":6,"enemies":"Exordium Thugs","floor":15,"turns":4},{"damage":11,"enemies":"downfall:Silent","floor":16,"turns":9},{"damage":10,"enemies":"Chosen","floor":19,"turns":6},{"damage":35,"enemies":"Gremlin Leader","floor":23,"turns":9},{"damage":0,"enemies":"Spheric Guardian","floor":28,"turns":5},{"damage":4,"enemies":"Cultist and Chosen","floor":29,"turns":6},{"damage":0,"enemies":"downfall:FleeingMerchant","floor":30,"turns":2},{"damage":1,"enemies":"Sentry and Sphere","floor":32,"turns":8},{"damage":76,"enemies":"downfall:Ironclad","floor":33,"turns":12},{"damage":2,"enemies":"2 Orb Walkers","floor":36,"turns":4},{"damage":0,"enemies":"Orb Walker","floor":37,"turns":4},{"damage":0,"enemies":"3 Shapes","floor":38,"turns":3},{"damage":1,"enemies":"Sphere and 2 Shapes","floor":40,"turns":4},{"damage":8,"enemies":"Maw","floor":41,"turns":9},{"damage":0,"enemies":"Maw","floor":46,"turns":6},{"damage":7,"enemies":"Spire Growth","floor":48,"turns":5},{"damage":0,"enemies":"4 Shapes","floor":49,"turns":6},{"damage":11,"enemies":"downfall:Watcher","floor":50,"turns":9},{"damage":39,"enemies":"downfall:CharBossMerchant","floor":52,"turns":10},{"damage":89,"enemies":"downfall:NeowBoss","floor":55,"turns":20}],"seed_played":"-2084600881061074592","potions_obtained":[{"floor":4,"key":"SkillPotion"},{"floor":8,"key":"LifebloodPotion"},{"floor":10,"key":"LifebloodPotion"},{"floor":11,"key":"champ:CounterPotion"},{"floor":12,"key":"Slimebound:ThreeZeroPotion"},{"floor":13,"key":"FearPotion"},{"floor":14,"key":"Strength Potion"},{"floor":15,"key":"jedi:wingpotion"},{"floor":16,"key":"Adrenaline Potion"},{"floor":19,"key":"Guardian:DefensiveModePotion"},{"floor":23,"key":"Guardian:AcceleratePotion"},{"floor":28,"key":"ColorlessPotion"},{"floor":29,"key":"jedi:StrikingPotion"},{"floor":30,"key":"LifebloodPotion"},{"floor":32,"key":"ColorlessPotion"},{"floor":33,"key":"Strength Potion"},{"floor":36,"key":"Regen Potion"},{"floor":37,"key":"Adrenaline Potion"},{"floor":38,"key":"Elixir"},{"floor":40,"key":"EssenceOfSteel"},{"floor":41,"key":"jedi:mysterypotion"},{"floor":46,"key":"ColorlessPotion"},{"floor":48,"key":"SkillPotion"},{"floor":49,"key":"Strength Potion"},{"floor":52,"key":"champ:CounterPotion"}],"is_trial":false,"path_per_floor":["R_BF","M","M","E","?","M","MIM","M","R","E","M","?","$","M","M","B",null,"R_BF","M","?","?","?","E","T","R","?","R","M","M","$","$","M","B",null,"R_BF","?","M","M","R","M","MIM","R","?","R","$","M","$","M","M","B",null,"E","$","R","B",null],"character_chosen":"GUARDIAN","items_purchased":["Guardian:CrystalBeam","Guardian:Gem_Lightblue","Guardian:Gem_Crimson","Guardian:SpikerProtocol","Guardian:Gem_Green","Guardian:ShieldCharger","infinitespire:Beetle Shell","expansioncontent:DonusPower","Guardian:SpikerProtocol","Guardian:SpikerProtocol","conspire:Banana","Guardian:TimeCapacitor","Guardian:Incinerate","Guardian:Emergency"],"campfire_rested":4,"item_purchase_floors":[13,13,13,13,30,30,30,30,30,31,45,45,45,53],"current_hp_per_floor":[80,74,74,52,32,21,19,19,56,56,54,50,65,54,48,37,90,90,80,80,80,64,29,29,56,56,83,83,79,79,79,78,2,90,90,88,88,88,88,87,79,79,92,92,92,93,93,102,102,92,106,68,68,100,12],"gold":30,"neow_bonus":"RANDOM_COLORLESS","is_daily":false,"chose_seed":false,"campfire_upgraded":4,"win_rate":0.0,"timestamp":1608205960,"path_taken":["R_BF","M","M","E","?","M","MIM","M","R","E","M","?","$","?","M","BOSS","R_BF","M","?","?","?","E","T","R","?","R","M","?","?","$","M","BOSS","R_BF","?","M","M","R","M","MIM","R","?","R","?","M","$","M","M","BOSS","E","$","R","BOSS"],"items_purchased_type":["Card","Card","Card","Card","Card","Card","Relic","Card","Card","Card","Card","Card","Card","Card"],"build_version":"2020-12-13","purchased_purges":0,"victory":true,"max_hp_per_floor":[80,80,80,80,80,80,80,80,90,90,90,90,90,90,90,90,90,90,90,90,90,90,90,90,90,90,90,90,90,90,90,90,90,90,90,90,90,90,90,90,90,90,103,103,103,104,104,105,105,106,106,107,107,107,108],"relic_stats":{"counters":[31,202],"Kunai":[39],"obtain_stats":[{"ReplayFunnel":20,"Guardian:StasisSlotReductionRelic":34,"downfall:HeartBlessingRed":25,"Replay:Grab Bag":34,"Guardian:ModeShifter":0,"Enchiridion":22,"downfall:HeartBlessingGreen":18,"infinitespire:Beetle Shell":30,"aspiration:PoetsPen_weak":34,"Incense Burner":41,"Replay:Kaleidoscope":4,"jedi:crownofsimplicity":52,"White Beast Statue":12,"aspiration:FrozenJewel":23,"Du-Vu Doll":36,"downfall:HeartBlessingBlue":9,"aspiration:MobileForge":17,"MealTicket":1,"Philosopher\u0027s Stone":34,"downfall:RedIOU":21,"hubris:TenFootPole":24,"Kunai":10,"Runic Pyramid":34},{"ReplayFunnel":14,"Guardian:StasisSlotReductionRelic":20,"downfall:HeartBlessingRed":15,"Replay:Grab Bag":20,"Guardian:ModeShifter":0,"Enchiridion":14,"downfall:HeartBlessingGreen":13,"infinitespire:Beetle Shell":18,"aspiration:PoetsPen_weak":20,"Incense Burner":25,"Replay:Kaleidoscope":3,"jedi:crownofsimplicity":30,"White Beast Statue":9,"aspiration:FrozenJewel":15,"Du-Vu Doll":21,"downfall:HeartBlessingBlue":6,"aspiration:MobileForge":13,"MealTicket":0,"Philosopher\u0027s Stone":20,"downfall:RedIOU":14,"hubris:TenFootPole":15,"Kunai":7,"Runic Pyramid":20},{"ReplayFunnel":80,"Guardian:StasisSlotReductionRelic":122,"downfall:HeartBlessingRed":89,"Replay:Grab Bag":122,"Guardian:ModeShifter":0,"Enchiridion":80,"downfall:HeartBlessingGreen":74,"infinitespire:Beetle Shell":102,"aspiration:PoetsPen_weak":122,"Incense Burner":146,"Replay:Kaleidoscope":13,"jedi:crownofsimplicity":182,"White Beast Statue":54,"aspiration:FrozenJewel":89,"Du-Vu Doll":126,"downfall:HeartBlessingBlue":31,"aspiration:MobileForge":74,"MealTicket":0,"Philosopher\u0027s Stone":122,"downfall:RedIOU":80,"hubris:TenFootPole":89,"Kunai":40,"Runic Pyramid":122}]},"card_choices":[{"not_picked":["expansioncontent:HyperBeam","expansioncontent:Torchfire"],"picked":"expansioncontent:DonusPower","floor":0},{"not_picked":["Guardian:MultiBeam","Guardian:PrimingBeam"],"picked":"Guardian:PrismaticBarrier","floor":2},{"not_picked":["Guardian:GuardianWhirl","Guardian:CrystalBeam"],"picked":"Guardian:Gem_Cyan","floor":3},{"not_picked":["Guardian:DecasProtection","Guardian:ChargeCore"],"picked":"Guardian:Gem_Orange","floor":4},{"not_picked":["hubris:InfiniteBlow","infinitespire:DeathsTouch"],"picked":"infinitespire:Fortify","floor":5},{"not_picked":["Guardian:Recover","Guardian:TemporalShield"],"picked":"Guardian:Gem_Yellow","floor":6},{"not_picked":["Guardian:ChargeCore","Guardian:Incinerate"],"picked":"Guardian:Suspension","floor":7},{"not_picked":["Guardian:ChargeCore","Guardian:BronzeArmor"],"picked":"Guardian:ChargeUp","floor":8},{"not_picked":["Guardian:Suspension","Guardian:TemporalStrike"],"picked":"Guardian:RevengeProtocol","floor":10},{"not_picked":["Guardian:RefractedBeam","Guardian:Gem_Lightblue"],"picked":"Guardian:TimeBomb","floor":11},{"not_picked":["Guardian:Incinerate","Guardian:Recover"],"picked":"Guardian:Orbwalk","floor":12},{"not_picked":["Guardian:WalkerClaw","Guardian:Gem_Lightblue"],"picked":"Guardian:SphericShield","floor":13},{"not_picked":["Guardian:Gem_Red","Guardian:ChargeUp"],"picked":"Guardian:DonusPower","floor":14},{"not_picked":["Guardian:Reroute","Guardian:MultiBeam"],"picked":"Guardian:Gem_Cyan","floor":15},{"not_picked":["Guardian:ConstructionForm","Guardian:GemFire"],"picked":"Guardian:SphericShield","floor":16},{"not_picked":["Guardian:ShieldCharger+1","Guardian:PiercingHide"],"picked":"Guardian:DecasProtection+1","floor":19},{"not_picked":["Guardian:Gem_Red","Guardian:Orbwalk+1"],"picked":"Guardian:Planning+1","floor":23},{"not_picked":["Guardian:Reroute","Guardian:RollAttack"],"picked":"Guardian:Repulse","floor":28},{"not_picked":["Guardian:Reroute","Guardian:PrismaticBarrier"],"picked":"Guardian:ShieldCharger","floor":29},{"not_picked":["Guardian:AncientConstruct","Guardian:RollAttack"],"picked":"Guardian:Harden","floor":30},{"not_picked":["Guardian:PrismaticBeam","Guardian:Incinerate"],"picked":"Guardian:BronzeArmor","floor":32},{"not_picked":["Guardian:SphericShield","Guardian:AncientConstruct"],"picked":"Guardian:GemFinder","floor":33},{"not_picked":["Guardian:TemporalShield+1","Guardian:CrystalBeam"],"picked":"Guardian:Gem_Lightblue","floor":36},{"not_picked":["Guardian:Gem_Cyan","Guardian:Gem_Lightblue"],"picked":"Guardian:Gem_Red","floor":37},{"not_picked":["Guardian:Suspension","Guardian:Incinerate"],"picked":"Guardian:Reroute+1","floor":37},{"not_picked":["Guardian:Gem_Green","Guardian:Gem_Lightblue"],"picked":"Guardian:Gem_Cyan","floor":38},{"not_picked":["Guardian:SpikerProtocol","Guardian:RollAttack"],"picked":"Guardian:Harden+1","floor":38},{"not_picked":["Guardian:Gem_Lightblue","Guardian:Gem_Red"],"picked":"Guardian:Gem_Green","floor":40},{"not_picked":["Guardian:HyperBeam_Guardian","Guardian:MultiBeam"],"picked":"Guardian:ArmoredProtocol+1","floor":40},{"not_picked":["Guardian:ChargeUp","Guardian:Orbwalk"],"picked":"Guardian:Gem_White","floor":41},{"not_picked":["Guardian:Gem_Green","Guardian:Gem_Lightblue"],"picked":"Guardian:Gem_Cyan","floor":46},{"not_picked":["Guardian:TemporalShield+1","Guardian:Suspension+1"],"picked":"Guardian:WalkerClaw","floor":46},{"not_picked":["Guardian:ChargeCore+1","Guardian:Gem_Crimson"],"picked":"Guardian:CrystalBeam","floor":48},{"not_picked":["Guardian:Gem_Cyan","Guardian:Gem_Lightblue"],"picked":"Guardian:Gem_Red","floor":49},{"not_picked":["Guardian:Gem_Crimson","Guardian:SpikerProtocol+1"],"picked":"Guardian:Gem_Blue","floor":49},{"not_picked":["Guardian:Gem_Green","Guardian:Gem_Cyan"],"picked":"Guardian:Gem_Red","floor":52},{"not_picked":["Guardian:TimeBomb","Guardian:MultiBeam+1"],"picked":"Guardian:PolyBeam","floor":52}],"player_experience":866255,"relics_obtained":[{"floor":1,"key":"MealTicket"},{"floor":4,"key":"Replay:Kaleidoscope"},{"floor":10,"key":"Kunai"},{"floor":12,"key":"White Beast Statue"},{"floor":22,"key":"Enchiridion"},{"floor":23,"key":"aspiration:FrozenJewel"},{"floor":24,"key":"hubris:TenFootPole"},{"floor":36,"key":"Du-Vu Doll"},{"floor":41,"key":"Incense Burner"},{"floor":52,"key":"jedi:crownofsimplicity"}],"event_choices":[{"damage_healed":0,"gold_gain":0,"player_choice":"Stole Relic","damage_taken":0,"relics_obtained":["ReplayFunnel"],"max_hp_gain":0,"max_hp_loss":0,"event_name":"Addict","floor":20,"gold_loss":0,"cards_obtained":["Shame"]},{"damage_healed":0,"gold_gain":0,"player_choice":"Fight","damage_taken":0,"max_hp_gain":0,"max_hp_loss":0,"event_name":"Mysterious Sphere","floor":36,"gold_loss":0}],"is_beta":false,"boss_relics":[{"not_picked":["Replay:Drink Me","SlaversCollar"],"picked":"aspiration:MobileForge"},{"not_picked":["Pandora\u0027s Box","Honey Jar"],"picked":"Replay:Grab Bag"},{"not_picked":["hubris:VirtuousBlindfold","Replay:Bronze Core"],"picked":"Guardian:StasisSlotReductionRelic"},{"not_picked":["Fusion Hammer","hubris:TerracottaHorce"],"picked":"Philosopher\u0027s Stone"},{"not_picked":["aspiration:SecretTechniqueScroll","conspire:SpecialSausage"],"picked":"aspiration:PoetsPen_weak"},{"not_picked":["aspiration:RunesmithSkillbook","aspiration:DefectSkillbook"],"picked":"Runic Pyramid"}],"items_purged_floors":[],"is_endless":false,"potions_floor_spawned":[4,8,10,11,13,14,15,16,19,23,28,29,30,32,33,36,37,38,40,41,46,48,49,52],"ascension_level":0}}