{"host":"2c1pg2m9wpz3w4c0","time":1608172467,"event":{"mods":["AchievementEnabler","Act Like it!","Aspiration","BaseMod","Better Note","BetterRewards","Disable Question Mark Monsters","Halation","Hubris","Infinite Spire","Lotus Mark","Marisa????????","Minty Spire (QoL Compilation)","Replay The Spire","StSLib","SuperFastMode","The Clintock","The Jungle","The Runesmith","Transform Curses"],"gold_per_floor":[118,172,172,188,263,263,278,278,323,323,347,15,15,39,39,169,169,187,187,109,229,245,281,296,296,322,322,322,342,358,377,377,507,570,620,953,953,953,966,966,981,1000,1000,453,487,503,503,554,554,659,659,674,749,749,856,854,854,854,854,878,884,887,890,895,893,893,950,950,953,768,868,858,858,858,856,856,856,850,595,567,565,570,570,632,632,615,429,429,429,426,411,411],"floor_reached":91,"playtime":3800,"items_purged":["hubris:Despair","ReplayTheSpireMod:Splinters"],"score":1955,"play_id":"973ef7d1-0524-490b-b316-fe95f9fb8518","local_time":"20201216193427","is_ascension_mode":false,"campfire_choices":[{"floor":6,"key":"REST"},{"data":"Runesmith:Fortify","floor":10,"key":"SMITH"},{"data":"Bandage Up","floor":13,"key":"SMITH"},{"data":"Runesmith:Retool","floor":15,"key":"SMITH"},{"floor":25,"key":"REST"},{"data":"Runesmith:CreatorForm","floor":27,"key":"SMITH"},{"floor":32,"key":"REST"},{"data":"Runesmith:PoweredAnvil","floor":40,"key":"SMITH"},{"floor":49,"key":"REST"},{"data":"Runesmith:Duplicate","floor":57,"key":"SMITH"},{"floor":66,"key":"DIG"},{"data":"Runesmith:Reinforce","floor":74,"key":"SMITH"},{"floor":83,"key":"REST"}],"circlet_count":0,"master_deck":["Runesmith:Strike_RS","Runesmith:Strike_RS","Runesmith:Strike_RS","Runesmith:Strike_RS","Runesmith:Defend_RS","Runesmith:Defend_RS","Runesmith:Defend_RS","Runesmith:Defend_RS","Runesmith:CraftFirestone","Runesmith:Fortify+1","Runesmith:PoweredAnvil+1","Runesmith:HammerThrow+1","Bandage Up+1","Runesmith:CraftMagma","Runesmith:EnergizedChisel+1","Runesmith:CraftProtectio+1","Runesmith:RuneHurl+1","Runesmith:GrandSlam+1","Runesmith:EnergizedChisel+1","Runesmith:Retool+1","Runesmith:CreatorForm+1","Runesmith:HeatedChisel+1","Backstab+1","Runesmith:Attraction","Runesmith:ChiselStab+1","Runesmith:Grindstone","infinitespire:Menacing+1","infinitespire:SevenWalls+1","infinitespire:TheBestDefense","Runesmith:Permafrost+1","Runesmith:CreatorForm+1","Runesmith:EnergizedChisel+1","Runesmith:Duplicate+1","Runesmith:Permafrost+1","Runesmith:CraftMagma+1","ReplayTheSpireMod:Splinters","infinitespire:SevenWalls+1","Runesmith:ChiselStab+1","Runesmith:MakeshiftArmor+1","Parasite","Runesmith:EarthShield+1","Runesmith:Firestorm+1","Mayhem+1","Runesmith:EarthShield+1","Runesmith:EnergizedChisel+1","Pot Of Greed","Pot Of Greed","Pot Of Greed","Pot Of Greed","Runesmith:CreatorForm+1","Runesmith:StaticCage","Parasite","Pot Of Greed","Runesmith:WhiteBalance+1","Runesmith:PerfectChisel+1","Runesmith:Terraform","Runesmith:BackupBattery","Runesmith:EarthShield","Runesmith:RuneHurl+1","Runesmith:Reinforce+1","Runesmith:BackupBattery","Runesmith:HeatedChisel+1","Runesmith:MetallurgicalResearch","Runesmith:LithiumIon+1","Pot Of Greed","Runesmith:PerfectChisel+1","Runesmith:RunicBlueprint+1","Runesmith:HammerThrow+1","ReplayTheSpireMod:Private Reserves","Runesmith:LithiumIon+1","Runesmith:WhiteBalance+1","Runesmith:GrandSlam+1","Runesmith:Refine+1","Runesmith:MetallurgicalResearch+1","infinitespire:Collect","ReplayTheSpireMod:Brewmster+1","Wraith","Pot Of Greed","Runesmith:CraftObretio"],"relics":["Runesmith:BrokenRuby","Molten Egg 2","halation:PrussianBluePaint","Blood Vial","Boot","Frozen Egg 2","ReplayTheSpireMod:Lightbulb","Meat on the Bone","Tiny House","halation:PapillonHeart","Bottled Lightning","aspiration:Lifesprig","Pantograph","Grinning Jar","aspiration:MobileForge","halation:PromiseList","Replay:Rubber Ducky","infinitespire:ShieldingShard","theJungle:Creamberry","infinitespire:Golems Mask","Golden Egg","SacredBark"],"acts_visited":["Exordium","theJungle:Jungle","TheBeyond","Exordium","theJungle:Jungle","TheBeyond"],"potions_floor_usage":[16,16,16,16,16,16,24,31,35,39,39,41,45,45,50,59,67,67,72,81],"damage_taken":[{"damage":0,"enemies":"Cultist","floor":1,"turns":4},{"damage":6,"enemies":"2 Louse","floor":4,"turns":3},{"damage":2,"enemies":"Small Slimes","floor":7,"turns":4},{"damage":2,"enemies":"Exordium Wildlife","floor":11,"turns":5},{"damage":0,"enemies":"Red Slaver","floor":14,"turns":4},{"damage":0,"enemies":"Slime Boss","floor":16,"turns":7},{"damage":7,"enemies":"theJungle:Flameango_and_Byrd","floor":18,"turns":7},{"damage":0,"enemies":"theJungle:GiantWrat","floor":22,"turns":6},{"damage":46,"enemies":"theJungle:Cassacara","floor":23,"turns":11},{"damage":11,"enemies":"theJungle:JungleHuntersEncounter","floor":24,"turns":8},{"damage":6,"enemies":"theJungle:SlimyTreeVines","floor":29,"turns":4},{"damage":12,"enemies":"theJungle:Lyon","floor":30,"turns":4},{"damage":2,"enemies":"theJungle:JungleHuntersEncounter","floor":31,"turns":9},{"damage":58,"enemies":"theJungle:TotemBoss","floor":33,"turns":12},{"damage":0,"enemies":"3 Shapes","floor":35,"turns":6},{"damage":9,"enemies":"3 Darklings","floor":39,"turns":6},{"damage":25,"enemies":"Transient","floor":41,"turns":5},{"damage":5,"enemies":"Writhing Mass","floor":42,"turns":5},{"damage":12,"enemies":"Nightmare","floor":45,"turns":9},{"damage":33,"enemies":"Sphere and 2 Shapes","floor":46,"turns":7},{"damage":18,"enemies":"infinitespire:MassOfShapes","floor":50,"turns":25},{"damage":0,"enemies":"2 Louse","floor":52,"turns":1},{"damage":2,"enemies":"Small Slimes","floor":56,"turns":3},{"damage":0,"enemies":"Nightmare","floor":59,"turns":1},{"damage":0,"enemies":"Cultist","floor":61,"turns":2},{"damage":0,"enemies":"Large Slime","floor":62,"turns":4},{"damage":3,"enemies":"Looter","floor":63,"turns":2},{"damage":0,"enemies":"Lagavulin","floor":64,"turns":4},{"damage":2,"enemies":"Exordium Wildlife","floor":65,"turns":3},{"damage":17,"enemies":"The Guardian","floor":67,"turns":7},{"damage":0,"enemies":"theJungle:MUSHROOMGANG","floor":69,"turns":3},{"damage":8,"enemies":"theJungle:Flameango_and_Byrd","floor":72,"turns":5},{"damage":34,"enemies":"Snake Plant","floor":75,"turns":4},{"damage":20,"enemies":"theJungle:Lyon","floor":78,"turns":5},{"damage":0,"enemies":"theJungle:JungleHuntersEncounter","floor":80,"turns":8},{"damage":0,"enemies":"theJungle:2_Phrogs","floor":81,"turns":5},{"damage":28,"enemies":"theJungle:2_Snecko_Cultists","floor":82,"turns":4},{"damage":6,"enemies":"theJungle:TotemBoss","floor":84,"turns":7},{"damage":37,"enemies":"3 Darklings","floor":86,"turns":6},{"damage":0,"enemies":"Orb Walker","floor":90,"turns":4},{"damage":51,"enemies":"Nightmare","floor":91,"turns":3}],"seed_played":"4937101328142623651","potions_obtained":[{"floor":4,"key":"EntropicBrew"},{"floor":23,"key":"LifebloodPotion"},{"floor":29,"key":"DuplicationPotion"},{"floor":31,"key":"Elixir"},{"floor":33,"key":"FearPotion"},{"floor":34,"key":"TwistedElixir"},{"floor":35,"key":"Milkshake"},{"floor":35,"key":"Weak Potion"},{"floor":42,"key":"Fire Potion"},{"floor":46,"key":"PowerPotion"},{"floor":56,"key":"SmokeBomb"},{"floor":61,"key":"SneckoOil"},{"floor":62,"key":"Reflective Coating"},{"floor":64,"key":"Adrenaline Potion"},{"floor":65,"key":"SkillPotion"},{"floor":69,"key":"Fire Potion"}],"is_trial":false,"path_per_floor":["M","T","?","M","?","R","M","?","T","R","M","$","R","M","R","B",null,"M","?","$","?","M","E","M","R","T","R","AVR","M","M","M","R","B",null,"M","?","?","?","M","R","M","M","T","$","NM","M","?","T","R","B",null,"M","?","?","?","M","R","?","NM","T","M","M","M","E","M","R","B",null,"M","?","?","M","?","R","M","?","T","M","$","M","E","M","R","B",null,"M","$","?","?","M","NM"],"character_chosen":"RUNESMITH_CLASS","items_purchased":["Molten Egg 2","Runesmith:PoweredAnvil","Runesmith:HammerThrow+1","Bandage Up","ColorlessPotion","Strength Potion","Boot","Runesmith:GrandSlam+1","Runesmith:EnergizedChisel+1","Runesmith:Attraction","aspiration:Lifesprig","Runesmith:Firestorm+1","Mayhem+1","LiquidMemories","ReplayTheSpireMod:Private Reserves","Runesmith:LithiumIon+1","ReplayTheSpireMod:Brewmster+1"],"campfire_rested":5,"item_purchase_floors":[0,0,0,0,0,0,12,12,12,20,44,44,44,44,79,79,87],"current_hp_per_floor":[55,55,55,53,42,63,65,58,58,58,62,62,62,70,70,70,70,69,69,69,59,67,29,26,47,47,47,47,49,45,51,70,30,75,75,75,71,71,68,68,45,48,48,48,44,31,31,31,52,59,71,71,60,71,71,71,71,71,71,71,71,71,68,70,69,69,54,71,71,71,71,63,63,63,43,43,43,43,43,51,57,43,64,65,71,40,40,40,40,48,0,0],"gold":411,"neow_bonus":"","is_daily":false,"chose_seed":false,"campfire_upgraded":7,"win_rate":0.0,"timestamp":1608172467,"path_taken":["M","?","?","M","?","R","M","?","T","R","?","?","R","M","R","BOSS","M","?","$","?","M","E","M","R","T","R","AVR","M","M","M","R","BOSS","M","?","?","?","M","R","M","M","T","$","NM","M","?","?","R","BOSS","M","?","?","?","M","R","?","NM","T","?","M","M","E","M","R","BOSS","M","?","?","?","?","R","M","?","T","M","?","?","E","M","R","BOSS","M","$","?","?","M","NM"],"items_purchased_type":["Relic","Card","Card","Card","Potion","Potion","Relic","Card","Card","Card","Relic","Card","Card","Potion","Card","Card","Card"],"build_version":"2020-12-13","purchased_purges":2,"victory":false,"max_hp_per_floor":[70,70,70,70,70,70,70,70,70,70,70,70,70,70,70,70,70,70,70,70,70,70,70,70,70,70,70,70,70,70,70,70,70,75,75,75,71,71,71,71,71,71,71,71,71,71,71,71,71,71,71,71,71,71,71,71,71,71,71,71,71,71,71,71,71,71,71,71,71,71,71,71,71,71,71,71,71,71,71,71,71,71,71,71,71,71,71,71,71,71,71,71],"card_choices":[{"not_picked":["Runesmith:Grindstone","Runesmith:BackupBattery"],"picked":"Runesmith:CraftMagma","floor":1},{"not_picked":["Runesmith:CraftProtectio","Runesmith:Overpower+1"],"picked":"Runesmith:EnergizedChisel+1","floor":4},{"not_picked":["Runesmith:HeatExchange+1","Runesmith:UnstableHammer+1"],"picked":"Runesmith:CraftProtectio","floor":7},{"not_picked":["Runesmith:MakeshiftArmor","Runesmith:Discharge+1"],"picked":"Runesmith:RuneHurl+1","floor":11},{"not_picked":["Runesmith:Malloc","Runesmith:BackupBattery"],"picked":"Runesmith:Retool","floor":14},{"not_picked":["Runesmith:FissionHammer+1","Runesmith:CraftMedicinae"],"picked":"Runesmith:CreatorForm","floor":16},{"not_picked":["Runesmith:Discharge+1","Runesmith:CraftMagma"],"picked":"Runesmith:HeatedChisel+1","floor":18},{"not_picked":["Runesmith:DoubleUp","Runesmith:MakeshiftArmor"],"picked":"Runesmith:ChiselStab+1","floor":22},{"not_picked":["Runesmith:Empowerment+1","Runesmith:BackupBattery"],"picked":"Runesmith:Grindstone","floor":23},{"not_picked":["Runesmith:StaticCage+1","Runesmith:Repurpose+1"],"picked":"Runesmith:RuneHurl+1","floor":24},{"not_picked":["Runesmith:RuneHurl+1","Runesmith:CraftVitae"],"picked":"Runesmith:Permafrost+1","floor":29},{"not_picked":["Runesmith:StaticCage+1","Runesmith:HammerThrow+1"],"picked":"Runesmith:CreatorForm+1","floor":30},{"not_picked":["Runesmith:UnstableHammer+1","Runesmith:CraftMagma"],"picked":"Runesmith:EnergizedChisel+1","floor":31},{"not_picked":["Runesmith:CraftPrismatica","Runesmith:LightningRod"],"picked":"Runesmith:Duplicate","floor":33},{"not_picked":["Runesmith:Accelerate","Runesmith:Overpower+1"],"picked":"Runesmith:Permafrost+1","floor":34},{"not_picked":["Runesmith:Permafrost+1","Runesmith:Repurpose+1"],"picked":"Runesmith:CraftMagma+1","floor":35},{"not_picked":["infinitespire:DeathsTouch","Replay:Fractal Strike"],"picked":"infinitespire:SevenWalls","floor":38},{"not_picked":["Runesmith:BackupBattery","Runesmith:ShiftingStrike+1"],"picked":"Runesmith:ChiselStab+1","floor":39},{"not_picked":["Runesmith:CraftMagma","Runesmith:Retool"],"picked":"Runesmith:MakeshiftArmor+1","floor":41},{"not_picked":["Runesmith:BackupBattery+1","Runesmith:UnstableHammer+1"],"picked":"Runesmith:EarthShield+1","floor":42},{"not_picked":["Runesmith:HammerThrow+1","Runesmith:CraftIndustria"],"picked":"Runesmith:EarthShield+1","floor":45},{"not_picked":["Runesmith:NegativeSpace+1","Runesmith:Repurpose"],"picked":"Runesmith:EnergizedChisel+1","floor":46},{"not_picked":["Runesmith:LastStand","Runesmith:MetallurgicalResearch"],"picked":"Runesmith:CreatorForm+1","floor":50},{"not_picked":["Runesmith:CraftMagma","Runesmith:CraftProtectio"],"picked":"Runesmith:StaticCage","floor":52},{"not_picked":["Runesmith:ShiftingStrike+1","Runesmith:HammerAndChisel"],"picked":"Runesmith:WhiteBalance+1","floor":55},{"not_picked":["Runesmith:CraftMagma","Runesmith:Refine"],"picked":"Runesmith:PerfectChisel+1","floor":55},{"not_picked":["Runesmith:Augment","Runesmith:CraftMagma"],"picked":"Runesmith:Terraform","floor":55},{"not_picked":["Runesmith:HeatExchange+1","Runesmith:MakeshiftArmor"],"picked":"Runesmith:BackupBattery","floor":56},{"not_picked":["aspiration:UnbridledHammer+1","Runesmith:ChiselStab+1"],"picked":"Runesmith:EarthShield","floor":61},{"not_picked":["Runesmith:Overpower+1","Runesmith:HammerTime+1"],"picked":"Runesmith:RuneHurl+1","floor":62},{"not_picked":["Runesmith:HammerTime+1","Runesmith:Permafrost+1"],"picked":"Runesmith:Reinforce","floor":63},{"not_picked":["Runesmith:HeatExchange+1","Runesmith:Grindstone"],"picked":"Runesmith:BackupBattery","floor":64},{"not_picked":["Runesmith:CraftProtectio","Runesmith:MakeshiftArmor"],"picked":"Runesmith:HeatedChisel+1","floor":65},{"not_picked":["Runesmith:LastStand","Runesmith:DuctTape+1"],"picked":"Runesmith:MetallurgicalResearch","floor":67},{"not_picked":["Runesmith:PoweredAnvil+1","Runesmith:BackupBattery+1"],"picked":"Runesmith:LithiumIon+1","floor":69},{"not_picked":["Runesmith:RunicBlueprint+1","Runesmith:Grindstone"],"picked":"Runesmith:PerfectChisel+1","floor":72},{"not_picked":["Runesmith:HeatedChisel+1","Runesmith:StaticCage"],"picked":"Runesmith:RunicBlueprint+1","floor":75},{"not_picked":["Runesmith:Discharge+1","Runesmith:Attraction+1"],"picked":"Runesmith:HammerThrow+1","floor":78},{"not_picked":["Runesmith:HammerThrow+1","Runesmith:StaticCage"],"picked":"Runesmith:WhiteBalance+1","floor":80},{"not_picked":["Runesmith:Repurpose","Runesmith:NegativeSpace+1"],"picked":"Runesmith:GrandSlam+1","floor":81},{"not_picked":["Runesmith:Repurpose","Runesmith:StaticCage+1"],"picked":"Runesmith:Refine+1","floor":82},{"not_picked":["Runesmith:Supernova+1","Runesmith:ReplicatingBarrier+1"],"picked":"Runesmith:MetallurgicalResearch+1","floor":84},{"not_picked":["hubris:Rewind","ReplayTheSpireMod:Echoes of Time"],"picked":"infinitespire:Collect","floor":85},{"not_picked":["Runesmith:BackupBattery","Runesmith:HammerThrow+1","Runesmith:Repurpose+1"],"picked":"SKIP","floor":86},{"not_picked":["Runesmith:CraftIncendium+1","Runesmith:NegativeSpace+1","Runesmith:HeatedChisel+1"],"picked":"SKIP","floor":90}],"player_experience":1120062,"relics_obtained":[{"floor":2,"key":"halation:PrussianBluePaint"},{"floor":9,"key":"Blood Vial"},{"floor":23,"key":"Frozen Egg 2"},{"floor":26,"key":"ReplayTheSpireMod:Lightbulb"},{"floor":43,"key":"Bottled Lightning"},{"floor":45,"key":"Pantograph"},{"floor":48,"key":"Grinning Jar"},{"floor":60,"key":"halation:PromiseList"},{"floor":64,"key":"Replay:Rubber Ducky"},{"floor":66,"key":"infinitespire:ShieldingShard"},{"floor":77,"key":"infinitespire:Golems Mask"},{"floor":81,"key":"Golden Egg"}],"event_choices":[{"damage_healed":0,"gold_gain":0,"player_choice":"Take Wound","damage_taken":0,"relics_obtained":["Golden Idol"],"max_hp_gain":0,"max_hp_loss":0,"event_name":"Golden Idol","floor":3,"gold_loss":0,"cards_obtained":["Injury"]},{"damage_healed":0,"gold_gain":75,"player_choice":"Gather Gold","damage_taken":11,"max_hp_gain":0,"max_hp_loss":0,"event_name":"World of Goop","floor":5,"gold_loss":0},{"cards_removed":["Injury"],"damage_healed":0,"gold_gain":0,"player_choice":"Card Removal","damage_taken":7,"max_hp_gain":0,"max_hp_loss":0,"event_name":"Golden Wing","floor":8,"gold_loss":0},{"cards_removed":["Bandage Up"],"damage_healed":0,"gold_gain":0,"player_choice":"Take \u0026 Give","damage_taken":0,"max_hp_gain":0,"max_hp_loss":0,"event_name":"betterNote:BetterNote","floor":19,"gold_loss":0,"cards_obtained":["Backstab"]},{"damage_healed":0,"gold_gain":333,"player_choice":"Gave Idol","damage_taken":0,"max_hp_gain":0,"max_hp_loss":0,"event_name":"The Moai Head","floor":36,"relics_lost":["Golden Idol"],"gold_loss":0},{"cards_removed":["Runesmith:RuneHurl"],"damage_healed":0,"gold_gain":0,"player_choice":"Removed Attack","damage_taken":0,"max_hp_gain":0,"max_hp_loss":0,"event_name":"Falling","floor":47,"gold_loss":0},{"damage_healed":0,"gold_gain":75,"player_choice":"Gather Gold","damage_taken":11,"max_hp_gain":0,"max_hp_loss":0,"event_name":"World of Goop","floor":53,"gold_loss":0},{"damage_healed":17,"gold_gain":0,"player_choice":"Healed and dodged fight","damage_taken":0,"max_hp_gain":0,"max_hp_loss":0,"event_name":"Mushrooms","floor":54,"gold_loss":0,"cards_obtained":["Parasite"]},{"damage_healed":0,"gold_gain":100,"player_choice":"Pray","damage_taken":0,"max_hp_gain":0,"max_hp_loss":0,"event_name":"Golden Shrine","floor":71,"gold_loss":0},{"damage_healed":0,"gold_gain":0,"player_choice":"Ignored","damage_taken":0,"max_hp_gain":0,"max_hp_loss":0,"event_name":"OrinTheCat","floor":88,"gold_loss":0}],"is_beta":false,"boss_relics":[{"not_picked":["hubris:RunicObelisk","aspiration:MarisaSkillbook","halation:PinkAlligatorPlush"]},{"not_picked":["hubris:HollowSoul","Velvet Choker"],"picked":"Tiny House"},{"not_picked":["Philosopher\u0027s Stone","aspiration:RitualDagger"],"picked":"aspiration:MobileForge"},{"not_picked":["hubris:CrackedHourglass","Replay:Drink Me","Honey Jar"]},{"not_picked":["Replay:Ancient Bell","Black Star"],"picked":"SacredBark"}],"items_purged_floors":[44,79],"is_endless":true,"potions_floor_spawned":[4,7,23,29,31,33,35,42,46,56,61,62,64,65,69,78],"killed_by":"Nightmare","ascension_level":0}}