{"host":"exexdi9os29xec1d","time":1608203082,"event":{"mods":["Act Like it!","BaseMod","Colored Map","Conspire","Decade(王小明)","Downfall","Gensokyo","Hero for Fun","HololiveMod","Hubris","Infinite Spire","KinomotoSakuraMod(木之本樱)","Koishi","LagranYue(拉格朗・月)","Marisa（F雨　魔理沙）","Minty Spire (QoL Compilation)","READ ME - Guardian Mod","Remilia（蕾米莉亚）","Replay The Spire","Shop Mod","StSLib","The Animator","The Bladedancer","The Bug Knight","The Cursed","The Disciple","The Hierophant","The Necromancer","The Servant 0.9.4","Youmu（魂魄妖梦）","[地精首领爬塔]The Maniac"],"gold_per_floor":[109,109,109,119,135,166,166,166,191,49,49,49,49,49,49,69,69,167,167,180,180,46,64,64,64],"floor_reached":24,"playtime":1027,"items_purged":["Strike_B","Strike_B"],"score":192,"play_id":"78e08cda-83ab-4cd2-950f-b0e667560528","local_time":"20201217190442","is_ascension_mode":false,"campfire_choices":[{"data":"ReplayTheSpireMod:Calculation Training","floor":8,"key":"SMITH"},{"floor":14,"key":"REST"},{"floor":17,"key":"REST"}],"circlet_count":0,"master_deck":["Strike_B","Strike_B","Defend_B","Defend_B","Defend_B","Defend_B+1","Zap","Sweeping Beam","FIFO Queue","ReplayTheSpireMod:Calculation Training+1","Crystallizer","Bash","Aggregate","hubris:DoWhile","hubris:Ukulele","Melter"],"relics":["LagranYue:RandomDrawCardRelic","NeowsBlessing","infinitespire:Lucky Rock","Iron Core","Blood Vial","Busted Crown"],"acts_visited":["Exordium","TheCity"],"potions_floor_usage":[],"damage_taken":[{"damage":0,"enemies":"Jaw Worm","floor":1,"turns":1},{"damage":0,"enemies":"Small Slimes","floor":4,"turns":1},{"damage":0,"enemies":"2 Louse","floor":5,"turns":1},{"damage":36,"enemies":"3 Sentries","floor":6,"turns":8},{"damage":11,"enemies":"Red Slaver","floor":16,"turns":4},{"damage":41,"enemies":"Fading Forest","floor":18,"turns":11},{"damage":28,"enemies":"Shell Parasite","floor":20,"turns":8},{"damage":38,"enemies":"2 Thieves","floor":23,"turns":4},{"damage":18,"enemies":"Cultist and Chosen","floor":24,"turns":4}],"seed_played":"3468382315367460301","potions_obtained":[{"floor":1,"key":"champ:CounterPotion"},{"floor":6,"key":"Dexterity Potion"},{"floor":23,"key":"LiquidBronze"}],"is_trial":false,"path_per_floor":["M","?","?","M","M","E","?","R","T","$","PTL","PTL","$","R","?","M","R","B",null,"M","?","$","M","M"],"character_chosen":"DEFECT","items_purchased":["Aggregate","Melter"],"campfire_rested":2,"item_purchase_floors":[10,22],"current_hp_per_floor":[75,75,75,75,75,39,39,39,39,39,39,39,39,61,61,52,74,54,75,47,41,41,5,0,0],"gold":64,"neow_bonus":"THREE_ENEMY_KILL","is_daily":false,"chose_seed":false,"campfire_upgraded":1,"win_rate":0.0,"timestamp":1608203082,"path_taken":["M","?","?","M","M","E","?","R","T","$","PTL","PTL","?","R","?","M","R","BOSS","M","?","$","?","M"],"items_purchased_type":["Card","Card"],"build_version":"2020-12-13","purchased_purges":2,"victory":false,"max_hp_per_floor":[75,75,75,75,75,75,75,75,75,75,75,75,75,75,75,75,75,75,75,75,75,75,75,75,75],"card_choices":[{"not_picked":["Barrage","Redo"],"picked":"Sweeping Beam","floor":1},{"not_picked":["Chill","Panic Button","Sweeping Beam"],"picked":"SKIP","floor":4},{"not_picked":["Self Repair","Streamline"],"picked":"ReplayTheSpireMod:Calculation Training","floor":5},{"not_picked":["Seek","Gash"],"picked":"Crystallizer","floor":6},{"not_picked":["Sweeping Beam","Force Field","Hologram"],"picked":"SKIP","floor":16},{"not_picked":["Multi-Cast","ReplayTheSpireMod:Omega Cannon"],"picked":"hubris:DoWhile","floor":18},{"not_picked":[],"picked":"hubris:Ukulele","floor":20},{"not_picked":["Steam+1"],"picked":"SKIP","floor":23}],"player_experience":69111,"relics_obtained":[{"floor":6,"key":"infinitespire:Lucky Rock"},{"floor":9,"key":"Blood Vial"}],"event_choices":[{"damage_healed":0,"gold_gain":0,"player_choice":"Grow","damage_taken":0,"max_hp_gain":0,"max_hp_loss":0,"event_name":"Living Wall","floor":2,"gold_loss":0,"cards_upgraded":["Defend_B"]},{"damage_healed":0,"gold_gain":0,"player_choice":"Disagree","damage_taken":0,"max_hp_gain":0,"max_hp_loss":0,"event_name":"conspire:LoneGhost","floor":15,"gold_loss":0},{"damage_healed":0,"gold_gain":0,"player_choice":"","damage_taken":6,"max_hp_gain":0,"max_hp_loss":0,"event_name":"Knowing Skull","floor":21,"potions_obtained":[],"gold_loss":0,"cards_obtained":[]}],"is_beta":false,"boss_relics":[{"not_picked":["SlaversCollar","Astrolabe"],"picked":"Busted Crown"}],"items_purged_floors":[10,22],"is_endless":false,"potions_floor_spawned":[1,6,23],"killed_by":"Cultist and Chosen","ascension_level":0}}