{"host":"b6iqmq74l2bwzb3l","time":1608193906,"event":{"mods":["Astrologer","BaseMod","Colored Map","Colored Powertips","Googly Eyes","MarisaÅiñ∂âJÅ@ñÇóùçπÅj","Minty Spire (QoL Compilation)","Quick Restart","StSLib","The Cursed"],"gold_per_floor":[116,116,191,191,210,210,223,263,263,291,291,238,257,271,271,271,271],"floor_reached":16,"playtime":354,"items_purged":[],"score":100,"play_id":"e0167f98-e4d6-4b20-9f07-8d1a50d8a92a","local_time":"20201217173146","is_ascension_mode":false,"campfire_choices":[{"data":"Crescendo","floor":6,"key":"SMITH"},{"data":"ClearTheMind","floor":11,"key":"SMITH"},{"data":"WindmillStrike","floor":15,"key":"SMITH"}],"circlet_count":0,"master_deck":["Strike_P","Strike_P","Strike_P","Strike_P","Defend_P","Defend_P","Defend_P","Defend_P","Eruption+1","Vigilance","WindmillStrike+1","Crescendo+1","ClearTheMind+1","Protect","DeusExMachina"],"relics":["PureWater","Centennial Puzzle","Golden Idol","Girya","Ginger","Odd Mushroom"],"acts_visited":["Exordium"],"potions_floor_usage":[13,16],"damage_taken":[{"damage":1,"enemies":"2 Louse","floor":1,"turns":4},{"damage":0,"enemies":"Small Slimes","floor":5,"turns":2},{"damage":0,"enemies":"Cultist","floor":7,"turns":2},{"damage":11,"enemies":"Gremlin Nob","floor":8,"turns":3},{"damage":4,"enemies":"The Mushroom Lair","floor":10,"turns":3},{"damage":0,"enemies":"Lots of Slimes","floor":13,"turns":2},{"damage":1,"enemies":"2 Fungi Beasts","floor":14,"turns":4},{"damage":41,"enemies":"Hexaghost","floor":16,"turns":9}],"seed_played":"6286333993472914415","potions_obtained":[{"floor":7,"key":"Explosive Potion"},{"floor":10,"key":"Fire Potion"},{"floor":13,"key":"Block Potion"}],"is_trial":false,"path_per_floor":["M","?","?","?","M","R","M","E","T","?","R","$","M","M","R","B"],"character_chosen":"WATCHER","items_purchased":["Protect"],"campfire_rested":0,"item_purchase_floors":[12],"current_hp_per_floor":[71,67,56,56,56,56,56,45,45,41,41,41,41,40,40,0,0],"gold":271,"neow_bonus":"RANDOM_COMMON_RELIC","is_daily":false,"chose_seed":false,"campfire_upgraded":3,"win_rate":0.0,"timestamp":1608193906,"path_taken":["M","?","?","?","M","R","M","E","T","?","R","$","M","M","R","BOSS"],"items_purchased_type":["Card"],"build_version":"2020-12-13","purchased_purges":0,"victory":false,"max_hp_per_floor":[72,67,67,67,67,67,67,67,67,67,67,67,67,67,67,67,67],"card_choices":[{"not_picked":["EmptyFist","Protect"],"picked":"WindmillStrike","floor":1},{"not_picked":["Wallop","Protect"],"picked":"Crescendo","floor":5},{"not_picked":["MentalFortress","Evaluate","Nirvana"],"picked":"SKIP","floor":7},{"not_picked":["SignatureMove","Brilliance","EmptyBody"],"picked":"SKIP","floor":8},{"not_picked":["LikeWater","Conclude"],"picked":"ClearTheMind","floor":10},{"not_picked":["Tantrum","EmptyFist"],"picked":"DeusExMachina","floor":13},{"not_picked":["ThirdEye","Crescendo","JustLucky"],"picked":"SKIP","floor":14}],"player_experience":315944,"relics_obtained":[{"floor":8,"key":"Girya"},{"floor":9,"key":"Ginger"},{"floor":10,"key":"Odd Mushroom"}],"event_choices":[{"damage_healed":0,"gold_gain":0,"player_choice":"Lose Max HP","damage_taken":0,"relics_obtained":["Golden Idol"],"max_hp_gain":0,"max_hp_loss":5,"event_name":"Golden Idol","floor":2,"gold_loss":0},{"damage_healed":0,"gold_gain":75,"player_choice":"Gather Gold","damage_taken":11,"max_hp_gain":0,"max_hp_loss":0,"event_name":"World of Goop","floor":3,"gold_loss":0},{"damage_healed":0,"gold_gain":0,"player_choice":"Grow","damage_taken":0,"max_hp_gain":0,"max_hp_loss":0,"event_name":"Living Wall","floor":4,"gold_loss":0,"cards_upgraded":["Eruption"]},{"damage_healed":0,"gold_gain":0,"player_choice":"Fought Mushrooms","damage_taken":0,"max_hp_gain":0,"max_hp_loss":0,"event_name":"Mushrooms","floor":10,"gold_loss":0}],"is_beta":false,"boss_relics":[],"items_purged_floors":[],"is_endless":false,"potions_floor_spawned":[7,10,13],"killed_by":"Hexaghost","ascension_level":0}}