{"host":"usewcu4ohw2wtmxk","time":1608186270,"event":{"mods":["AchievementEnabler","BaseMod","BetterRewards","Colored Powertips","Minty Spire (QoL Compilation)","Permanent Neow","Quick Restart","Relic Sorter","Relic Stats","Shop Mod","StSLib"],"gold_per_floor":[117,128,128,141,160,172,172,236,260,278,278,278,278,278,278,354,354,369,136,156,156,56,91,16,33,81,91,91,117,117,128,128,205,205,218,178,188,199,224,224,251,264,264,264,264,264,264,264,264,264,264,264,264,139,170,170],"floor_reached":57,"playtime":3060,"items_purged":["Bash","Blood for Blood","Power Through"],"score":2760,"play_id":"4709d420-9b67-45f2-84af-ff218bff3a94","local_time":"20201217142430","is_ascension_mode":true,"campfire_choices":[{"data":"Searing Blow","floor":7.0,"key":"SMITH"},{"data":"Searing Blow+1","floor":11.0,"key":"SMITH"},{"floor":13.0,"key":"REST"},{"data":"Searing Blow+2","floor":15.0,"key":"SMITH"},{"data":"Barricade","floor":30.0,"key":"SMITH"},{"data":"Evolve","floor":32.0,"key":"SMITH"},{"floor":40.0,"key":"RECALL"},{"data":"Sentinel","floor":47,"key":"SMITH"},{"data":"Burning Pact","floor":49,"key":"SMITH"},{"data":"Feel No Pain","floor":53,"key":"SMITH"}],"circlet_count":0,"master_deck":["AscendersBane","Searing Blow+3","Armaments+1","Burning Pact","Impervious","Entrench","Power Through","Entrench","Corruption","Barricade+1","Burning Pact+1","Feel No Pain+1","Battle Trance","Sentinel+1","Flame Barrier","Evolve+1","Berserk","Dark Embrace"],"relics":["Burning Blood","Happy Flower","Tiny Chest","Pandora\u0027s Box","TheAbacus","Potion Belt","Omamori","Bag of Preparation","Bottled Tornado","Runic Pyramid","Thread and Needle","Juzu Bracelet","Bottled Lightning","Red Skull","StrikeDummy"],"acts_visited":["Exordium","TheCity","TheBeyond","TheEnding"],"potions_floor_usage":[56,56],"damage_taken":[{"damage":6.0,"enemies":"Cultist","floor":1.0,"turns":3.0},{"damage":5.0,"enemies":"Small Slimes","floor":2.0,"turns":4.0},{"damage":8.0,"enemies":"2 Louse","floor":4.0,"turns":2.0},{"damage":23.0,"enemies":"Gremlin Gang","floor":5.0,"turns":7.0},{"damage":7.0,"enemies":"Looter","floor":6.0,"turns":4.0},{"damage":32.0,"enemies":"Gremlin Nob","floor":8.0,"turns":4.0},{"damage":12.0,"enemies":"Exordium Thugs","floor":10.0,"turns":4.0},{"damage":10.0,"enemies":"The Guardian","floor":16.0,"turns":11.0},{"damage":17.0,"enemies":"Shell Parasite","floor":18.0,"turns":8.0},{"damage":13.0,"enemies":"Spheric Guardian","floor":20.0,"turns":10.0},{"damage":10.0,"enemies":"Book of Stabbing","floor":23.0,"turns":21.0},{"damage":20.0,"enemies":"Centurion and Healer","floor":25.0,"turns":10.0},{"damage":0.0,"enemies":"Snake Plant","floor":27.0,"turns":11.0},{"damage":14.0,"enemies":"Slavers","floor":29.0,"turns":10.0},{"damage":0.0,"enemies":"3 Cultists","floor":31.0,"turns":8.0},{"damage":0.0,"enemies":"Champ","floor":33.0,"turns":15.0},{"damage":6.0,"enemies":"3 Shapes","floor":35.0,"turns":7.0},{"damage":0.0,"enemies":"Orb Walker","floor":37.0,"turns":6.0},{"damage":12.0,"enemies":"Jaw Worm Horde","floor":38.0,"turns":8.0},{"damage":0.0,"enemies":"Mind Bloom Boss Battle","floor":39.0,"turns":13.0},{"damage":0.0,"enemies":"Writhing Mass","floor":42.0,"turns":8.0},{"damage":0,"enemies":"Time Eater","floor":50,"turns":18},{"damage":15,"enemies":"Donu and Deca","floor":51,"turns":10},{"damage":24,"enemies":"Shield and Spear","floor":55,"turns":11},{"damage":11,"enemies":"The Heart","floor":56,"turns":18}],"seed_played":"4741649953735150704","potions_obtained":[{"floor":1.0,"key":"HeartOfIron"},{"floor":4.0,"key":"GamblersBrew"},{"floor":14.0,"key":"ElixirPotion"},{"floor":14.0,"key":"PowerPotion"},{"floor":16.0,"key":"DuplicationPotion"},{"floor":23.0,"key":"AttackPotion"},{"floor":29.0,"key":"Fruit Juice"},{"floor":35.0,"key":"SkillPotion"},{"floor":36.0,"key":"FairyPotion"},{"floor":36.0,"key":"Weak Potion"},{"floor":37.0,"key":"ElixirPotion"}],"is_trial":false,"path_per_floor":["M","M","?","M","M","M","R","?","T","M","R","?","R","?","R","B",null,"M","$","M","T","$","E","?","M","T","M","T","E","R","M","R","B",null,"M","?","M","M","?","R","T","M","T","?","?","?","R","T","R","B","B",null,"R","$","E","B",null],"character_chosen":"IRONCLAD","items_purchased":["TheAbacus"],"campfire_rested":1,"item_purchase_floors":[19],"current_hp_per_floor":[68,69,69,67,50,49,49,23,23,17,17,10,32,32,32,28,63,52,52,45,45,45,41,41,27,27,33,33,25,25,31,31,37,66,66,71,77,71,77,77,77,80,80,80,80,80,80,80,80,80,71,78,78,78,60,55],"gold":170,"neow_bonus":"THREE_CARDS","is_daily":false,"chose_seed":false,"campfire_upgraded":8,"win_rate":0.0,"timestamp":1608186270,"path_taken":["M","M","?","?","M","M","R","?","T","M","R","?","R","?","R","BOSS","M","$","?","?","?","E","?","M","T","?","?","E","R","M","R","BOSS","M","?","?","M","?","R","?","M","T","?","?","?","R","?","R","BOSS","BOSS","R","$","E","BOSS"],"items_purchased_type":["Relic"],"build_version":"2020-12-13","purchased_purges":3,"victory":true,"max_hp_per_floor":[75,75,75,75,75,75,75,75,75,75,75,75,75,75,75,75,75,75,75,75,75,75,75,75,75,75,75,75,75,75,75,75,75,75,75,80,80,80,80,80,80,80,80,80,80,80,80,80,80,80,80,80,80,80,80,80],"relic_stats":{"TheAbacus":[2346],"Happy Flower":[69],"counters":[25,231],"Tiny Chest":4,"Pandora\u0027s Box":["Entrench","Power Through","Power Through","Entrench","Blood for Blood","Corruption","Inflame","Barricade"],"Bag of Preparation":[26],"Juzu Bracelet":1,"obtain_stats":[{"Potion Belt":21,"Happy Flower":8,"Thread and Needle":39,"Omamori":23,"Bag of Preparation":26,"Juzu Bracelet":41,"Bottled Tornado":29,"Burning Blood":0,"TheAbacus":19,"Tiny Chest":9,"Pandora\u0027s Box":17,"Bottled Lightning":43,"StrikeDummy":55,"Red Skull":48,"Runic Pyramid":34},{"Potion Belt":10,"Happy Flower":6,"Thread and Needle":20,"Omamori":11,"Bag of Preparation":12,"Juzu Bracelet":20,"Bottled Tornado":14,"Burning Blood":0,"TheAbacus":9,"Tiny Chest":6,"Pandora\u0027s Box":8,"Bottled Lightning":21,"StrikeDummy":24,"Red Skull":21,"Runic Pyramid":16},{"Potion Belt":57,"Happy Flower":24,"Thread and Needle":166,"Omamori":78,"Bag of Preparation":88,"Juzu Bracelet":166,"Bottled Tornado":109,"Burning Blood":0,"TheAbacus":47,"Tiny Chest":24,"Pandora\u0027s Box":39,"Bottled Lightning":174,"StrikeDummy":213,"Red Skull":174,"Runic Pyramid":132}],"Burning Blood":141},"card_choices":[{"not_picked":["Ghostly Armor","Disarm"],"picked":"Searing Blow","floor":0.0},{"not_picked":["Reckless Charge","Cleave"],"picked":"Armaments","floor":1.0},{"not_picked":["Disarm","Reckless Charge","Sentinel"],"picked":"SKIP","floor":2.0},{"not_picked":["Twin Strike","Perfected Strike","Pommel Strike"],"picked":"SKIP","floor":4.0},{"not_picked":["Spot Weakness","Blood for Blood","Sword Boomerang"],"picked":"SKIP","floor":5.0},{"not_picked":["Fiend Fire","Intimidate","Heavy Blade"],"picked":"SKIP","floor":6.0},{"not_picked":["Seeing Red","Cleave"],"picked":"Burning Pact","floor":10.0},{"not_picked":["Juggernaut","Exhume"],"picked":"Impervious","floor":16.0},{"not_picked":["Carnage","Armaments","Clash"],"picked":"SKIP","floor":18.0},{"not_picked":["Anger","Pommel Strike"],"picked":"Burning Pact","floor":20.0},{"not_picked":["Reckless Charge","Shockwave+1"],"picked":"Feel No Pain","floor":23.0},{"not_picked":["Clothesline","Flex"],"picked":"Battle Trance","floor":25.0},{"not_picked":["Flex","Sever Soul"],"picked":"Sentinel","floor":27.0},{"not_picked":["Rampage","Feed"],"picked":"Flame Barrier","floor":29.0},{"not_picked":["Rage","Havoc"],"picked":"Evolve","floor":31.0},{"not_picked":["Limit Break","Brutality"],"picked":"Berserk","floor":33.0},{"not_picked":["Heavy Blade","Clash","Thunderclap"],"picked":"SKIP","floor":35.0},{"not_picked":["Twin Strike","Heavy Blade+1","Evolve+1"],"picked":"SKIP","floor":37.0},{"not_picked":["Cleave","Anger+1","Headbutt"],"picked":"SKIP","floor":38.0},{"not_picked":["Perfected Strike","Whirlwind","Cleave"],"picked":"SKIP","floor":42.0},{"not_picked":["Infernal Blade","Shrug It Off"],"picked":"Dark Embrace","floor":55}],"player_experience":271483,"relics_obtained":[{"floor":8.0,"key":"Happy Flower"},{"floor":9.0,"key":"Tiny Chest"},{"floor":21.0,"key":"Potion Belt"},{"floor":23.0,"key":"Omamori"},{"floor":26.0,"key":"Bag of Preparation"},{"floor":29.0,"key":"Bottled Tornado"},{"floor":39.0,"key":"Thread and Needle"},{"floor":41.0,"key":"Juzu Bracelet"},{"floor":43.0,"key":"Bottled Lightning"},{"floor":48,"key":"Red Skull"},{"floor":55,"key":"StrikeDummy"}],"event_choices":[{"damage_healed":0.0,"max_hp_gain":0.0,"max_hp_loss":0.0,"gold_gain":0.0,"event_name":"Upgrade Shrine","player_choice":"Upgraded","floor":3.0,"gold_loss":0.0,"damage_taken":0.0,"cards_upgraded":["Armaments"]},{"damage_healed":0.0,"max_hp_gain":0.0,"max_hp_loss":0.0,"gold_gain":0.0,"event_name":"Dead Adventurer","player_choice":"Searched \u00272\u0027 times","floor":8.0,"gold_loss":0.0,"damage_taken":0.0},{"cards_removed":["Strike_R"],"damage_healed":0.0,"max_hp_gain":0.0,"max_hp_loss":0.0,"gold_gain":0.0,"event_name":"Golden Wing","player_choice":"Card Removal","floor":12.0,"gold_loss":0.0,"damage_taken":7.0},{"damage_healed":0.0,"max_hp_gain":0.0,"max_hp_loss":0.0,"gold_gain":0.0,"event_name":"Lab","player_choice":"Got Potions","floor":14.0,"gold_loss":0.0,"damage_taken":0.0},{"cards_removed":["Inflame"],"damage_healed":0.0,"max_hp_gain":0.0,"max_hp_loss":0.0,"gold_gain":0.0,"event_name":"Designer","player_choice":"Single Remove","floor":24.0,"gold_loss":75.0,"damage_taken":0.0},{"damage_healed":0.0,"max_hp_gain":0.0,"max_hp_loss":0.0,"gold_gain":0.0,"event_name":"The Woman in Blue","player_choice":"Bought 3 Potions","floor":36.0,"gold_loss":0.0,"damage_taken":0.0},{"damage_healed":0.0,"max_hp_gain":0.0,"max_hp_loss":0.0,"gold_gain":0.0,"event_name":"MindBloom","player_choice":"Fight","floor":39.0,"gold_loss":0.0,"damage_taken":0.0},{"damage_healed":0,"gold_gain":0,"player_choice":"Memory 1","damage_taken":0,"max_hp_gain":0,"max_hp_loss":0,"event_name":"SensoryStone","floor":44,"gold_loss":0},{"damage_healed":0,"gold_gain":0,"player_choice":"Ignored","damage_taken":0,"max_hp_gain":0,"max_hp_loss":0,"event_name":"Tomb of Lord Red Mask","floor":45,"gold_loss":0},{"damage_healed":0,"gold_gain":0,"player_choice":"Ignored","damage_taken":0,"max_hp_gain":0,"max_hp_loss":0,"event_name":"Mysterious Sphere","floor":46,"gold_loss":0}],"is_beta":false,"boss_relics":[{"not_picked":["Sozu","SlaversCollar"],"picked":"Pandora\u0027s Box"},{"not_picked":["Tiny House","Runic Dome"],"picked":"Runic Pyramid"}],"items_purged_floors":[19,22,54],"is_endless":false,"potions_floor_spawned":[1,4,16,18,23,29,35,37,42],"ascension_level":20}}