{"host":"x1qj4d8ympd5jdqh","time":1608206411,"event":{"mods":["AchievementEnabler","AlwaysNeverKeys","BaseMod","Colored Map","Custom Start","DeckTracker","Highlight Path","Minty Spire (QoL Compilation)","StSLib","SuperFastMode"],"gold_per_floor":[112,112,126,141,155,155,180,180,180,180,11,30,30,42,42,119,119,135,135,147,197,208,208,241,241,311,338,338,348,348,368,368,445,445,455,455,25,45,56,56,75,100,100,100,127,127,153,169,169,169,169],"floor_reached":52,"playtime":2926,"items_purged":["Strike_G","Strike_G"],"score":1939,"play_id":"8a254fc7-cff0-46d5-ae81-a063fbb0e128","local_time":"20201217210011","is_ascension_mode":true,"campfire_choices":[{"data":"Neutralize","floor":6.0,"key":"SMITH"},{"data":"All Out Attack","floor":8.0,"key":"SMITH"},{"data":"Well Laid Plans","floor":15.0,"key":"SMITH"},{"data":"Wraith Form v2","floor":23.0,"key":"SMITH"},{"floor":25.0,"key":"REST"},{"data":"Night Terror","floor":28.0,"key":"SMITH"},{"data":"Prepared","floor":30.0,"key":"SMITH"},{"floor":32.0,"key":"REST"},{"data":"Adrenaline","floor":40.0,"key":"SMITH"},{"data":"Outmaneuver","floor":44.0,"key":"SMITH"},{"data":"Blur","floor":46.0,"key":"SMITH"},{"data":"Madness","floor":49.0,"key":"SMITH"}],"circlet_count":0,"master_deck":["AscendersBane","Strike_G","Strike_G","Defend_G","Defend_G","Defend_G","Defend_G","Survivor","Neutralize+1","Bouncing Flask+1","Flying Knee","Escape Plan","Bane+1","All Out Attack+1","Well Laid Plans+1","PiercingWail","Wraith Form v2+1","Corpse Explosion","Blur+1","Prepared+1","Backflip+1","Leg Sweep","Night Terror+1","Outmaneuver+1","Adrenaline+1","Deflect","Madness+1","Madness","PiercingWail","Setup+1","Blur"],"relics":["Ring of the Snake","Gambling Chip","Pantograph","Runic Pyramid","InkBottle","White Beast Statue","Potion Belt","Coffee Dripper","Eternal Feather","Regal Pillow","Blood Vial","Pear"],"acts_visited":["Exordium","TheCity","TheBeyond"],"potions_floor_usage":[51,51],"damage_taken":[{"damage":0.0,"enemies":"2 Louse","floor":1.0,"turns":4.0},{"damage":0.0,"enemies":"Cultist","floor":3.0,"turns":4.0},{"damage":4.0,"enemies":"Jaw Worm","floor":4.0,"turns":2.0},{"damage":6.0,"enemies":"Red Slaver","floor":5.0,"turns":3.0},{"damage":15.0,"enemies":"Lagavulin","floor":7.0,"turns":6.0},{"damage":3.0,"enemies":"Looter","floor":12.0,"turns":3.0},{"damage":7.0,"enemies":"Large Slime","floor":14.0,"turns":5.0},{"damage":5.0,"enemies":"The Guardian","floor":16.0,"turns":8.0},{"damage":12.0,"enemies":"3 Byrds","floor":18.0,"turns":2.0},{"damage":0.0,"enemies":"Chosen","floor":20.0,"turns":5.0},{"damage":0.0,"enemies":"3 Cultists","floor":22.0,"turns":3.0},{"damage":10.0,"enemies":"Book of Stabbing","floor":24.0,"turns":7.0},{"damage":15.0,"enemies":"Gremlin Leader","floor":27.0,"turns":11.0},{"damage":7.0,"enemies":"Snake Plant","floor":29.0,"turns":6.0},{"damage":20.0,"enemies":"Shelled Parasite and Fungi","floor":31.0,"turns":9.0},{"damage":5.0,"enemies":"Automaton","floor":33.0,"turns":18.0},{"damage":9.0,"enemies":"Orb Walker","floor":35.0,"turns":4.0},{"damage":0.0,"enemies":"3 Darklings","floor":38.0,"turns":5.0},{"damage":13.0,"enemies":"Writhing Mass","floor":39.0,"turns":7.0},{"damage":0.0,"enemies":"Maw","floor":41.0,"turns":8.0},{"damage":8.0,"enemies":"Giant Head","floor":42.0,"turns":16.0},{"damage":30.0,"enemies":"Nemesis","floor":45.0,"turns":13.0},{"damage":7.0,"enemies":"Giant Head","floor":47.0,"turns":9.0},{"damage":0.0,"enemies":"Transient","floor":48.0,"turns":6.0},{"damage":44.0,"enemies":"Awakened One","floor":50.0,"turns":28.0},{"damage":18,"enemies":"Donu and Deca","floor":51,"turns":15}],"seed_played":"-8055963828522727423","potions_obtained":[{"floor":12.0,"key":"DuplicationPotion"},{"floor":14.0,"key":"SkillPotion"},{"floor":16.0,"key":"DistilledChaos"},{"floor":24.0,"key":"GamblersBrew"},{"floor":27.0,"key":"GamblersBrew"},{"floor":29.0,"key":"FearPotion"},{"floor":31.0,"key":"AttackPotion"},{"floor":33.0,"key":"SteroidPotion"},{"floor":35.0,"key":"CultistPotion"},{"floor":39.0,"key":"Energy Potion"},{"floor":41.0,"key":"Block Potion"},{"floor":42.0,"key":"BlessingOfTheForge"},{"floor":45.0,"key":"Fire Potion"},{"floor":47.0,"key":"CunningPotion"},{"floor":48.0,"key":"DuplicationPotion"}],"is_trial":false,"path_per_floor":["M","?","M","M","M","R","E","R","T","?","$","M","$","M","R","B",null,"M","?","M","?","M","R","E","R","T","E","R","M","R","M","R","B",null,"M","?","$","M","M","R","M","E","T","R","E","R","E","M","R","B","B",null],"character_chosen":"THE_SILENT","items_purchased":["Well Laid Plans","PiercingWail","Eternal Feather","BlessingOfTheForge"],"campfire_rested":2,"item_purchase_floors":[11,11,37,37],"current_hp_per_floor":[59,59,59,55,49,49,34,34,34,34,34,31,31,24,24,44,56,44,44,44,38,38,38,28,46,46,31,31,24,24,4,22,42,56,47,36,36,36,23,41,41,33,33,51,21,39,44,46,64,26,35],"gold":169,"neow_bonus":"TRANSFORM_TWO_CARDS","is_daily":false,"chose_seed":false,"campfire_upgraded":10,"win_rate":0.0,"timestamp":1608206411,"path_taken":["M","?","M","M","?","R","E","R","T","?","$","M","?","M","R","BOSS","M","?","M","?","M","R","E","R","T","E","R","M","R","M","R","BOSS","M","?","$","M","M","R","M","E","T","R","E","R","E","M","R","BOSS","BOSS"],"items_purchased_type":["Card","Card","Relic","Potion"],"build_version":"2020-12-13","purchased_purges":2,"victory":true,"max_hp_per_floor":[60,60,60,60,60,60,60,60,60,60,60,60,60,60,60,60,60,60,60,60,60,60,60,60,60,60,60,60,60,60,60,60,60,60,60,60,60,60,60,60,60,60,60,60,60,60,70,70,70,70,70],"card_choices":[{"not_picked":["Outmaneuver","Quick Slash","Prepared"],"picked":"SKIP","floor":1.0},{"not_picked":["Flying Knee","Deadly Poison"],"picked":"Escape Plan","floor":3.0},{"not_picked":["Backflip","Flying Knee","Unload"],"picked":"SKIP","floor":4.0},{"not_picked":["Quick Slash","Slice"],"picked":"Bane","floor":5.0},{"not_picked":["Dodge and Roll","Slice"],"picked":"All Out Attack","floor":7.0},{"not_picked":["Crippling Poison","Terror"],"picked":"Wraith Form v2","floor":12.0},{"not_picked":["Prepared","Deflect","Distraction"],"picked":"SKIP","floor":14.0},{"not_picked":["After Image","Adrenaline"],"picked":"Corpse Explosion","floor":16.0},{"not_picked":["Quick Slash","Dagger Throw"],"picked":"Blur","floor":18.0},{"not_picked":["Blade Dance+1","Accuracy"],"picked":"Backflip+1","floor":20.0},{"not_picked":["Poisoned Stab","Choke"],"picked":"Leg Sweep","floor":22.0},{"not_picked":["Finisher","Blade Dance","Underhanded Strike"],"picked":"SKIP","floor":24.0},{"not_picked":["Dagger Spray","Outmaneuver"],"picked":"Night Terror","floor":27.0},{"not_picked":["Deflect","Caltrops","Deadly Poison"],"picked":"SKIP","floor":29.0},{"not_picked":["Prepared","Endless Agony"],"picked":"Outmaneuver","floor":31.0},{"not_picked":["Grand Finale","Burst"],"picked":"Adrenaline","floor":33.0},{"not_picked":["Flying Knee+1","Outmaneuver"],"picked":"Deflect","floor":35.0},{"not_picked":["Dagger Throw","Backflip"],"picked":"PiercingWail","floor":38.0},{"not_picked":["Poisoned Stab","Dodge and Roll"],"picked":"Setup+1","floor":39.0},{"not_picked":["Dodge and Roll","Flechettes","Blade Dance"],"picked":"SKIP","floor":41.0},{"not_picked":["Quick Slash","Deflect+1","Underhanded Strike"],"picked":"SKIP","floor":42.0},{"not_picked":["Slice","Acrobatics","Predator"],"picked":"SKIP","floor":45.0},{"not_picked":["Blade Dance","Well Laid Plans","Quick Slash"],"picked":"SKIP","floor":47.0},{"not_picked":["Sucker Punch","Bane"],"picked":"Blur","floor":48.0}],"player_experience":1228126,"relics_obtained":[{"floor":7.0,"key":"Gambling Chip"},{"floor":9.0,"key":"Pantograph"},{"floor":24.0,"key":"InkBottle"},{"floor":26.0,"key":"White Beast Statue"},{"floor":27.0,"key":"Potion Belt"},{"floor":42.0,"key":"Regal Pillow"},{"floor":45.0,"key":"Blood Vial"},{"floor":47.0,"key":"Pear"}],"event_choices":[{"damage_healed":0.0,"max_hp_gain":0.0,"max_hp_loss":0.0,"gold_gain":0.0,"event_name":"Upgrade Shrine","player_choice":"Upgraded","floor":2.0,"gold_loss":0.0,"damage_taken":0.0,"cards_upgraded":["Bouncing Flask"]},{"damage_healed":0.0,"max_hp_gain":0.0,"max_hp_loss":0.0,"gold_gain":0.0,"event_name":"Accursed Blacksmith","player_choice":"Forge","floor":10.0,"gold_loss":0.0,"damage_taken":0.0,"cards_upgraded":["Bane"]},{"damage_healed":0.0,"max_hp_gain":0.0,"max_hp_loss":0.0,"gold_gain":0.0,"event_name":"The Library","player_choice":"Read","floor":19.0,"gold_loss":0.0,"damage_taken":0.0,"cards_obtained":["Prepared"]},{"damage_healed":0.0,"max_hp_gain":0.0,"max_hp_loss":0.0,"gold_gain":50.0,"event_name":"FaceTrader","player_choice":"Touch","floor":21.0,"gold_loss":0.0,"damage_taken":6.0},{"damage_healed":0.0,"max_hp_gain":0.0,"max_hp_loss":0.0,"gold_gain":0.0,"event_name":"Winding Halls","player_choice":"Embrace Madness","floor":36.0,"gold_loss":0.0,"damage_taken":11.0,"cards_obtained":["Madness","Madness"]}],"is_beta":false,"boss_relics":[{"not_picked":["Tiny House","Cursed Key"],"picked":"Runic Pyramid"},{"not_picked":["Velvet Choker","Empty Cage"],"picked":"Coffee Dripper"}],"items_purged_floors":[11,37],"is_endless":false,"potions_floor_spawned":[12,14,16,24,27,29,31,33,35,38,39,41,42,45,47,48],"ascension_level":20}}