{"host":"sum4dy402bbv9y4o","time":1608232261,"event":{"mods":["Aspiration","BaseMod","Conspire","Highlight Path","Minty Spire (QoL Compilation)","StSLib"],"gold_per_floor":[118,118,131,56,56,56,84,84,84,115,132,144,179,191,191,191,191],"floor_reached":16,"playtime":440,"items_purged":["Strike_P"],"score":390,"play_id":"a7010c6c-5513-40f6-8ead-a4805c400909","local_time":"20201217221101","is_ascension_mode":true,"campfire_choices":[{"data":"Eruption","floor":6,"key":"SMITH"},{"data":"SashWhip","floor":8,"key":"SMITH"},{"data":"Adaptation","floor":15,"key":"SMITH"}],"circlet_count":0,"master_deck":["AscendersBane","Strike_P","Strike_P","Defend_P","Defend_P","Defend_P","Defend_P","Eruption+1","Vigilance","BowlingBash","SashWhip+1","Conclude","Adaptation+1","CutThroughFate","FollowUp","Prostrate"],"relics":["PureWater","NeowsBlessing","aspiration:FrozenJewel","PreservedInsect","Lantern","conspire:Dentures"],"acts_visited":["Exordium"],"potions_floor_usage":[3,12],"damage_taken":[{"damage":0,"enemies":"Small Slimes","floor":1,"turns":1},{"damage":0,"enemies":"Cultist","floor":3,"turns":1},{"damage":0,"enemies":"3 Sentries","floor":7,"turns":1},{"damage":0,"enemies":"Lagavulin","floor":10,"turns":3},{"damage":0,"enemies":"Jaw Worm","floor":11,"turns":2},{"damage":0,"enemies":"Exordium Thugs","floor":12,"turns":5},{"damage":0,"enemies":"Gremlin Nob","floor":13,"turns":2},{"damage":0,"enemies":"Gremlin Gang","floor":14,"turns":3},{"damage":78,"enemies":"The Guardian","floor":16,"turns":8}],"seed_played":"-825480106083965653","potions_obtained":[{"floor":2,"key":"Fruit Juice"},{"floor":2,"key":"EssenceOfSteel"},{"floor":3,"key":"LiquidBronze"},{"floor":10,"key":"SkillPotion"},{"floor":14,"key":"LiquidBronze"}],"is_trial":false,"path_per_floor":["M","?","M","$","?","R","E","R","T","E","M","M","E","M","R","B"],"character_chosen":"WATCHER","items_purchased":[],"campfire_rested":0,"item_purchase_floors":[],"current_hp_per_floor":[61,61,66,66,66,66,66,66,66,66,66,66,66,66,66,0,0],"gold":191,"neow_bonus":"THREE_ENEMY_KILL","is_daily":false,"chose_seed":false,"campfire_upgraded":3,"win_rate":0.0,"timestamp":1608232261,"path_taken":["M","?","M","?","?","R","E","R","T","E","M","?","E","M","R","BOSS"],"items_purchased_type":[],"build_version":"2020-12-13","purchased_purges":1,"victory":false,"max_hp_per_floor":[68,68,73,73,73,73,73,73,73,73,73,73,73,73,73,73,73],"card_choices":[{"not_picked":["EmptyFist","Collect"],"picked":"BowlingBash","floor":1},{"not_picked":["Adaptation","Halt"],"picked":"SashWhip","floor":3},{"not_picked":["WheelKick","Protect"],"picked":"Conclude","floor":7},{"not_picked":["FlyingSleeves","Halt"],"picked":"Adaptation","floor":10},{"not_picked":["BattleHymn","Worship"],"picked":"CutThroughFate","floor":11},{"not_picked":["CutThroughFate","CrushJoints","SashWhip"],"picked":"SKIP","floor":12},{"not_picked":["EmptyBody","Evaluate"],"picked":"FollowUp","floor":13},{"not_picked":["ForeignInfluence","Sanctity"],"picked":"Prostrate","floor":14}],"player_experience":2815695,"relics_obtained":[{"floor":7,"key":"aspiration:FrozenJewel"},{"floor":9,"key":"PreservedInsect"},{"floor":10,"key":"Lantern"},{"floor":13,"key":"conspire:Dentures"}],"event_choices":[{"damage_healed":0,"gold_gain":0,"player_choice":"Got Potions","damage_taken":0,"max_hp_gain":0,"max_hp_loss":0,"event_name":"Lab","floor":2,"gold_loss":0},{"cards_removed":["Strike_P"],"damage_healed":0,"gold_gain":0,"player_choice":"Offered Basic","damage_taken":0,"max_hp_gain":0,"max_hp_loss":0,"event_name":"Bonfire Elementals","floor":5,"gold_loss":0}],"is_beta":false,"boss_relics":[],"items_purged_floors":[4],"is_endless":false,"potions_floor_spawned":[3,10,11,14],"killed_by":"The Guardian","ascension_level":20}}