{"host":"wukocnei7dgudpva","time":1608193163,"event":{"mods":["AchievementEnabler","BaseMod","Colored Map","Filter the Spire","Minty Spire (QoL Compilation)","Permanent Neow","Relic Filter","Relic Sorter","Relic Stats","StSLib","SuperFastMode"],"gold_per_floor":[117,134,145,164,164,164,89,89,112,112,132,160,174,74,74,74,74],"floor_reached":16,"playtime":812,"items_purged":["Strike_P","Defend_P"],"score":102,"play_id":"86dd7dbc-d7ff-46b8-8038-396cef688259","local_time":"20201217171923","is_ascension_mode":false,"campfire_choices":[{"floor":6.0,"key":"RECALL"},{"floor":8.0,"key":"REST"},{"data":"Eruption","floor":10.0,"key":"SMITH"},{"floor":15.0,"key":"REST"}],"circlet_count":0,"master_deck":["Strike_P","Strike_P","Strike_P","Defend_P","Defend_P","Defend_P","Eruption+1","Vigilance","MentalFortress","MentalFortress"],"relics":["VioletLotus","Lantern"],"acts_visited":["Exordium"],"potions_floor_usage":[16,16],"damage_taken":[{"damage":0.0,"enemies":"Cultist","floor":1.0,"turns":4.0},{"damage":0.0,"enemies":"Small Slimes","floor":2.0,"turns":3.0},{"damage":2.0,"enemies":"2 Louse","floor":3.0,"turns":4.0},{"damage":26.0,"enemies":"Lots of Slimes","floor":4.0,"turns":5.0},{"damage":5.0,"enemies":"3 Louse","floor":11.0,"turns":4.0},{"damage":48.0,"enemies":"Lagavulin","floor":12.0,"turns":13.0},{"damage":1.0,"enemies":"Looter","floor":13.0,"turns":4.0},{"damage":34,"enemies":"The Guardian","floor":16,"turns":10}],"seed_played":"-4572936959406438793","potions_obtained":[{"floor":2.0,"key":"StancePotion"},{"floor":3.0,"key":"Block Potion"},{"floor":5.0,"key":"Weak Potion"},{"floor":5.0,"key":"PowerPotion"},{"floor":5.0,"key":"Block Potion"},{"floor":12.0,"key":"Block Potion"},{"floor":13.0,"key":"SpeedPotion"}],"is_trial":false,"path_per_floor":["M","M","M","M","?","R","$","R","T","R","M","E","M","$","R","B"],"character_chosen":"WATCHER","items_purchased":[],"campfire_rested":2,"item_purchase_floors":[],"current_hp_per_floor":[72,72,70,44,44,44,44,65,65,65,60,12,11,11,32,0,0],"gold":74,"neow_bonus":"BOSS_RELIC","is_daily":false,"chose_seed":false,"campfire_upgraded":1,"win_rate":0.0,"timestamp":1608193163,"path_taken":["M","M","M","?","?","R","?","R","T","R","M","E","M","$","R","BOSS"],"items_purchased_type":[],"build_version":"2020-12-13","purchased_purges":2,"victory":false,"max_hp_per_floor":[72,72,72,72,72,72,72,72,72,72,72,72,72,72,72,72,72],"relic_stats":{"counters":[8,47],"VioletLotus":[10],"obtain_stats":[{"Lantern":12,"VioletLotus":0,"PureWater":0},{"Lantern":6,"VioletLotus":0,"PureWater":0},{"Lantern":33,"VioletLotus":0,"PureWater":0}]},"card_choices":[{"not_picked":["Crescendo","Protect","WaveOfTheHand"],"picked":"SKIP","floor":1.0},{"not_picked":["ThirdEye","Blasphemy","InnerPeace"],"picked":"SKIP","floor":2.0},{"not_picked":["EmptyBody","Protect","Wireheading"],"picked":"SKIP","floor":3.0},{"not_picked":["WaveOfTheHand","JustLucky"],"picked":"MentalFortress","floor":4.0},{"not_picked":["EmptyFist","Indignation"],"picked":"MentalFortress","floor":11.0},{"not_picked":["BowlingBash","Wireheading","Evaluate"],"picked":"SKIP","floor":12.0},{"not_picked":["ClearTheMind","Devotion","JustLucky"],"picked":"SKIP","floor":13.0}],"player_experience":260588,"relics_obtained":[{"floor":12.0,"key":"Lantern"}],"event_choices":[{"damage_healed":0.0,"max_hp_gain":0.0,"max_hp_loss":0.0,"gold_gain":0.0,"event_name":"Lab","player_choice":"Got Potions","floor":5.0,"gold_loss":0.0,"damage_taken":0.0}],"is_beta":false,"boss_relics":[],"items_purged_floors":[7,14],"is_endless":false,"potions_floor_spawned":[2,3,12,13],"killed_by":"The Guardian","ascension_level":0}}