{"host":"r3d3rfw8zyydmocx","time":1608241104,"event":{"mods":["Aspiration","BaseMod","Colored Powertips","Conspire","Downfall","Hermit","Highlight Path","Hubris","Minty Spire (QoL Compilation)","Replay The Spire","StSLib"],"gold_per_floor":[99,112,143,153,175,175,175,186,186,228,66,87,111,211,238,346,346,271,271,289,214,235,235,258,284,305,305,328,328,390,443,501,651,651,651,714,789,789,851,944,971,971,1044,969,1027,1125,590,590,644,684],"floor_reached":51,"playtime":5207,"items_purged":["hexamod:Strike"],"score":916,"play_id":"043b95fe-3d1c-4a78-a94c-8d92f43ed033","local_time":"20201217133824","is_ascension_mode":false,"campfire_choices":[{"data":"hexamod:Sear","floor":1.0,"key":"SMITH"},{"data":"hexamod:AdvancingGuard","floor":6,"key":"SMITH"},{"floor":9,"key":"REST"},{"floor":18,"key":"RECALL"},{"data":"hexamod:VolcanoVisage","floor":21,"key":"SMITH"},{"data":"hexamod:Rewind","floor":23,"key":"SMITH"},{"data":"hexamod:GiftsFromTheDead","floor":27,"key":"SMITH"},{"data":"hexamod:ParanormalForm","floor":35,"key":"SMITH"},{"data":"hexamod:ParanormalForm","floor":38,"key":"SMITH"},{"data":"hexamod:GhostflameInferno","floor":44,"key":"SMITH"}],"circlet_count":0,"master_deck":["hexamod:Strike","hexamod:Defend","hexamod:Defend","hexamod:Defend","hexamod:Defend","hexamod:Sear+1","hexamod:Float","hexamod:ThirdSeal","hexamod:EmpoweredFlame","hexamod:RadiantFlame","hexamod:SecondSeal","hexamod:AdvancingGuard+1","hexamod:FlamesFromBeyond","hexamod:FourthSeal","hexamod:GhostOfSpirePast","hexamod:SearingWound","hexamod:EmpoweringStance","hexamod:Rewind+1","hexamod:GhostOfSpirePast","hexamod:SkipABeat+1","hexamod:FirstSeal","hexamod:HeatShield","hexamod:RadiantFlame","hexamod:VolcanoVisage+1","hexamod:Haunt","hexamod:FastForward+1","hexamod:Hexaguard+1","hexamod:SoulSteal","hexamod:GiftsFromTheDead+1","hexamod:FlamesFromBeyond+1","hexamod:PhantomCloak","hexamod:VolcanoVisage","hexamod:DynamicBlow","hexamod:ParanormalForm+1","hexamod:ParanormalForm+1","hexamod:AdvancingGuard+1","hexamod:NecessarySacrifice+1","hexamod:NecessarySacrifice+1","hexamod:GhostOfSpireFuture","hexamod:GhostflameInferno+1","hexamod:GhostflameBarrier+1","hexamod:EmpoweredFlame","hexamod:EmpoweredFlame","hexamod:TimeOfNeed"],"relics":["hexamod:SpiritBrand","TungstenRod","Pantograph","HornCleat","Darkstone Periapt","Replay:Rubber Ducky","expansioncontent:StudyCardRelic","downfall:HeartBlessingGreen","downfall:HeartBlessingRed","Pet Ghost","Centennial Puzzle","downfall:KnowingSkull","SlaversCollar","hubris:DeckOfHolding","conspire:GlowingRock","Mummified Hand","downfall:HeartBlessingBlue","Du-Vu Doll","Eternal Feather","hubris:HerbalPaste"],"acts_visited":["Exordium","TheCity","TheBeyond"],"potions_floor_usage":[10,12,14,14,16,25,26,30,30,33,37,40,47,47],"damage_taken":[{"damage":0.0,"enemies":"Cultist","floor":2.0,"turns":3.0},{"damage":29.0,"enemies":"3 Sentries","floor":3.0,"turns":13.0},{"damage":0,"enemies":"Small Slimes","floor":4,"turns":4},{"damage":0,"enemies":"Jaw Worm","floor":5,"turns":3},{"damage":13,"enemies":"Exordium Thugs","floor":8,"turns":6},{"damage":8,"enemies":"Lagavulin","floor":10,"turns":7},{"damage":0,"enemies":"downfall:FleeingMerchant","floor":11,"turns":4},{"damage":0,"enemies":"Large Slime","floor":12,"turns":6},{"damage":7,"enemies":"Exordium Thugs","floor":13,"turns":3},{"damage":6,"enemies":"downfall:Heads","floor":14,"turns":7},{"damage":0,"enemies":"Large Slime","floor":15,"turns":7},{"damage":6,"enemies":"downfall:Ironclad","floor":16,"turns":10},{"damage":0,"enemies":"3 Byrds","floor":20,"turns":4},{"damage":0,"enemies":"Spheric Guardian","floor":22,"turns":6},{"damage":19,"enemies":"Gremlin Leader","floor":25,"turns":6},{"damage":0,"enemies":"Shelled Parasite and Fungi","floor":26,"turns":5},{"damage":0,"enemies":"conspire:HollyBat","floor":28,"turns":7},{"damage":2,"enemies":"Sentry and Sphere","floor":30,"turns":4},{"damage":2,"enemies":"3 Cultists","floor":31,"turns":3},{"damage":2,"enemies":"Chosen and Byrds","floor":32,"turns":4},{"damage":2,"enemies":"downfall:Defect","floor":33,"turns":6},{"damage":2,"enemies":"3 Darklings","floor":36,"turns":4},{"damage":2,"enemies":"Reptomancer","floor":37,"turns":5},{"damage":2,"enemies":"3 Shapes","floor":39,"turns":4},{"damage":6,"enemies":"2 Orb Walkers","floor":40,"turns":4},{"damage":2,"enemies":"Nemesis","floor":43,"turns":5},{"damage":2,"enemies":"3 Darklings","floor":45,"turns":4},{"damage":2,"enemies":"Mind Bloom Boss Battle","floor":46,"turns":4},{"damage":2,"enemies":"downfall:FleeingMerchant","floor":47,"turns":4},{"damage":7,"enemies":"Sphere and 2 Shapes","floor":49,"turns":4},{"damage":2,"enemies":"downfall:Watcher","floor":50,"turns":6}],"seed_played":"3756594815748086342","potions_obtained":[{"floor":3.0,"key":"PowerPotion"},{"floor":5,"key":"Explosive Potion"},{"floor":10,"key":"Venom Potion"},{"floor":11,"key":"conspire:TimeTravelPotion"},{"floor":12,"key":"Fruit Juice"},{"floor":12,"key":"hexamod:EctoCoolerPotion"},{"floor":15,"key":"Adrenaline Potion"},{"floor":15,"key":"SpeedPotion"},{"floor":16,"key":"PowerPotion"},{"floor":25,"key":"Languid Potion"},{"floor":26,"key":"Swift Potion"},{"floor":30,"key":"AttackPotion"},{"floor":30,"key":"SpeedPotion"},{"floor":31,"key":"Adrenaline Potion"},{"floor":33,"key":"LiquidMemories"},{"floor":36,"key":"Adrenaline Potion"},{"floor":37,"key":"Fire Potion"},{"floor":40,"key":"Weak Potion"},{"floor":43,"key":"LifebloodPotion"},{"floor":47,"key":"Fire Potion"}],"is_trial":false,"path_per_floor":["R","M","E","M","M","R","T","M","R","E","$","M","M","?","M","B",null,"R","?","M","R","M","R","T","E","M","R","M","?","M","M","M","B",null,"R","M","E","R","M","?","T","?","E","R","M","?","$","?","M","B",null],"character_chosen":"THE_SPIRIT","items_purchased":["Replay:Rubber Ducky","Eternal Feather","hubris:HerbalPaste","hexamod:EmpoweredFlame"],"campfire_rested":1,"item_purchase_floors":[11,47,47,47],"current_hp_per_floor":[63,63,34,34,34,34,34,21,39,31,31,36,29,23,30,49,68,68,68,68,68,68,68,68,56,63,63,68,62,67,65,63,68,68,68,68,66,66,68,68,68,68,68,78,78,78,78,78,78,78],"gold":684,"neow_bonus":"ONE_RARE_RELIC","is_daily":false,"chose_seed":false,"campfire_upgraded":8,"win_rate":0.0,"timestamp":1608241104,"path_taken":["R","M","E","?","M","R","T","M","R","E","$","M","?","?","M","BOSS","R","?","M","R","M","R","T","E","M","R","M","?","M","?","M","BOSS","R","M","E","R","M","?","T","?","E","R","?","?","$","?","M","BOSS"],"items_purchased_type":["Relic","Relic","Relic","Card"],"build_version":"2020-12-13","purchased_purges":1,"victory":true,"max_hp_per_floor":[63,63,63,63,63,63,63,63,63,63,63,68,68,68,68,68,68,68,68,68,68,68,68,68,68,68,68,68,68,68,68,68,68,68,68,68,68,68,68,68,68,68,68,78,78,78,78,78,78,78],"card_choices":[{"not_picked":["hexamod:Firestarter","hexamod:EtherealExpedition"],"picked":"hexamod:ThirdSeal","floor":2.0},{"not_picked":["hexamod:HauntingEcho","hexamod:NecessarySacrifice"],"picked":"hexamod:EmpoweredFlame","floor":3.0},{"not_picked":["hexamod:ChargedBarrage","hexamod:BurningTouch"],"picked":"hexamod:RadiantFlame","floor":3.0},{"not_picked":["hexamod:ChargedBarrage","hexamod:GhostShield"],"picked":"hexamod:SecondSeal","floor":4},{"not_picked":["hexamod:GhostShield","hexamod:SwordOfDarkness"],"picked":"hexamod:AdvancingGuard","floor":4},{"not_picked":["hexamod:HeatCrush","hexamod:FastForward"],"picked":"hexamod:FlamesFromBeyond","floor":5},{"not_picked":["hexamod:GhostShield","hexamod:GhostLash"],"picked":"hexamod:FourthSeal","floor":8},{"not_picked":["hexamod:PhantomFireball","hexamod:AdvancingGuard"],"picked":"hexamod:GhostOfSpirePast","floor":10},{"not_picked":["hexamod:BurningTouch","hexamod:BacktrackSmack"],"picked":"hexamod:SearingWound","floor":10},{"not_picked":["hexamod:GhostLash","hexamod:NightmareStrike"],"picked":"hexamod:EmpoweringStance","floor":11},{"not_picked":["hexamod:ThirdSeal","hexamod:NightmareStrike"],"picked":"hexamod:Rewind","floor":11},{"not_picked":["hexamod:FastForward","hexamod:PhantomFireball"],"picked":"hexamod:GhostOfSpirePast","floor":12},{"not_picked":["hexamod:ShieldOfDarkness","hexamod:GhostLash"],"picked":"hexamod:SkipABeat","floor":12},{"not_picked":["hexamod:ShieldOfDarkness","hexamod:BurningTouch","hexamod:HauntingEcho"],"picked":"SKIP","floor":13},{"not_picked":["hexamod:ThermalTransfer","hexamod:HeatCrush"],"picked":"hexamod:HeatShield","floor":15},{"not_picked":["hexamod:SwordOfDarkness","hexamod:Firestarter"],"picked":"hexamod:RadiantFlame","floor":15},{"not_picked":["hexamod:SearingWound","hexamod:UnleashSpirits"],"picked":"hexamod:VolcanoVisage","floor":16},{"not_picked":["hexamod:GhostLash+1","hexamod:AdvancingGuard"],"picked":"hexamod:FastForward+1","floor":20},{"not_picked":["hexamod:AdvancingGuard","hexamod:NightmareStrike"],"picked":"hexamod:Hexaguard+1","floor":20},{"not_picked":["hexamod:SpectralAdrenaline","hexamod:FourthSeal"],"picked":"hexamod:SoulSteal","floor":22},{"not_picked":["hexamod:BacktrackSmack","hexamod:ThirdSeal","hexamod:GhostLash"],"picked":"SKIP","floor":22},{"not_picked":["hexamod:Haunt","hexamod:SpectersWail+1"],"picked":"hexamod:GiftsFromTheDead","floor":25},{"not_picked":["hexamod:AdvancingGuard","hexamod:Hexaguard","hexamod:GhostLash+1"],"picked":"SKIP","floor":25},{"not_picked":["hexamod:ShieldOfDarkness","hexamod:ThermalTransfer"],"picked":"hexamod:FlamesFromBeyond+1","floor":26},{"not_picked":["hexamod:FlamesFromBeyond","hexamod:SwordOfDarkness+1","hexamod:Hexaguard"],"picked":"SKIP","floor":26},{"not_picked":["hexamod:HauntingEcho+1","hexamod:ThermalTransfer"],"picked":"hexamod:PhantomCloak","floor":28},{"not_picked":["hexamod:FlamesFromBeyond","hexamod:Again+1","hexamod:NightmareGuise+1"],"picked":"SKIP","floor":28},{"not_picked":["hexamod:FastForward","hexamod:ThermalTransfer+1"],"picked":"hexamod:VolcanoVisage","floor":30},{"not_picked":["hexamod:FastForward","hexamod:Firestarter","hexamod:GhostOfSpirePresent"],"picked":"SKIP","floor":30},{"not_picked":["hexamod:ThermalTransfer+1","hexamod:CatchUp","hexamod:NightmareGuise"],"picked":"SKIP","floor":31},{"not_picked":["hexamod:ThermalTransfer","hexamod:EmpoweredFlame"],"picked":"hexamod:DynamicBlow","floor":32},{"not_picked":["hexamod:UnleashSpirits","hexamod:GiftsFromTheDead"],"picked":"hexamod:ParanormalForm","floor":33},{"not_picked":["hexamod:GiftsFromTheDead","hexamod:GhostflameInferno"],"picked":"hexamod:ParanormalForm","floor":33},{"not_picked":["hexamod:FirstSeal","hexamod:GhostShield"],"picked":"hexamod:AdvancingGuard+1","floor":36},{"not_picked":["hexamod:RainOfEmbers","hexamod:Firestarter","hexamod:GhostOfSpirePresent"],"picked":"SKIP","floor":36},{"not_picked":["hexamod:RadiantFlame","hexamod:HauntingEcho+1"],"picked":"hexamod:NecessarySacrifice+1","floor":37},{"not_picked":["hexamod:NightmareGuise+1","hexamod:BurningTouch+1"],"picked":"hexamod:NecessarySacrifice+1","floor":37},{"not_picked":["hexamod:SpectersWail","hexamod:HauntingEcho+1","hexamod:FastForward+1"],"picked":"SKIP","floor":39},{"not_picked":["hexamod:HauntingEcho+1","hexamod:Firestarter"],"picked":"hexamod:GhostOfSpireFuture","floor":40},{"not_picked":["hexamod:Firestarter+1","hexamod:TimeWarp","hexamod:DynamicBlow"],"picked":"SKIP","floor":43},{"not_picked":["hexamod:Rewind","hexamod:GhostShield","hexamod:UnleashSpirits"],"picked":"SKIP","floor":43},{"not_picked":["hexamod:AdvancingGuard+1","hexamod:ShieldOfDarkness+1"],"picked":"hexamod:GhostflameBarrier+1","floor":45},{"not_picked":["hexamod:HeatMetal+1","hexamod:BurningTouch+1","hexamod:HeatCrush+1"],"picked":"SKIP","floor":45},{"not_picked":["hexamod:Hexaguard+1","hexamod:PowerFromBeyond"],"picked":"hexamod:EmpoweredFlame","floor":47},{"not_picked":["hexamod:NightmareGuise","hexamod:RainOfEmbers"],"picked":"hexamod:TimeOfNeed","floor":49},{"not_picked":["hexamod:GhostLash","hexamod:GhostOfSpirePast","hexamod:Firestarter"],"picked":"SKIP","floor":49}],"player_experience":480349,"relics_obtained":[{"floor":3.0,"key":"Pantograph"},{"floor":7,"key":"HornCleat"},{"floor":10,"key":"Darkstone Periapt"},{"floor":24,"key":"Pet Ghost"},{"floor":25,"key":"Centennial Puzzle"},{"floor":37,"key":"hubris:DeckOfHolding"},{"floor":40,"key":"conspire:GlowingRock"},{"floor":43,"key":"Mummified Hand"},{"floor":46,"key":"Du-Vu Doll"}],"event_choices":[{"damage_healed":0,"gold_gain":0,"player_choice":"Fight","damage_taken":0,"max_hp_gain":0,"max_hp_loss":0,"event_name":"Mysterious Sphere","floor":40,"gold_loss":0},{"damage_healed":0,"gold_gain":0,"player_choice":"Ignored","damage_taken":0,"max_hp_gain":0,"max_hp_loss":0,"event_name":"NoteForYourself","floor":48,"gold_loss":0}],"is_beta":false,"boss_relics":[{"not_picked":["ReplayTheSpireMod:DimensionalGlitch","aspiration:FutureDiary"],"picked":"expansioncontent:StudyCardRelic"},{"not_picked":["conspire:SpecialSausage","hubris:BlackHole"],"picked":"SlaversCollar"}],"items_purged_floors":[47],"is_endless":false,"potions_floor_spawned":[3,5,12,15,26,30,32,36,39,45],"ascension_level":0}}