{"host":"u3jctbsl7uavviuy","time":1608175042,"event":{"mods":["BaseMod","BetterRewards","GungeonMod","HololiveMod","Luminous","Marisa（F雨　魔理沙）","Minty Spire (QoL Compilation)","Relic Stats","Replay The Spire","Shop Mod","Spicy Shops","StSLib","TestMod","The Animator","The Cursed","The Gatherer","The Servant 0.9.4","WarShipGirlsR/战舰少女R mod","vexMod","篝火指南"],"gold_per_floor":[32,32,44,44,69,100,100,126,126,201,213,213,163,178,178,278,278,296,296,187,200,200,200,219,254,254,14,14,53,53,91,91,220,220,233,233,245,22,35,70,80,80,105,105,137,150,184,204,6,42],"floor_reached":51,"playtime":2700,"items_purged":["Strike_G","Defend_G+1","Defend_G+1"],"score":1312,"play_id":"ca609e82-950f-4cbe-955b-e45f2ec327f2","local_time":"20201217121722","is_ascension_mode":true,"campfire_choices":[{"data":"Cloak And Dagger","floor":7.0,"key":"SMITH"},{"floor":12.0,"key":"REST"},{"data":"Prepared","floor":15.0,"key":"SMITH"},{"data":"Venomology","floor":23.0,"key":"SMITH"},{"data":"Adrenaline","floor":28.0,"key":"SMITH"},{"data":"Well Laid Plans","floor":32.0,"key":"SMITH"},{"data":"Tools of the Trade","floor":44,"key":"SMITH"}],"circlet_count":0,"master_deck":["Defend_G+1","Defend_G+1","Defend_G+1","Survivor","Neutralize","ReplayTheSpireMod:Scrap Shanks","testmod-PainDetonator","Cloak And Dagger+1","Distraction+1","Footwork","Blade Dance","Prepared+1","Acrobatics","PiercingWail","Blade Dance","Leg Sweep","Venomology+1","Cloak And Dagger+1","Well Laid Plans+1","ReplayTheSpireMod:Tripwire","Adrenaline+1","Dagger Spray+1","Tools of the Trade+1","Cloak And Dagger+1","Tactician+1","Calculated Gamble+1","Pot Of Greed+1","Pot Of Greed+1","Pot Of Greed+1","Backflip+1","Venomology+1","Reflex+1"],"relics":["Ring of the Snake","testmod-TestBox","testmod-IntensifyImprint","Replay:Wax Seal","Anchor","Molten Egg 2","testmod-AssaultLearning","PreservedInsect","ReplayFunnel","Replay:Bottled Eggs","Empty Cage","Pear","vexMod:ConsolationPrize","Shuriken","Toxic Egg 2","Paper Crane","Philosopher\u0027s Stone","DemoMod:PinkGuonStone","Grinning Jar","Gremlin Food","vexMod:CardConverter","testmod-Fortitude","TwistedFunnel"],"acts_visited":["Exordium","TheCity","TheBeyond"],"potions_floor_usage":[45,45,46,47,48,48,48,50,50,50,50,50],"damage_taken":[{"damage":3.0,"enemies":"Small Slimes","floor":1.0,"turns":3.0},{"damage":0.0,"enemies":"Cultist","floor":3.0,"turns":3.0},{"damage":2.0,"enemies":"3 Sentries","floor":6.0,"turns":6.0},{"damage":6.0,"enemies":"Lagavulin","floor":8.0,"turns":4.0},{"damage":0.0,"enemies":"2 Louse","floor":11.0,"turns":2.0},{"damage":1.0,"enemies":"Exordium Wildlife","floor":14.0,"turns":3.0},{"damage":17.0,"enemies":"Hexaghost","floor":16.0,"turns":8.0},{"damage":13.0,"enemies":"2 Thieves","floor":18.0,"turns":5.0},{"damage":2.0,"enemies":"Spheric Guardian","floor":21.0,"turns":6.0},{"damage":0.0,"enemies":"Centurion and Healer","floor":24.0,"turns":6.0},{"damage":13.0,"enemies":"Gremlin Leader","floor":25.0,"turns":4.0},{"damage":6.0,"enemies":"Slavers","floor":29.0,"turns":3.0},{"damage":7.0,"enemies":"Replay:Snechameleon","floor":31.0,"turns":5.0},{"damage":25.0,"enemies":"Champ","floor":33.0,"turns":7.0},{"damage":2.0,"enemies":"3 Shapes","floor":35.0,"turns":3.0},{"damage":0.0,"enemies":"Orb Walker","floor":37.0,"turns":3.0},{"damage":0.0,"enemies":"Writhing Mass","floor":39.0,"turns":3.0},{"damage":0.0,"enemies":"Reptomancer","floor":40.0,"turns":2.0},{"damage":0,"enemies":"Transient","floor":41,"turns":5},{"damage":0,"enemies":"Nemesis","floor":45,"turns":3},{"damage":0,"enemies":"4 Shapes","floor":46,"turns":2},{"damage":0,"enemies":"Giant Head","floor":47,"turns":3},{"damage":0,"enemies":"Sphere and 2 Shapes","floor":48,"turns":2},{"damage":36,"enemies":"Time Eater","floor":50,"turns":6}],"seed_played":"-2137920464261953828","potions_obtained":[{"floor":1.0,"key":"Strength Potion"},{"floor":18.0,"key":"FearPotion"},{"floor":25.0,"key":"SkillPotion"},{"floor":29.0,"key":"ColorlessPotion"},{"floor":30.0,"key":"Ancient Potion"},{"floor":30.0,"key":"Ancient Potion"},{"floor":33.0,"key":"testmod-SpacePotion"},{"floor":39.0,"key":"SkillPotion"},{"floor":47,"key":"SteroidPotion"},{"floor":48,"key":"DuplicationPotion"}],"is_trial":false,"path_per_floor":["M","?","M","?","T","E","R","E","T","?","M","R","?","M","R","B",null,"M","?","$","M","?","R","M","E","T","$","R","E","?","E","R","B",null,"M","T","M","$","M","E","M","?","T","R","E","M","E","M","R","B",null],"character_chosen":"THE_SILENT","items_purchased":["Replay:Wax Seal","Anchor","ReplayTheSpireMod:Scrap Shanks","testmod-PainDetonator","Cloak And Dagger","Molten Egg 2","Distraction+1","Footwork","Well Laid Plans","Shuriken","Calculated Gamble+1","TwistedFunnel"],"campfire_rested":1,"item_purchase_floors":[0,0,0,0,0,0,0,0,20,27,38,49],"current_hp_per_floor":[35,35,35,35,35,33,33,27,27,16,16,37,37,36,36,19,70,57,64,64,62,62,62,62,59,59,59,59,53,53,46,46,21,80,78,85,85,85,85,85,85,85,85,85,87,87,89,89,89,53],"gold":42,"neow_bonus":"","is_daily":false,"chose_seed":false,"campfire_upgraded":6,"win_rate":0.0,"timestamp":1608175042,"path_taken":["M","?","?","?","?","E","R","E","T","?","M","R","?","?","R","BOSS","M","?","$","M","?","R","M","E","T","$","R","E","?","E","R","BOSS","M","?","M","$","M","E","M","?","T","R","E","M","E","M","R","BOSS"],"items_purchased_type":["Relic","Relic","Card","Card","Card","Relic","Card","Card","Card","Relic","Card","Relic"],"build_version":"2020-12-13","purchased_purges":3,"victory":true,"max_hp_per_floor":[70,70,70,70,70,70,70,70,70,70,70,70,70,70,70,70,70,70,70,70,70,70,70,70,80,80,80,80,80,80,80,80,80,80,80,87,87,87,87,87,87,87,87,87,89,89,91,91,91,91],"relic_stats":{"counters":[80,329],"Shuriken":[61],"PreservedInsect":376,"obtain_stats":[{"TwistedFunnel":49,"vexMod:MemoryStick":12,"Tiny House":34,"Vajra":23,"testmod-IWantAll":0,"DemoMod:GlassGuonStoneRelic":8,"Whetstone":49,"vexMod:CardConverter":45,"vexMod:EndlessSickness":34,"Honey Jar":17,"Philosopher\u0027s Stone":34,"Replay:Wax Seal":0,"Toxic Egg 2":29,"testmod-IntensifyImprint":0,"testmod-TestBox":0,"Pear":45,"Happy Flower":40,"Oddly Smooth Stone":53,"Pen Nib":25,"Charon\u0027s Ashes":26,"Paper Crane":31,"testmod-Fortitude":47,"testmod-RealStoneCalender":47,"Replay:Baseball":32,"DemoMod:MeatBun":53,"Shuriken":27,"testmod-Acrobat":8,"Onion Ring":6,"Molten Egg 2":0,"Grinning Jar":40,"ReplayFunnel":8,"Lantern":29,"Blue Doll":31,"Empty Cage":31,"Burning Blood":0,"testmod-CasingShield":32,"testmod-Charity":39,"Replay:Rubber Ducky":19,"ClockworkSouvenir":39,"Chemical X":0,"Replay:Bottled Eggs":9,"Ring of the Snake":0,"Gremlin Food":43,"ReplayTheSpireMod:Ninjato":42,"vexMod:ConsolationPrize":26,"Replay:WaspNest":24,"PreservedInsect":6,"DemoMod:PinkGuonStone":36,"Frozen Egg 2":0,"testmod-ConstraintPeriapt":6,"MawBank":40,"White Beast Statue":49,"Anchor":0,"vexMod:BarristanHead":6,"testmod-AssaultLearning":47,"testmod-Hope":43,"Orrery":20,"Another Sword":0,"Bag of Marbles":12,"Garlic":30,"Bottled Lightning":8,"Membership Card":32,"Toy Ornithopter":27},{"TwistedFunnel":79,"vexMod:MemoryStick":6,"Tiny House":17,"Vajra":12,"testmod-IWantAll":0,"DemoMod:GlassGuonStoneRelic":5,"Whetstone":23,"vexMod:CardConverter":76,"vexMod:EndlessSickness":43,"Honey Jar":33,"Philosopher\u0027s Stone":70,"Replay:Wax Seal":56,"Toxic Egg 2":68,"testmod-IntensifyImprint":0,"testmod-TestBox":0,"Pear":50,"Happy Flower":46,"Oddly Smooth Stone":54,"Pen Nib":13,"Charon\u0027s Ashes":13,"Paper Crane":69,"testmod-Fortitude":78,"testmod-RealStoneCalender":22,"Replay:Baseball":16,"DemoMod:MeatBun":54,"Shuriken":67,"testmod-Acrobat":29,"Onion Ring":4,"Molten Egg 2":24,"Grinning Jar":74,"ReplayFunnel":60,"Lantern":42,"Blue Doll":16,"Empty Cage":42,"Burning Blood":0,"testmod-CasingShield":16,"testmod-Charity":18,"Replay:Rubber Ducky":10,"ClockworkSouvenir":18,"Chemical X":0,"Replay:Bottled Eggs":60,"Ring of the Snake":0,"Gremlin Food":75,"ReplayTheSpireMod:Ninjato":20,"vexMod:ConsolationPrize":67,"Replay:WaspNest":38,"PreservedInsect":59,"DemoMod:PinkGuonStone":71,"Frozen Egg 2":0,"testmod-ConstraintPeriapt":28,"MawBank":19,"White Beast Statue":23,"Anchor":24,"vexMod:BarristanHead":28,"testmod-AssaultLearning":52,"testmod-Hope":20,"Orrery":35,"Another Sword":0,"Bag of Marbles":32,"Garlic":42,"Bottled Lightning":5,"Membership Card":16,"Toy Ornithopter":40},{"TwistedFunnel":323,"vexMod:MemoryStick":25,"Tiny House":71,"Vajra":51,"testmod-IWantAll":0,"DemoMod:GlassGuonStoneRelic":22,"Whetstone":96,"vexMod:CardConverter":316,"vexMod:EndlessSickness":180,"Honey Jar":132,"Philosopher\u0027s Stone":297,"Replay:Wax Seal":232,"Toxic Egg 2":285,"testmod-IntensifyImprint":0,"testmod-TestBox":0,"Pear":207,"Happy Flower":190,"Oddly Smooth Stone":222,"Pen Nib":56,"Charon\u0027s Ashes":56,"Paper Crane":290,"testmod-Fortitude":321,"testmod-RealStoneCalender":91,"Replay:Baseball":65,"DemoMod:MeatBun":222,"Shuriken":282,"testmod-Acrobat":113,"Onion Ring":17,"Molten Egg 2":98,"Grinning Jar":308,"ReplayFunnel":248,"Lantern":173,"Blue Doll":65,"Empty Cage":173,"Burning Blood":0,"testmod-CasingShield":65,"testmod-Charity":78,"Replay:Rubber Ducky":40,"ClockworkSouvenir":78,"Chemical X":0,"Replay:Bottled Eggs":248,"Ring of the Snake":0,"Gremlin Food":313,"ReplayTheSpireMod:Ninjato":86,"vexMod:ConsolationPrize":282,"Replay:WaspNest":151,"PreservedInsect":244,"DemoMod:PinkGuonStone":300,"Frozen Egg 2":0,"testmod-ConstraintPeriapt":107,"MawBank":82,"White Beast Statue":96,"Anchor":98,"vexMod:BarristanHead":109,"testmod-AssaultLearning":214,"testmod-Hope":86,"Orrery":139,"Another Sword":0,"Bag of Marbles":125,"Garlic":173,"Bottled Lightning":22,"Membership Card":65,"Toy Ornithopter":164}],"Ring of the Snake":[48]},"card_choices":[{"not_picked":["Underhanded Strike+1","Slice+1"],"picked":"Blade Dance","floor":1.0},{"not_picked":["Dodge and Roll","Outmaneuver"],"picked":"Prepared","floor":3.0},{"not_picked":["Deadly Poison","Slice+1"],"picked":"Acrobatics","floor":6.0},{"not_picked":["Hidden Blade","Outmaneuver"],"picked":"PiercingWail","floor":8.0},{"not_picked":["Phantasmal Killer","Choke+1"],"picked":"Blade Dance","floor":11.0},{"not_picked":["Reflex","Noxious Fumes"],"picked":"Leg Sweep","floor":14.0},{"not_picked":["Night Terror","Grand Finale+1"],"picked":"Venomology","floor":16.0},{"not_picked":["Dodge and Roll","Dagger Throw+1"],"picked":"Cloak And Dagger","floor":18.0},{"not_picked":["Flying Knee+1","Prepared","Sneak Up"],"picked":"SKIP","floor":21.0},{"not_picked":[],"picked":"ReplayTheSpireMod:Tripwire","floor":22.0},{"not_picked":["Masterful Stab+1","Blur"],"picked":"Adrenaline","floor":24.0},{"not_picked":["Poisoned Stab+1","Underhanded Strike+1","Flechettes+1"],"picked":"SKIP","floor":25.0},{"not_picked":["Underhanded Strike+1","Noxious Fumes+1"],"picked":"Dagger Spray+1","floor":29.0},{"not_picked":["Draining Mist+1","Crippling Poison+1","Leg Sweep+1"],"picked":"SKIP","floor":31.0},{"not_picked":["Glass Knife+1","Doppelganger+1"],"picked":"Tools of the Trade","floor":33.0},{"not_picked":["Outmaneuver+1","Dagger Throw+1"],"picked":"Cloak And Dagger+1","floor":35.0},{"not_picked":["Blade Dance+1","ReplayTheSpireMod:The Works+1"],"picked":"Tactician+1","floor":37.0},{"not_picked":["Toxin Wave+1","Hidden Blade+1","Sneak Up+1"],"picked":"SKIP","floor":39.0},{"not_picked":["Backstab+1","Hidden Blade+1","Outmaneuver+1"],"picked":"SKIP","floor":40.0},{"not_picked":["Slice+1","Well Laid Plans"],"picked":"Backflip+1","floor":41},{"not_picked":["Poisoned Stab+1","Riddle With Holes+1"],"picked":"Venomology+1","floor":45},{"not_picked":["Endless Agony+1","Hidden Blade+1","Bane+1"],"picked":"SKIP","floor":46},{"not_picked":["Tools of the Trade","Poisoned Stab+1"],"picked":"Reflex+1","floor":47},{"not_picked":["Quick Slash+1","Toxin Wave+1","Sucker Punch+1"],"picked":"SKIP","floor":48}],"player_experience":380616,"relics_obtained":[{"floor":5.0,"key":"testmod-AssaultLearning"},{"floor":6.0,"key":"PreservedInsect"},{"floor":8.0,"key":"ReplayFunnel"},{"floor":9.0,"key":"Replay:Bottled Eggs"},{"floor":25.0,"key":"Pear"},{"floor":26.0,"key":"vexMod:ConsolationPrize"},{"floor":29.0,"key":"Toxic Egg 2"},{"floor":31.0,"key":"Paper Crane"},{"floor":36.0,"key":"DemoMod:PinkGuonStone"},{"floor":40.0,"key":"Grinning Jar"},{"floor":43,"key":"Gremlin Food"},{"floor":45,"key":"vexMod:CardConverter"},{"floor":47,"key":"testmod-Fortitude"}],"event_choices":[{"cards_removed":["Strike_G"],"damage_healed":0.0,"max_hp_gain":0.0,"max_hp_loss":0.0,"gold_gain":0.0,"event_name":"Bonfire Elementals","player_choice":"Offered Basic","floor":2.0,"gold_loss":0.0,"damage_taken":0.0},{"damage_healed":0.0,"max_hp_gain":0.0,"max_hp_loss":0.0,"gold_gain":75.0,"event_name":"World of Goop","player_choice":"Gather Gold","floor":10.0,"gold_loss":0.0,"damage_taken":11.0},{"cards_removed":["Strike_G"],"damage_healed":0.0,"max_hp_gain":0.0,"max_hp_loss":0.0,"gold_gain":0.0,"event_name":"The Cleric","player_choice":"Card Removal","floor":13.0,"gold_loss":50.0,"damage_taken":0.0},{"damage_healed":0.0,"max_hp_gain":0.0,"max_hp_loss":0.0,"gold_gain":0.0,"event_name":"Lab","player_choice":"Got Potions","floor":30.0,"gold_loss":0.0,"damage_taken":0.0},{"damage_healed":0,"gold_gain":0,"player_choice":"Upgraded","damage_taken":0,"max_hp_gain":0,"max_hp_loss":0,"event_name":"Upgrade Shrine","floor":42,"gold_loss":0,"cards_upgraded":["Cloak And Dagger"]}],"is_beta":false,"boss_relics":[{"not_picked":["Ring of the Serpent","Honey Jar"],"picked":"Empty Cage"},{"not_picked":["testmod-KeyOfTheVoid","Abe\u0027s Treasure"],"picked":"Philosopher\u0027s Stone"}],"items_purged_floors":[20,38,49],"is_endless":false,"potions_floor_spawned":[1,18,25,29,33,37,39,47,48],"ascension_level":3}}