{"host":"87fdiiwflhrwsj8a","time":1608245778,"event":{"mods":["Aspiration","BaseMod","Better Match","Better Note","Better Third Choice","BetterRewards","Colored Map","GifTheSpireLib","Infinite Spire","Minty Spire (QoL Compilation)","Relic Sorter","Replay The Spire","Robot Space Explorer","StSLib","Stuff the Spire","The Cursed"],"gold_per_floor":[114,114,131,131,147,179,179,179,225,260,260,171,196,216,216,311,311,321,321,321,321,321,348,348,362,362,362,322,357,357,386,386,482,482,492,492,492,541,594,659,31,60,85,125,125,125,143,182,182,182,182,182,17,45,45],"floor_reached":56,"playtime":2513,"items_purged":[],"score":2954,"play_id":"a4c1b7d5-04e4-4da4-aea4-581071f70a0f","local_time":"20201217175618","is_ascension_mode":true,"campfire_choices":[{"data":"StuffTheSpire:PlasmaPunch","floor":8.0,"key":"SMITH"},{"data":"Deep Breath","floor":15.0,"key":"SMITH"},{"data":"infinitespire:Collect","floor":24,"key":"SMITH"},{"data":"TheCursedMod:TroublousMinions","floor":30,"key":"SMITH"},{"floor":32,"key":"RECALL"},{"data":"TheCursedMod:VoidForm","floor":46,"key":"SMITH"},{"data":"ReplayTheSpireMod:Echoes of Time","floor":52,"key":"SMITH"}],"circlet_count":0,"master_deck":["TheCursedMod:Strike_TheCursed","TheCursedMod:Defend_TheCursed","TheCursedMod:Defend_TheCursed","TheCursedMod:Defend_TheCursed","TheCursedMod:CursedWand","TheCursedMod:CleanUpWorkshop","TheCursedMod:Dregs","StuffTheSpire:PlasmaPunch+1","TheCursedMod:CursedShiv","TheCursedMod:RapidMovement","TheCursedMod:CircleOfWindfury+1","Injury","Deep Breath+1","TheCursedMod:TroublousMinions+1","TheCursedMod:NeowsMight+1","TheCursedMod:SurpriseAttack+1","infinitespire:Collect+1","TheCursedMod:SoulCrush+1","TheCursedMod:NeowsMight","TheCursedMod:VoidForm+1","TheCursedMod:CircleOfWindfury+1","ReplayTheSpireMod:Echoes of Time+1","StuffTheSpire:PlasmaPulse+1"],"relics":["TheCursedMod:BlackMagic101","Akabeko","StuffTheSpire:Expresso","StuffTheSpire:HistoryBook","ClockworkSouvenir","Du-Vu Doll","Juzu Bracelet","Blood Vial","TheCursedMod:SoulVessel","Meat on the Bone","Blue Doll","StuffTheSpire:CocoNut","Molten Egg 2","Replay:Drink Me","aspiration:RitualStick","TheCursedMod:BloodyHarpoon","StuffTheSpire:Barrel","The Courier","Lizard Tail","Durian","Simple Rune","aspiration:PoetsPen_weak","infinitespire:EvilPickle","aspiration:FetidBarrel","Calipers","aspiration:StickyExplosives_weak","Strange Spoon","StuffTheSpire:GrapeVine","Regal Pillow","Potion Belt","Replay:Rubber Ducky","infinitespire:Lucky Rock","infinitespire:Joker Card"],"acts_visited":["Exordium","TheCity","TheBeyond","TheEnding"],"potions_floor_usage":[33],"damage_taken":[{"damage":0.0,"enemies":"Jaw Worm","floor":1.0,"turns":1.0},{"damage":0.0,"enemies":"Small Slimes","floor":3.0,"turns":1.0},{"damage":0.0,"enemies":"2 Louse","floor":5.0,"turns":1.0},{"damage":0.0,"enemies":"Lagavulin","floor":6.0,"turns":3.0},{"damage":0.0,"enemies":"3 Sentries","floor":10.0,"turns":3.0},{"damage":0.0,"enemies":"Gremlin Nob","floor":13.0,"turns":1.0},{"damage":0.0,"enemies":"Gremlin Gang","floor":14.0,"turns":2.0},{"damage":26.0,"enemies":"The Guardian","floor":16.0,"turns":6.0},{"damage":0.0,"enemies":"3 Byrds","floor":18.0,"turns":1.0},{"damage":0,"enemies":"Gremlin Leader","floor":23,"turns":2},{"damage":0,"enemies":"Spheric Guardian","floor":25,"turns":1},{"damage":0,"enemies":"Book of Stabbing","floor":29,"turns":2},{"damage":0,"enemies":"Slavers","floor":31,"turns":2},{"damage":0,"enemies":"Pondfish","floor":33,"turns":5},{"damage":0,"enemies":"Orb Walker","floor":35,"turns":1},{"damage":0,"enemies":"3 Darklings","floor":38,"turns":1},{"damage":0,"enemies":"Giant Head","floor":40,"turns":1},{"damage":0,"enemies":"R_Hoarder","floor":42,"turns":4},{"damage":0,"enemies":"Nemesis","floor":44,"turns":1},{"damage":0,"enemies":"Spire Growth","floor":47,"turns":2},{"damage":0,"enemies":"R_Hoarder","floor":48,"turns":4},{"damage":1,"enemies":"infinitespire:MassOfShapes","floor":50,"turns":3},{"damage":0,"enemies":"Shield and Spear","floor":54,"turns":2},{"damage":0,"enemies":"The Heart","floor":55,"turns":4}],"seed_played":"5114250514416784420","potions_obtained":[{"floor":3.0,"key":"Explosive Potion"},{"floor":5.0,"key":"EssenceOfSteel"},{"floor":13.0,"key":"Strength Potion"},{"floor":33,"key":"Milkshake"},{"floor":44,"key":"ColorlessPotion"}],"is_trial":false,"path_per_floor":["M","?","M","?","M","E","?","R","T","E","?","$","E","M","R","B",null,"M","?","?","?","AVR","E","R","M","T","?","$","E","R","E","R","B",null,"M","?","?","M","T","E","$","E","T","E","?","R","M","E","R_BF","B",null,"R","$","E","B",null],"character_chosen":"THE_CURSED","items_purchased":["Akabeko","StuffTheSpire:HistoryBook","ClockworkSouvenir","StuffTheSpire:PlasmaPunch","Juzu Bracelet","TheCursedMod:CursedShiv","Blood Vial","Deep Breath","TheCursedMod:SoulCrush+1","Calipers","aspiration:StickyExplosives_weak","Strange Spoon","TheCursedMod:VoidForm","StuffTheSpire:PlasmaPulse+1","infinitespire:Lucky Rock"],"campfire_rested":0,"item_purchase_floors":[0,0,0,0,0,0,0,12,28,41,41,41,41,53,53],"current_hp_per_floor":[29,29,31,24,27,33,33,33,33,58,58,58,61,65,65,59,61,62,62,62,50,50,54,54,57,57,57,57,67,67,67,67,67,67,67,67,67,67,67,67,67,67,67,67,64,64,64,64,48,64,64,64,64,64,64],"gold":45,"neow_bonus":"","is_daily":false,"chose_seed":false,"campfire_upgraded":6,"win_rate":0.0,"timestamp":1608245778,"path_taken":["M","?","M","?","M","E","?","R","T","E","?","$","E","M","R","BOSS","M","?","?","?","AVR","E","R","M","T","?","$","E","R","E","R","BOSS","M","?","?","M","?","E","?","E","T","E","?","R","M","E","R_BF","BOSS","R","$","E","BOSS"],"items_purchased_type":["Relic","Relic","Relic","Card","Relic","Card","Relic","Card","Card","Relic","Relic","Relic","Card","Card","Relic"],"build_version":"2020-12-13","purchased_purges":0,"victory":true,"max_hp_per_floor":[75,75,75,75,75,75,75,75,75,82,82,82,82,82,82,82,62,62,62,62,62,62,62,62,62,62,62,62,67,67,67,67,67,67,67,67,67,67,67,67,67,67,67,67,64,64,64,64,64,64,64,64,64,64,64],"card_choices":[{"not_picked":["TheCursedMod:Wield","TheCursedMod:CursedShiv"],"picked":"TheCursedMod:RapidMovement","floor":1.0},{"not_picked":["TheCursedMod:BlessingInDisguise","TheCursedMod:SoulCrush"],"picked":"TheCursedMod:CircleOfWindfury","floor":3.0},{"not_picked":["TheCursedMod:CursedMace","TheCursedMod:CursedAmulet"],"picked":"TheCursedMod:CursedShiv","floor":5.0},{"not_picked":["TheCursedMod:Stretching","TheCursedMod:CursedRelics","TheCursedMod:SmokeScreen"],"picked":"SKIP","floor":6.0},{"not_picked":["TheCursedMod:SpitefulStrike","TheCursedMod:SmokeScreen","TheCursedMod:SurpriseAttack"],"picked":"SKIP","floor":10.0},{"not_picked":["TheCursedMod:CircleOfBlood","TheCursedMod:CircleOfFocus","TheCursedMod:CircleOfFlame"],"picked":"SKIP","floor":13.0},{"not_picked":["TheCursedMod:WearCloak","TheCursedMod:CursedAmulet"],"picked":"TheCursedMod:TroublousMinions","floor":14.0},{"not_picked":["TheCursedMod:AntiAging","TheCursedMod:UltimatePain"],"picked":"TheCursedMod:NeowsMight","floor":16.0},{"not_picked":["TheCursedMod:PrepareRite","TheCursedMod:CircleOfCorruption+1","TheCursedMod:Stigma+1"],"picked":"SKIP","floor":18.0},{"not_picked":["TheCursedMod:CursedMace+1","TheCursedMod:StingEye+1","TheCursedMod:Obscuration+1"],"picked":"SKIP","floor":23},{"not_picked":["TheCursedMod:Evocation","TheCursedMod:RavingStaff+1","TheCursedMod:HellsGateOpen+1"],"picked":"SKIP","floor":25},{"not_picked":["TheCursedMod:Stigma+1","TheCursedMod:SmokeScreen","TheCursedMod:VitalStrike+1"],"picked":"SKIP","floor":29},{"not_picked":["TheCursedMod:SmokeScreen","TheCursedMod:Obscuration","TheCursedMod:Wield+1"],"picked":"SKIP","floor":31},{"not_picked":["TheCursedMod:CursedRelics+1","TheCursedMod:Neurasthenia"],"picked":"TheCursedMod:NeowsMight","floor":33},{"not_picked":["TheCursedMod:RapidMovement","TheCursedMod:FleshFromBone","TheCursedMod:CircleOfCorruption+1"],"picked":"SKIP","floor":35},{"not_picked":["TheCursedMod:Obscuration","TheCursedMod:CircleOfFlame","TheCursedMod:VitalStrike+1"],"picked":"SKIP","floor":38},{"not_picked":["TheCursedMod:ReleasedStrength","TheCursedMod:ManaBullet+1","TheCursedMod:SoulReap+1"],"picked":"SKIP","floor":40},{"not_picked":["TheCursedMod:VitalStrike+1","TheCursedMod:SpreadPlague"],"picked":"TheCursedMod:CircleOfWindfury+1","floor":42},{"not_picked":["TheCursedMod:SaltUponWound","TheCursedMod:TroublousMinions+1","TheCursedMod:AbyssShockwave+1"],"picked":"SKIP","floor":44},{"not_picked":["TheCursedMod:Mangle+1","TheCursedMod:SpitefulStrike+1","TheCursedMod:SpreadPlague+1"],"picked":"SKIP","floor":47},{"not_picked":["TheCursedMod:CursedMace+1","TheCursedMod:Torture+1","TheCursedMod:SpitefulStrike+1"],"picked":"SKIP","floor":48},{"not_picked":["ReplayTheSpireMod:Black Plague","ReplayTheSpireMod:??????????????????????"],"picked":"ReplayTheSpireMod:Echoes of Time","floor":49},{"not_picked":["TheCursedMod:Wield+1","TheCursedMod:BlessingInDisguise","TheCursedMod:TacticalStrike+1"],"picked":"SKIP","floor":54}],"player_experience":2567259,"relics_obtained":[{"floor":6.0,"key":"Meat on the Bone"},{"floor":9.0,"key":"Blue Doll"},{"floor":10.0,"key":"StuffTheSpire:CocoNut"},{"floor":23,"key":"StuffTheSpire:Barrel"},{"floor":26,"key":"The Courier"},{"floor":29,"key":"Durian"},{"floor":31,"key":"Simple Rune"},{"floor":40,"key":"aspiration:FetidBarrel"},{"floor":42,"key":"StuffTheSpire:GrapeVine"},{"floor":43,"key":"Regal Pillow"},{"floor":44,"key":"Potion Belt"},{"floor":48,"key":"Replay:Rubber Ducky"},{"floor":54,"key":"infinitespire:Joker Card"}],"event_choices":[{"cards_removed":["TheCursedMod:Defend_TheCursed"],"damage_healed":0.0,"max_hp_gain":0.0,"max_hp_loss":0.0,"gold_gain":0.0,"event_name":"Golden Wing","player_choice":"Card Removal","floor":4.0,"gold_loss":0.0,"damage_taken":7.0},{"damage_healed":0.0,"max_hp_gain":0.0,"max_hp_loss":0.0,"gold_gain":0.0,"event_name":"Fountain of Cleansing","player_choice":"Ignored","floor":7.0,"gold_loss":0.0,"damage_taken":0.0},{"damage_healed":0.0,"max_hp_gain":0.0,"max_hp_loss":0.0,"gold_gain":0.0,"event_name":"The Library","player_choice":"Read","floor":19.0,"gold_loss":0.0,"damage_taken":0.0,"cards_obtained":["TheCursedMod:SurpriseAttack"]},{"damage_healed":0.0,"max_hp_gain":0.0,"max_hp_loss":0.0,"gold_gain":0.0,"event_name":"Accursed Blacksmith","player_choice":"Forge","floor":20.0,"gold_loss":0.0,"damage_taken":0.0,"cards_upgraded":["TheCursedMod:NeowsMight"]},{"damage_healed":0,"gold_gain":0,"player_choice":"Opened","damage_taken":0,"relics_obtained":["Lizard Tail"],"max_hp_gain":0,"max_hp_loss":0,"event_name":"The Mausoleum","floor":27,"gold_loss":0},{"cards_removed":["TheCursedMod:CursedShiv"],"damage_healed":0,"gold_gain":0,"player_choice":"Purged","damage_taken":0,"max_hp_gain":0,"max_hp_loss":0,"event_name":"Purifier","floor":36,"gold_loss":0},{"damage_healed":0,"gold_gain":0,"player_choice":"Upgraded","damage_taken":0,"max_hp_gain":0,"max_hp_loss":0,"event_name":"Upgrade Shrine","floor":37,"gold_loss":0,"cards_upgraded":["TheCursedMod:CircleOfWindfury"]},{"damage_healed":0,"gold_gain":0,"player_choice":"Max HP","damage_taken":0,"max_hp_gain":0,"max_hp_loss":3,"event_name":"Winding Halls","floor":45,"gold_loss":0}],"is_beta":false,"boss_relics":[{"not_picked":["aspiration:WatcherSkillbook","StuffTheSpire:RunicConfusion"],"picked":"Replay:Drink Me"},{"not_picked":["Black Star","SlaversCollar"],"picked":"aspiration:PoetsPen_weak"}],"items_purged_floors":[],"is_endless":false,"potions_floor_spawned":[3,5,13,14,18,29,33,38,44],"ascension_level":5}}