{"host":"y76clbnovzmw9ubx","time":1608176875,"event":{"mods":["AchievementEnabler","BaseMod","Minty Spire (QoL Compilation)","Permanent Neow","Relic Stats"],"gold_per_floor":[110,130,80,97,116,149,149,167,193,207,238,257,257,285,285,384,384,397,472,159,159,41,41,69,69,69,100,150,163,193,206,206,305,305,321,15,115,134,147,178,178,24,24,51,51,79,3,17,17,17,17,17,17,44,44,44],"floor_reached":55,"playtime":3684,"items_purged":["Strike_P","Injury"],"score":1342,"play_id":"c9677ff1-f3bd-40c0-9082-f5a1ba599dc9","local_time":"20201216224755","is_ascension_mode":true,"campfire_choices":[{"data":"Wallop","floor":7.0,"key":"SMITH"},{"data":"EmptyFist","floor":15.0,"key":"SMITH"},{"data":"Scrawl","floor":23.0,"key":"SMITH"},{"data":"Wallop","floor":25.0,"key":"SMITH"},{"data":"Protect","floor":32.0,"key":"SMITH"},{"data":"Worship","floor":41.0,"key":"SMITH"},{"data":"Scrawl","floor":45.0,"key":"SMITH"},{"floor":49,"key":"RECALL"},{"floor":52,"key":"REST"}],"circlet_count":0,"master_deck":["Strike_P","Strike_P","Strike_P","Defend_P","Defend_P","Defend_P","Eruption+1","Vigilance","Protect","EmptyFist+1","Wallop+1","Protect+1","FlurryOfBlows","Tantrum","Scrawl+1","EmptyMind","Wallop+1","MentalFortress","Consecrate+1","TalkToTheHand+1","ThirdEye","WheelKick+1","Worship+1","Scrawl+1","FlurryOfBlows+1","SandsOfTime+1","Worship+1","TalkToTheHand+1"],"relics":["PureWater","InkBottle","Bag of Preparation","Blood Vial","Potion Belt","SlaversCollar","Sling","Molten Egg 2","Blue Candle","Bottled Flame","Gremlin Horn","Cursed Key","Membership Card","Bag of Marbles","Anchor","Turnip","Ginger","Yang","Bottled Lightning","Omamori","Lantern"],"acts_visited":["Exordium","TheCity","TheBeyond","TheEnding"],"potions_floor_usage":[50,50,54],"damage_taken":[{"damage":2.0,"enemies":"Jaw Worm","floor":1.0,"turns":3.0},{"damage":0.0,"enemies":"Small Slimes","floor":2.0,"turns":3.0},{"damage":0.0,"enemies":"Cultist","floor":4.0,"turns":4.0},{"damage":0.0,"enemies":"Large Slime","floor":5.0,"turns":8.0},{"damage":2.0,"enemies":"Gremlin Nob","floor":6.0,"turns":3.0},{"damage":0.0,"enemies":"Gremlin Gang","floor":8.0,"turns":3.0},{"damage":0.0,"enemies":"2 Fungi Beasts","floor":10.0,"turns":2.0},{"damage":23.0,"enemies":"3 Sentries","floor":11.0,"turns":9.0},{"damage":2.0,"enemies":"Exordium Thugs","floor":12.0,"turns":4.0},{"damage":0.0,"enemies":"Gremlin Nob","floor":14.0,"turns":2.0},{"damage":18.0,"enemies":"Hexaghost","floor":16.0,"turns":12.0},{"damage":0.0,"enemies":"Spheric Guardian","floor":18.0,"turns":2.0},{"damage":22.0,"enemies":"Slavers","floor":24.0,"turns":3.0},{"damage":11.0,"enemies":"Book of Stabbing","floor":27.0,"turns":5.0},{"damage":0.0,"enemies":"Shell Parasite","floor":29.0,"turns":4.0},{"damage":0.0,"enemies":"Gremlin Leader","floor":30.0,"turns":2.0},{"damage":0.0,"enemies":"Snake Plant","floor":31.0,"turns":4.0},{"damage":11.0,"enemies":"Champ","floor":33.0,"turns":14.0},{"damage":34.0,"enemies":"3 Darklings","floor":35.0,"turns":5.0},{"damage":0.0,"enemies":"Orb Walker","floor":38.0,"turns":2.0},{"damage":0.0,"enemies":"Jaw Worm Horde","floor":39.0,"turns":2.0},{"damage":0.0,"enemies":"Giant Head","floor":40.0,"turns":5.0},{"damage":1.0,"enemies":"Reptomancer","floor":44.0,"turns":3.0},{"damage":1.0,"enemies":"Nemesis","floor":46.0,"turns":1.0},{"damage":13,"enemies":"Transient","floor":48,"turns":5},{"damage":25,"enemies":"Donu and Deca","floor":50,"turns":8},{"damage":27,"enemies":"Shield and Spear","floor":54,"turns":4},{"damage":48,"enemies":"The Heart","floor":55,"turns":3}],"seed_played":"-4540419391693519253","potions_obtained":[{"floor":0.0,"key":"EssenceOfSteel"},{"floor":0.0,"key":"Weak Potion"},{"floor":0.0,"key":"Fire Potion"},{"floor":2.0,"key":"AttackPotion"},{"floor":4.0,"key":"DistilledChaos"},{"floor":5.0,"key":"PowerPotion"},{"floor":6.0,"key":"Explosive Potion"},{"floor":14.0,"key":"Fruit Juice"},{"floor":16.0,"key":"Ambrosia"},{"floor":18.0,"key":"Explosive Potion"},{"floor":24.0,"key":"Dexterity Potion"},{"floor":29.0,"key":"SteroidPotion"},{"floor":35.0,"key":"GamblersBrew"},{"floor":44.0,"key":"PowerPotion"}],"is_trial":false,"path_per_floor":["M","M","?","M","M","E","R","M","T","M","E","M","?","E","R","B",null,"M","?","$","T","$","R","E","R","T","E","?","M","E","M","R","B",null,"M","$","?","M","M","E","R","$","T","E","R","E","$","M","R","B",null,"R","$","E","B"],"character_chosen":"WATCHER","items_purchased":["Wallop","Sling","MentalFortress","Energy Potion","Membership Card","Bag of Marbles","Anchor","Ginger","SteroidPotion"],"campfire_rested":1,"item_purchase_floors":[20,20,22,22,36,36,36,42,47],"current_hp_per_floor":[63,63,63,63,63,61,61,61,61,61,38,38,38,40,40,24,60,62,55,55,55,55,55,35,35,35,26,26,28,30,32,32,23,60,28,28,28,30,32,34,34,34,34,35,35,36,36,25,25,2,55,72,72,45,0,0],"gold":44,"neow_bonus":"THREE_SMALL_POTIONS","is_daily":false,"chose_seed":false,"campfire_upgraded":7,"win_rate":0.0,"timestamp":1608176875,"path_taken":["M","M","?","M","M","E","R","M","T","M","E","M","?","E","R","BOSS","M","?","$","?","$","R","E","R","T","E","?","M","E","?","R","BOSS","M","$","?","M","M","E","R","$","T","E","R","E","?","M","R","BOSS","R","$","E","BOSS"],"items_purchased_type":["Card","Relic","Card","Potion","Relic","Relic","Relic","Relic","Potion"],"build_version":"2020-12-13","purchased_purges":2,"victory":false,"max_hp_per_floor":[72,72,72,72,72,72,72,72,72,72,72,72,72,72,72,72,72,72,72,72,72,72,72,72,72,72,72,72,72,72,72,72,72,72,72,72,72,72,72,72,72,72,72,72,72,72,72,72,72,72,72,72,72,72,72,72],"relic_stats":{"Blood Vial":38,"Gremlin Horn":[9,9],"counters":[28,125],"Blue Candle":[2],"Yang":[105],"Turnip":[2],"Bag of Preparation":[44],"Ginger":[3],"Cursed Key":1,"obtain_stats":[{"Potion Belt":14,"Lantern":54,"Gremlin Horn":30,"Blue Candle":26,"Yang":43,"Bag of Preparation":9,"Omamori":46,"Ginger":42,"Sling":20,"Cursed Key":34,"Blood Vial":11,"SlaversCollar":17,"Bottled Flame":27,"Anchor":36,"Molten Egg 2":24,"Turnip":40,"Bag of Marbles":36,"Membership Card":36,"Bottled Lightning":44,"PureWater":0,"InkBottle":6},{"Potion Belt":10,"Lantern":27,"Gremlin Horn":16,"Blue Candle":13,"Yang":22,"Bag of Preparation":6,"Omamori":24,"Ginger":22,"Sling":12,"Cursed Key":18,"Blood Vial":8,"SlaversCollar":11,"Bottled Flame":14,"Anchor":19,"Molten Egg 2":13,"Turnip":22,"Bag of Marbles":19,"Membership Card":19,"Bottled Lightning":23,"PureWater":0,"InkBottle":5},{"Potion Belt":41,"Lantern":122,"Gremlin Horn":69,"Blue Candle":58,"Yang":101,"Bag of Preparation":24,"Omamori":105,"Ginger":101,"Sling":55,"Cursed Key":87,"Blood Vial":35,"SlaversCollar":53,"Bottled Flame":63,"Anchor":92,"Molten Egg 2":58,"Turnip":101,"Bag of Marbles":92,"Membership Card":92,"Bottled Lightning":104,"PureWater":0,"InkBottle":21}],"InkBottle":[43]},"card_choices":[{"not_picked":["CutThroughFate","ForeignInfluence"],"picked":"Protect","floor":1.0},{"not_picked":["SashWhip","Consecrate"],"picked":"EmptyFist","floor":2.0},{"not_picked":["Conclude","EmptyFist"],"picked":"Wallop","floor":4.0},{"not_picked":["DeceiveReality","Prostrate"],"picked":"Protect","floor":5.0},{"not_picked":["Meditate","DevaForm"],"picked":"FlurryOfBlows","floor":6.0},{"not_picked":["CutThroughFate","WindmillStrike"],"picked":"Tantrum","floor":8.0},{"not_picked":["Consecrate","EmptyBody","Collect"],"picked":"SKIP","floor":10.0},{"not_picked":["Nirvana","Fasting2","Prostrate"],"picked":"SKIP","floor":11.0},{"not_picked":["Crescendo","ReachHeaven","Nirvana"],"picked":"SKIP","floor":12.0},{"not_picked":["FollowUp","Perseverance","EmptyFist"],"picked":"SKIP","floor":14.0},{"not_picked":["MasterReality","DeusExMachina"],"picked":"Scrawl","floor":16.0},{"not_picked":["SashWhip","FollowUp"],"picked":"EmptyMind","floor":18.0},{"not_picked":["ThirdEye","Scrawl"],"picked":"Consecrate+1","floor":24.0},{"not_picked":["Halt","Consecrate+1"],"picked":"TalkToTheHand+1","floor":27.0},{"not_picked":["PathToVictory","Prostrate"],"picked":"ThirdEye","floor":29.0},{"not_picked":["Consecrate+1","EmptyFist+1"],"picked":"WheelKick+1","floor":30.0},{"not_picked":["CarveReality+1","Consecrate+1"],"picked":"Worship+1","floor":31.0},{"not_picked":["LessonLearned+1","MasterReality"],"picked":"Scrawl","floor":33.0},{"not_picked":["Study","EmptyBody"],"picked":"FlurryOfBlows+1","floor":35.0},{"not_picked":["PathToVictory+1","Protect"],"picked":"SandsOfTime+1","floor":38.0},{"not_picked":["FollowUp+1","Collect","EmptyMind"],"picked":"SKIP","floor":39.0},{"not_picked":["Swivel","LessonLearned+1"],"picked":"Worship","floor":40.0},{"not_picked":["FlyingSleeves+1","Blasphemy","Consecrate+1"],"picked":"SKIP","floor":44.0},{"not_picked":["WreathOfFlame+1","Evaluate"],"picked":"TalkToTheHand+1","floor":46.0},{"not_picked":["Evaluate+1","EmptyFist+1","CrushJoints+1"],"picked":"SKIP","floor":48},{"not_picked":["Consecrate+1","PathToVictory+1","BattleHymn"],"picked":"SKIP","floor":54}],"player_experience":2885282,"relics_obtained":[{"floor":6.0,"key":"InkBottle"},{"floor":9.0,"key":"Bag of Preparation"},{"floor":11.0,"key":"Blood Vial"},{"floor":14.0,"key":"Potion Belt"},{"floor":24.0,"key":"Molten Egg 2"},{"floor":26.0,"key":"Blue Candle"},{"floor":27.0,"key":"Bottled Flame"},{"floor":30.0,"key":"Gremlin Horn"},{"floor":40.0,"key":"Turnip"},{"floor":43.0,"key":"Yang"},{"floor":44.0,"key":"Bottled Lightning"},{"floor":46.0,"key":"Omamori"},{"floor":54,"key":"Lantern"}],"event_choices":[{"cards_removed":["Defend_P"],"damage_healed":0.0,"max_hp_gain":0.0,"max_hp_loss":0.0,"gold_gain":0.0,"event_name":"The Cleric","player_choice":"Card Removal","floor":3.0,"gold_loss":50.0,"damage_taken":0.0},{"damage_healed":0.0,"max_hp_gain":0.0,"max_hp_loss":0.0,"gold_gain":0.0,"event_name":"Living Wall","player_choice":"Grow","floor":13.0,"gold_loss":0.0,"damage_taken":0.0,"cards_upgraded":["Eruption"]},{"damage_healed":0.0,"max_hp_gain":0.0,"max_hp_loss":0.0,"gold_gain":75.0,"event_name":"FaceTrader","player_choice":"Touch","floor":19.0,"gold_loss":0.0,"damage_taken":7.0},{"damage_healed":0.0,"max_hp_gain":0.0,"max_hp_loss":0.0,"gold_gain":100.0,"event_name":"The Joust","player_choice":"Bet on Murderer","floor":28.0,"gold_loss":50.0,"damage_taken":0.0},{"damage_healed":0.0,"max_hp_gain":0.0,"max_hp_loss":0.0,"gold_gain":100.0,"event_name":"Golden Shrine","player_choice":"Pray","floor":37.0,"gold_loss":0.0,"damage_taken":0.0}],"is_beta":false,"boss_relics":[{"not_picked":["Tiny House","Sozu"],"picked":"SlaversCollar"},{"not_picked":["Black Star","Calling Bell"],"picked":"Cursed Key"}],"items_purged_floors":[20,47],"is_endless":false,"potions_floor_spawned":[2,4,5,6,14,16,18,24,29,35,44],"killed_by":"The Heart","ascension_level":9}}