{"host":"ocy7z4248lncoz2b","time":1608242845,"event":{"mods":["BaseMod","Beaked The Cultist","Better Match","Better Sensory Stone","Better Third Choice","BetterRewards","Clockwork Mod","Colored Powertips","Conspire","Downfall","Friendly Minions","Highlight Path","Hubris","Infinite Spire","Marisa????????","Mimic Mod","Minty Spire (QoL Compilation)","READ ME - Guardian Mod","Replay The Spire","Shop Mod","Spicy Shops","Spikes Relics","StSLib","SuperFastMode","The Blue Laboratory","The Construct","The Jungle"],"gold_per_floor":[99,128,26,26,58,58,84,96,108,155,167,179,191,303,355,367,389,401,401],"floor_reached":18,"playtime":518,"items_purged":[],"score":137,"play_id":"2fea48fe-fd62-445c-8712-d18d83b08c9f","local_time":"20201218070725","is_ascension_mode":false,"campfire_choices":[{"data":"sneckomod:Unknown","floor":1,"key":"SMITH"},{"data":"sneckomod:DiceBoulder","floor":4,"key":"SMITH"},{"data":"sneckomod:DiceBoulder+1","floor":9,"key":"SMITH"}],"circlet_count":0,"master_deck":["sneckomod:Strike","sneckomod:Strike","sneckomod:Strike","sneckomod:Defend","sneckomod:Defend","sneckomod:Defend","sneckomod:TailWhip","sneckomod:SnekBite","sneckomod:Unknown+1","sneckomod:Unknown","sneckomod:UnknownClassINFINITE_BLACK","sneckomod:UnknownClassTHE_CHAMP_GRAY","sneckomod:DiceBoulder+2","sneckomod:UnknownEthereal","expansioncontent:AwakenDeath","sneckomod:SerpentIdol","sneckomod:UnknownRarePower","sneckomod:UnknownClassCONSTRUCTMOD"],"relics":["sneckomod:SneckoSoul","downfall:HeartsMalice","ReplayTheSpireMod:Shallot","hubris:SlimyHat","hubris:Icosahedron","MawBank","White Beast Statue","Replay:Wax Seal"],"acts_visited":["Exordium"],"potions_floor_usage":[18,18],"damage_taken":[{"damage":0,"enemies":"Lagavulin","floor":2,"turns":1},{"damage":0,"enemies":"downfall:FleeingMerchant","floor":3,"turns":1},{"damage":0,"enemies":"conspire:MimicChest","floor":5,"turns":1},{"damage":102,"enemies":"Gremlin Nob","floor":10,"turns":9},{"damage":2,"enemies":"2 Louse","floor":15,"turns":8},{"damage":0,"enemies":"2 Louse","floor":17,"turns":3},{"damage":23,"enemies":"downfall:Watcher","floor":18,"turns":8}],"seed_played":"-3602008292551590132","potions_obtained":[{"floor":2,"key":"blueLaboratory:BottleOfRum"},{"floor":15,"key":"infinitespire:BlackPotion"},{"floor":17,"key":"SkillPotion"}],"is_trial":false,"path_per_floor":["R","E","$","R","?","?","T","?","R","E","PTL","PTL","?","?","MIM","?","M","B"],"character_chosen":"THE_SNECKO","items_purchased":["sneckomod:DiceBoulder"],"campfire_rested":0,"item_purchase_floors":[3],"current_hp_per_floor":[90,91,92,92,93,93,93,93,93,10,10,10,15,15,14,14,15,0,0],"gold":401,"neow_bonus":"THREE_ENEMY_KILL","is_daily":false,"chose_seed":false,"campfire_upgraded":3,"win_rate":0.0,"timestamp":1608242845,"path_taken":["R","E","$","R","?","?","T","?","R","E","PTL","PTL","?","?","?","?","M","BOSS"],"items_purchased_type":["Card"],"build_version":"2020-12-13","purchased_purges":0,"victory":false,"max_hp_per_floor":[90,91,92,92,93,93,93,93,93,93,93,93,98,98,99,99,100,100,100],"card_choices":[{"not_picked":["sneckomod:UnknownCommonSkill","sneckomod:Nope"],"picked":"sneckomod:UnknownClassINFINITE_BLACK","floor":2},{"not_picked":["sneckomod:QuickBite","sneckomod:UnknownCommonSkill"],"picked":"sneckomod:UnknownClassTHE_CHAMP_GRAY","floor":3},{"not_picked":["sneckomod:UnknownCommonSkill","sneckomod:UnknownCommonAttack"],"picked":"sneckomod:UnknownEthereal","floor":5},{"not_picked":["Replay:Sssssssssshield","expansioncontent:DefensiveStance"],"picked":"expansioncontent:AwakenDeath","floor":8},{"not_picked":["sneckomod:DiceCrush","sneckomod:QuickMove"],"picked":"sneckomod:SerpentIdol","floor":10},{"not_picked":["sneckomod:UnknownX","sneckomod:QuickMove"],"picked":"sneckomod:UnknownRarePower","floor":15},{"not_picked":["sneckomod:UnknownClassHEXA_GHOST_PURPLE","sneckomod:DiceCrush"],"picked":"sneckomod:UnknownClassCONSTRUCTMOD","floor":17}],"player_experience":233542,"relics_obtained":[{"floor":2,"key":"ReplayTheSpireMod:Shallot"},{"floor":5,"key":"hubris:SlimyHat"},{"floor":7,"key":"MawBank"},{"floor":10,"key":"White Beast Statue"},{"floor":15,"key":"Replay:Wax Seal"}],"event_choices":[{"damage_healed":0,"gold_gain":1,"player_choice":"1","damage_taken":0,"max_hp_gain":0,"max_hp_loss":0,"event_name":"betterStone:BetterStone","floor":8,"gold_loss":0},{"damage_healed":0,"gold_gain":0,"player_choice":"Donut","damage_taken":0,"max_hp_gain":5,"max_hp_loss":0,"event_name":"Big Fish","floor":13,"gold_loss":0}],"is_beta":false,"boss_relics":[],"items_purged_floors":[],"is_endless":false,"potions_floor_spawned":[2,15,17],"killed_by":"downfall:Watcher","ascension_level":0}}