{"host":"4vhnentjshwu7xz9","time":1608228472,"event":{"mods":["BaseMod","Minty Spire (QoL Compilation)","Permanent Neow","Relic Stats","StSLib","everything is the same but u backflip on backflip"],"gold_per_floor":[366,63,80,95,170,196,212,212,212],"floor_reached":8,"playtime":588,"items_purged":[],"score":70,"play_id":"56c195eb-3862-4a86-b94d-9d7a63984a3c","local_time":"20201217190752","is_ascension_mode":true,"campfire_choices":[],"circlet_count":0,"master_deck":["Strike_G","Strike_G","Strike_G","Strike_G","Strike_G","Defend_G","Defend_G","Defend_G+1","Defend_G+1","Defend_G","Survivor","Neutralize","Blur","Tactician","Calculated Gamble"],"relics":["Ring of the Snake","Vajra","Oddly Smooth Stone","War Paint"],"acts_visited":["Exordium"],"potions_floor_usage":[6,8],"damage_taken":[{"damage":2,"enemies":"Small Slimes","floor":1,"turns":3},{"damage":0,"enemies":"Cultist","floor":3,"turns":3},{"damage":0,"enemies":"Jaw Worm","floor":4,"turns":4},{"damage":15,"enemies":"3 Sentries","floor":6,"turns":12},{"damage":8,"enemies":"Exordium Wildlife","floor":7,"turns":8},{"damage":47,"enemies":"Gremlin Nob","floor":8,"turns":5}],"seed_played":"-1730908958123342097","potions_obtained":[{"floor":1,"key":"Fruit Juice"},{"floor":3,"key":"CunningPotion"}],"is_trial":false,"path_per_floor":["M","$","M","M","?","E","M","E"],"character_chosen":"THE_SILENT","items_purchased":["Vajra","Oddly Smooth Stone"],"campfire_rested":0,"item_purchase_floors":[2,2],"current_hp_per_floor":[61,61,61,61,55,40,32,0,0],"gold":212,"neow_bonus":"TWO_FIFTY_GOLD","is_daily":false,"chose_seed":false,"campfire_upgraded":0,"win_rate":0.0,"timestamp":1608228472,"path_taken":["M","$","M","M","?","E","?","E"],"items_purchased_type":["Relic","Relic"],"build_version":"2020-12-13","purchased_purges":0,"victory":false,"max_hp_per_floor":[63,63,63,63,63,63,63,68,68],"relic_stats":{"counters":[6,35],"War Paint":["Defend_G","Defend_G"],"obtain_stats":[{"Vajra":2,"Oddly Smooth Stone":2,"War Paint":6,"Ring of the Snake":0},{"Vajra":1,"Oddly Smooth Stone":1,"War Paint":4,"Ring of the Snake":0},{"Vajra":3,"Oddly Smooth Stone":3,"War Paint":22,"Ring of the Snake":0}],"Ring of the Snake":[12]},"card_choices":[{"not_picked":["Cloak And Dagger","Backflip"],"picked":"Blur","floor":1},{"not_picked":["Predator","Bane","Dash"],"picked":"SKIP","floor":3},{"not_picked":["Bane","Dagger Throw"],"picked":"Tactician","floor":4},{"not_picked":["Flying Knee","Deadly Poison","Dash"],"picked":"SKIP","floor":6},{"not_picked":["Catalyst","Poisoned Stab"],"picked":"Calculated Gamble","floor":7}],"player_experience":137196,"relics_obtained":[{"floor":6,"key":"War Paint"}],"event_choices":[{"damage_healed":0,"gold_gain":75,"player_choice":"Touch","damage_taken":6,"max_hp_gain":0,"max_hp_loss":0,"event_name":"FaceTrader","floor":5,"gold_loss":0}],"is_beta":false,"boss_relics":[],"items_purged_floors":[],"is_endless":false,"potions_floor_spawned":[1,3],"killed_by":"Gremlin Nob","ascension_level":4}}