{"host":"nox","time":1608212828,"event":{"mods":["Aspiration","BaseMod","Better Third Choice","Colored Powertips","Conspire","Hubris","Infinite Spire","Minty Spire (QoL Compilation)","Quick Restart","Rare Cards Sparkle","Replay The Spire","Shop Mod","Spikes Relics","StSLib","SuperFastMode","The Alterego","vexMod"],"gold_per_floor":[115,133,152,168,184,217,232,232,232,232,262,262,273,300,300,399,399,417,431,431,431,431,458,458,468,493,523,538,538,570,581,581,676,676,696,711,711,628,66,96,96,96,96,96,111,111,111,111],"floor_reached":47,"playtime":2270,"items_purged":[],"score":822,"play_id":"d9ecbf23-ca21-4d91-98a0-ab5f1afcb7f3","local_time":"20201217204708","is_ascension_mode":true,"campfire_choices":[{"data":"Perfected Strike","floor":8.0,"key":"SMITH"},{"data":"Bash","floor":15.0,"key":"SMITH"},{"data":"Double Tap","floor":24.0,"key":"SMITH"},{"floor":32.0,"key":"REST"},{"floor":41.0,"key":"RECALL"},{"data":"infinitespire:SevenWalls","floor":44.0,"key":"SMITH"},{"data":"Dual Wield","floor":46.0,"key":"SMITH"}],"circlet_count":0,"master_deck":["Strike_R","Strike_R","Strike_R","Strike_R","Defend_R","Defend_R","Defend_R","Defend_R","Bash+1","Perfected Strike+1","Twin Strike","Pommel Strike","Double Tap+1","Demonic Infusion+1","Heavy Blade","Twin Strike","Demon Form","Dual Wield+1","Dual Wield+1","J.A.X.","Perfected Strike","Armaments+1","Sword Boomerang+1","Reaper","conspire:ExplosiveBarrier+1","hubris:Compulsion","infinitespire:SevenWalls+1","Rage","Apotheosis","Berserk","Barricade","Cleave","Parasite","ReplayTheSpireMod:LeadingStrike+1"],"relics":["Burning Blood","hubris:Metronome","Replay:Wax Seal","Centennial Puzzle","Replay:Bronze Core","alterego_mod:FleetingLove","Toy Ornithopter","Vajra","infinitespire:FocusingShard","Iron Hammer","aspiration:RitualDagger","Ornamental Fan","Pondfish Scales","conspire:Dentures"],"acts_visited":["Exordium","TheCity","TheBeyond"],"potions_floor_usage":[],"damage_taken":[{"damage":6.0,"enemies":"Cultist","floor":1.0,"turns":3.0},{"damage":6.0,"enemies":"2 Louse","floor":2.0,"turns":3.0},{"damage":7.0,"enemies":"Small Slimes","floor":3.0,"turns":3.0},{"damage":10.0,"enemies":"3 Louse","floor":4.0,"turns":3.0},{"damage":8.0,"enemies":"Blue Slaver","floor":5.0,"turns":4.0},{"damage":24.0,"enemies":"Gremlin Nob","floor":6.0,"turns":4.0},{"damage":0.0,"enemies":"2 Fungi Beasts","floor":7.0,"turns":2.0},{"damage":0.0,"enemies":"Lagavulin","floor":11.0,"turns":4.0},{"damage":10.0,"enemies":"Lots of Slimes","floor":13.0,"turns":4.0},{"damage":13.0,"enemies":"3 Sentries","floor":14.0,"turns":5.0},{"damage":33.0,"enemies":"Fading Forest","floor":16.0,"turns":11.0},{"damage":22.0,"enemies":"2 Thieves","floor":18.0,"turns":2.0},{"damage":12.0,"enemies":"Chosen","floor":19.0,"turns":3.0},{"damage":24.0,"enemies":"conspire:SneckoGhost","floor":23.0,"turns":5.0},{"damage":30.0,"enemies":"3 Cultists","floor":25.0,"turns":5.0},{"damage":21.0,"enemies":"Gremlin Leader","floor":27.0,"turns":5.0},{"damage":5.0,"enemies":"Snake Plant","floor":28.0,"turns":2.0},{"damage":11.0,"enemies":"conspire:Head Lice","floor":30.0,"turns":6.0},{"damage":8.0,"enemies":"Chosen and Byrds","floor":31.0,"turns":3.0},{"damage":46.0,"enemies":"Automaton","floor":33.0,"turns":5.0},{"damage":47.0,"enemies":"3 Shapes","floor":35.0,"turns":6.0},{"damage":108.0,"enemies":"3 Darklings","floor":36.0,"turns":7.0},{"damage":28.0,"enemies":"Jaw Worm Horde","floor":38.0,"turns":5.0},{"damage":60.0,"enemies":"Giant Head","floor":40.0,"turns":6.0},{"damage":50.0,"enemies":"Writhing Mass","floor":45.0,"turns":6.0},{"damage":9,"enemies":"infinitespire:Three Voidlings","floor":47,"turns":2},{"damage":143,"enemies":"Nightmare_Alpha","floor":47,"turns":6}],"seed_played":"8850441412530077550","potions_obtained":[{"floor":2.0,"key":"Milkshake"},{"floor":4.0,"key":"Explosive Potion"},{"floor":7.0,"key":"EssenceOfSteel"},{"floor":11.0,"key":"Dexterity Potion"},{"floor":14.0,"key":"Energy Potion"},{"floor":16.0,"key":"Adrenaline Potion"},{"floor":19.0,"key":"Weak Potion"},{"floor":25.0,"key":"Languid Potion"},{"floor":27.0,"key":"Adrenaline Potion"},{"floor":31.0,"key":"PowerPotion"},{"floor":33.0,"key":"ColorlessPotion"},{"floor":35.0,"key":"Regen Potion"},{"floor":45.0,"key":"Fire Potion"}],"is_trial":false,"path_per_floor":["M","M","M","M","M","E","M","R","T","?","E","?","M","E","R","B",null,"M","M","?","?","?","E","R","M","T","E","M","?","E","M","R","B",null,"M","M","?","M","$","E","R","?","T","R","M","R","?"],"character_chosen":"IRONCLAD","items_purchased":["Apotheosis","Berserk","Ornamental Fan"],"campfire_rested":1,"item_purchase_floors":[39,39,39],"current_hp_per_floor":[80,80,79,75,73,55,61,61,61,61,67,67,63,56,56,29,73,57,51,51,51,51,33,33,19,19,9,15,3,24,22,48,13,69,77,24,24,88,88,88,88,88,88,88,70,70,0,0],"gold":111,"neow_bonus":"TEN_PERCENT_HP_BONUS","is_daily":false,"chose_seed":false,"campfire_upgraded":5,"win_rate":0.0,"timestamp":1608212828,"path_taken":["M","M","M","M","M","E","M","R","T","?","E","?","?","E","R","BOSS","M","M","?","?","?","E","R","M","T","E","M","?","E","M","R","BOSS","M","?","?","M","$","E","R","?","T","R","?","R","?"],"items_purchased_type":["Card","Card","Relic"],"build_version":"2020-11-17","purchased_purges":0,"victory":false,"max_hp_per_floor":[88,88,88,88,88,88,88,88,88,88,88,88,88,88,88,88,88,88,88,88,88,88,88,88,88,88,88,88,88,88,88,88,88,88,88,88,88,88,88,88,88,88,88,88,88,88,88,88],"card_choices":[{"not_picked":["Bloodletting","Blood for Blood","hubris:ReadiedAction"],"picked":"SKIP","floor":1.0},{"not_picked":["Rage","Iron Wave","Body Slam"],"picked":"SKIP","floor":2.0},{"not_picked":["Headbutt","Run Through"],"picked":"Perfected Strike","floor":3.0},{"not_picked":["Run Through","ReplayTheSpireMod:Limb From Limb"],"picked":"Twin Strike","floor":4.0},{"not_picked":["Warcry","Havoc"],"picked":"Pommel Strike","floor":5.0},{"not_picked":["Dropkick","Disarm"],"picked":"Double Tap","floor":6.0},{"not_picked":["Anger","Iron Wave","Run Through"],"picked":"SKIP","floor":7.0},{"not_picked":["Dropkick","Inflame"],"picked":"Demonic Infusion","floor":11.0},{"not_picked":["Disarm","ReplayTheSpireMod:Corrosion Curse"],"picked":"Heavy Blade","floor":13.0},{"not_picked":["True Grit","ReplayTheSpireMod:Strike From Hell"],"picked":"Twin Strike","floor":14.0},{"not_picked":["Barricade","Exhume"],"picked":"Demon Form","floor":16.0},{"not_picked":["Defy Death","Fire Breathing"],"picked":"Dual Wield","floor":18.0},{"not_picked":["Body Slam","hubris:ReadiedAction"],"picked":"Dual Wield+1","floor":19.0},{"not_picked":["Warcry+1","True Grit"],"picked":"Perfected Strike","floor":23.0},{"not_picked":["conspire:ExplosiveBarrier","Absolvement+1"],"picked":"Armaments+1","floor":25.0},{"not_picked":["True Grit","Headbutt","Run Through"],"picked":"SKIP","floor":27.0},{"not_picked":["Sentinel","Body Slam+1","ReplayTheSpireMod:Corrosion Curse"],"picked":"SKIP","floor":28.0},{"not_picked":["True Grit","Whirlwind"],"picked":"Sword Boomerang+1","floor":30.0},{"not_picked":["hubris:ReadiedAction","Replay:Undeath\u0027s Touch","Clash"],"picked":"SKIP","floor":31.0},{"not_picked":["Corruption","Demon Form"],"picked":"Reaper","floor":33.0},{"not_picked":["Wild Strike+1","Disarm+1","Uppercut"],"picked":"SKIP","floor":35.0},{"not_picked":["Combust","Sword Boomerang+1"],"picked":"conspire:ExplosiveBarrier+1","floor":36.0},{"not_picked":["infinitespire:Menacing","hubris:Fate"],"picked":"infinitespire:SevenWalls","floor":37.0},{"not_picked":["Cleave+1","ReplayTheSpireMod:Corrosion Curse"],"picked":"Rage","floor":38.0},{"not_picked":["Anger","Wild Strike+1","Second Wind"],"picked":"SKIP","floor":40.0},{"not_picked":["hubris:CleavingFinish+1","Havoc"],"picked":"ReplayTheSpireMod:LeadingStrike+1","floor":45.0}],"player_experience":169221,"relics_obtained":[{"floor":6.0,"key":"hubris:Metronome"},{"floor":11.0,"key":"Replay:Wax Seal"},{"floor":14.0,"key":"Centennial Puzzle"},{"floor":23.0,"key":"Toy Ornithopter"},{"floor":26.0,"key":"Vajra"},{"floor":27.0,"key":"infinitespire:FocusingShard"},{"floor":30.0,"key":"Iron Hammer"},{"floor":40.0,"key":"Pondfish Scales"},{"floor":43.0,"key":"conspire:Dentures"}],"event_choices":[{"damage_healed":0.0,"max_hp_gain":0.0,"max_hp_loss":0.0,"gold_gain":0.0,"event_name":"conspire:LoneGhost","player_choice":"Disagree","floor":10.0,"gold_loss":0.0,"damage_taken":0.0},{"damage_healed":0.0,"max_hp_gain":0.0,"max_hp_loss":0.0,"gold_gain":0.0,"event_name":"Upgrade Shrine","player_choice":"Upgraded","floor":12.0,"gold_loss":0.0,"damage_taken":0.0,"cards_upgraded":["Demonic Infusion"]},{"damage_healed":0.0,"max_hp_gain":0.0,"max_hp_loss":0.0,"gold_gain":0.0,"event_name":"Drug Dealer","player_choice":"Obtain J.A.X.","floor":20.0,"gold_loss":0.0,"damage_taken":0.0,"cards_obtained":["J.A.X."]},{"damage_healed":0.0,"max_hp_gain":0.0,"max_hp_loss":0.0,"gold_gain":0.0,"event_name":"Secret Garden","player_choice":"Choice 1","floor":22.0,"gold_loss":0.0,"damage_taken":0.0,"relics_obtained":["alterego_mod:FleetingLove"]},{"damage_healed":0.0,"max_hp_gain":0.0,"max_hp_loss":0.0,"gold_gain":0.0,"event_name":"Knowing Skull","player_choice":"POTION ","floor":29.0,"potions_obtained":["FairyPotion"],"gold_loss":0.0,"damage_taken":12.0,"cards_obtained":[]},{"damage_healed":0.0,"max_hp_gain":0.0,"max_hp_loss":0.0,"gold_gain":0.0,"event_name":"Match and Keep!","player_choice":"2 cards matched","floor":42.0,"gold_loss":0.0,"damage_taken":0.0,"cards_obtained":["Barricade","Cleave"]}],"is_beta":true,"boss_relics":[{"not_picked":["Snecko Heart","Busted Crown"],"picked":"Replay:Bronze Core"},{"not_picked":["Philosopher\u0027s Stone","Runic Pyramid"],"picked":"aspiration:RitualDagger"}],"items_purged_floors":[],"is_endless":false,"potions_floor_spawned":[2,4,7,11,14,16,19,25,27,31,33,35,45,47],"killed_by":"Nightmare_Alpha","ascension_level":8}}