{"host":"Teixeira","time":1608185258,"event":{"mods":["2.2 Compatiblity","BaseMod","Colored Map","Colored Powertips","Downfall","Hermit","Hubris","Minty Spire (QoL Compilation)","Permanent Neow","Rare Cards Sparkle","Relic Filter","Replay The Spire","Spicy Shops","StSLib","SuperFastMode"],"gold_per_floor":[118,135,85,104,118,151,151,184,258,289,289,308,328,357,357,454,454,465,489,158,172,183,183,209,209,209,262,187,240,42,73,73,197,197,233,285,9,51,134,195,42,128,177,226,275,275,16,60,60,99],"floor_reached":51,"playtime":4307,"items_purged":["hermit:Strike_Hermit","Injury","hermit:Strike_Hermit","hermit:Strike_Hermit"],"score":975,"play_id":"3e784c45-672c-4fa0-a651-caab260c0e1f","local_time":"20201217030738","is_ascension_mode":false,"campfire_choices":[{"data":"hermit:Snipe","floor":15,"key":"SMITH"},{"data":"hermit:Combo","floor":23,"key":"SMITH"},{"data":"hermit:WideOpen","floor":32,"key":"SMITH"},{"floor":49,"key":"DIG"}],"circlet_count":0,"master_deck":["hermit:Defend_Hermit+1","hermit:Defend_Hermit+1","hermit:Defend_Hermit+1","hermit:Defend_Hermit+1","hermit:Snapshot","hermit:Covet","hermit:ItchyTrigger","hermit:Quickdraw+1","hermit:PistolWhip","hermit:FlashPowder","hermit:Headshot","hermit:Glare","hermit:WideOpen+1","hermit:Snipe+1","hermit:BigShot","hermit:BodyArmor+1","hermit:Combo+1","hermit:TrackingShot+1","hermit:Combo+1","hermit:EyeOfTheStorm+1"],"relics":["hermit:Momento","Meat on the Bone","Boot","Nunchaku","Letter Opener","MealTicket","Golden Egg","hubris:TerracottaHorce","Dream Catcher","Replay:Wax Seal","Lantern","Replay:Bandana","ReplayTheSpireMod:Ninjato","Ice Cream","Replay:Bottled Eggs","ReplayTheSpireMod:TigerMarble","ReplayTheSpireMod:CursedCoin","HandDrill","SlaversCollar","Membership Card","hermit:RyeStalk","CaptainsWheel","Onion Ring","hubris:CuriousFeather","Juzu Bracelet","Happy Flower","Eternal Feather","Blood Vial","Snack Pack","hubris:Towel","Gremlin Horn","Oddly Smooth Stone","InkBottle"],"acts_visited":["Exordium","TheCity","TheBeyond"],"potions_floor_usage":[16,29,40,50],"damage_taken":[{"damage":0,"enemies":"Small Slimes","floor":1,"turns":3},{"damage":3,"enemies":"Jaw Worm","floor":2,"turns":3},{"damage":6,"enemies":"Cultist","floor":4,"turns":3},{"damage":9,"enemies":"Blue Slaver","floor":5,"turns":4},{"damage":23,"enemies":"Lagavulin","floor":6,"turns":5},{"damage":17,"enemies":"Gremlin Nob","floor":8,"turns":4},{"damage":10,"enemies":"Replay:BlueRogue","floor":10,"turns":4},{"damage":7,"enemies":"Looter","floor":12,"turns":2},{"damage":0,"enemies":"2 Fungi Beasts","floor":13,"turns":2},{"damage":19,"enemies":"3 Sentries","floor":14,"turns":6},{"damage":31,"enemies":"Hexaghost","floor":16,"turns":9},{"damage":5,"enemies":"Shell Parasite","floor":18,"turns":4},{"damage":1,"enemies":"3 Byrds","floor":21,"turns":4},{"damage":42,"enemies":"Sentry and Sphere","floor":22,"turns":7},{"damage":7,"enemies":"Replay:Snechameleon","floor":24,"turns":5},{"damage":11,"enemies":"Slavers","floor":27,"turns":4},{"damage":6,"enemies":"Gremlin Leader","floor":29,"turns":6},{"damage":4,"enemies":"Snake Plant","floor":31,"turns":3},{"damage":20,"enemies":"hubris:MusketHawk","floor":33,"turns":5},{"damage":1,"enemies":"3 Shapes","floor":35,"turns":4},{"damage":5,"enemies":"3 Darklings","floor":36,"turns":3},{"damage":22,"enemies":"Jaw Worm Horde","floor":38,"turns":2},{"damage":0,"enemies":"Mind Bloom Boss Battle","floor":39,"turns":3},{"damage":26,"enemies":"Reptomancer","floor":40,"turns":5},{"damage":0,"enemies":"R_Hoarder","floor":42,"turns":3},{"damage":0,"enemies":"Maw","floor":44,"turns":4},{"damage":0,"enemies":"Nemesis","floor":45,"turns":5},{"damage":0,"enemies":"4 Shapes","floor":48,"turns":1},{"damage":17,"enemies":"hubris:GrandSnecko","floor":50,"turns":6}],"seed_played":"-5722442491129611036","potions_obtained":[{"floor":4,"key":"LiquidBronze"},{"floor":8,"key":"Explosive Potion"},{"floor":13,"key":"Strength Potion"},{"floor":21,"key":"Block Potion"},{"floor":31,"key":"Adrenaline Potion"},{"floor":39,"key":"EssenceOfSteel"},{"floor":40,"key":"Reflective Coating"},{"floor":42,"key":"Swift Potion"}],"is_trial":false,"path_per_floor":["M","M","?","M","M","E","?","E","T","E","?","M","M","E","R","B",null,"M","T","$","M","M","R","E","?","T","E","?","E","$","M","R","B",null,"M","M","$","M","?","E","$","E","T","M","E","?","$","M","R_BF","B",null],"character_chosen":"HERMIT","items_purchased":["Replay:Wax Seal","Lantern","hermit:BodyArmor+1","ReplayTheSpireMod:TigerMarble","ReplayTheSpireMod:CursedCoin","HandDrill","Membership Card","hermit:RyeStalk","CaptainsWheel","Onion Ring","hermit:Combo","Happy Flower","Gremlin Horn","Oddly Smooth Stone","hermit:EyeOfTheStorm"],"campfire_rested":0,"item_purchase_floors":[20,20,20,30,30,30,37,37,37,37,37,41,47,47,47],"current_hp_per_floor":[75,72,72,66,57,46,46,41,41,43,43,48,48,41,41,22,62,57,57,72,71,41,41,46,46,46,47,47,41,56,52,52,44,67,66,61,75,53,53,39,54,58,58,60,62,62,75,75,75,66],"gold":99,"neow_bonus":"RANDOM_EVENT","is_daily":false,"chose_seed":false,"campfire_upgraded":3,"win_rate":0.0,"timestamp":1608185258,"path_taken":["M","M","?","M","M","E","?","E","T","E","?","M","M","E","R","BOSS","M","?","$","M","M","R","E","?","T","E","?","E","$","M","R","BOSS","M","M","$","M","?","E","$","E","T","M","E","?","$","M","R_BF","BOSS"],"items_purchased_type":["Relic","Relic","Card","Relic","Relic","Relic","Relic","Relic","Relic","Relic","Card","Relic","Relic","Relic","Card"],"build_version":"2020-11-17","purchased_purges":4,"victory":true,"max_hp_per_floor":[75,75,75,75,75,75,75,75,75,75,75,75,75,75,75,75,75,75,75,75,75,75,75,75,75,75,75,75,75,75,75,75,75,75,75,75,75,75,75,75,75,75,75,75,75,75,75,75,75,75],"card_choices":[{"not_picked":["hermit:Feint","hermit:Midnight"],"picked":"hermit:ItchyTrigger","floor":1},{"not_picked":["hermit:Ricochet","hermit:ShadowCloak"],"picked":"hermit:Quickdraw","floor":2},{"not_picked":["hermit:BodyArmor","hermit:TakeAim"],"picked":"hermit:PistolWhip","floor":4},{"not_picked":["hermit:Spite","hermit:HoleUp"],"picked":"hermit:FlashPowder","floor":5},{"not_picked":["hermit:ItchyTrigger","hermit:CursedWeapon"],"picked":"hermit:Headshot","floor":6},{"not_picked":["hermit:FlashPowder","hermit:Horror","hermit:PistolWhip"],"picked":"SKIP","floor":8},{"not_picked":["hermit:TakeCover","hermit:FinalCanter"],"picked":"hermit:Glare","floor":10},{"not_picked":["hermit:Roulette","hermit:TakeCover"],"picked":"hermit:WideOpen","floor":12},{"not_picked":["hermit:Roulette","hermit:HighCaliber","hermit:WideOpen"],"picked":"SKIP","floor":13},{"not_picked":["hermit:LuckOfTheDraw","hermit:Purgatory"],"picked":"hermit:Snipe","floor":14},{"not_picked":["hermit:Scavenge","hermit:HoleUp"],"picked":"hermit:BigShot","floor":18},{"not_picked":["hermit:GhostlyPresence","hermit:Coalescence"],"picked":"hermit:Combo","floor":21},{"not_picked":["hermit:ItchyTrigger","hermit:Glare","hermit:TrackingShot"],"picked":"SKIP","floor":22},{"not_picked":["hermit:Spite","hermit:Horror+1","hermit:Feint"],"picked":"SKIP","floor":24},{"not_picked":["hermit:ShadowCloak","hermit:Manifest","hermit:Malice+1"],"picked":"SKIP","floor":27},{"not_picked":["hermit:Spite+1","hermit:FlashPowder","hermit:Roulette"],"picked":"SKIP","floor":29},{"not_picked":["hermit:Feint+1","hermit:Misfire+1","hermit:Glare"],"picked":"SKIP","floor":31},{"not_picked":["hermit:NoHoldsBarred+1","hermit:Headshot+1"],"picked":"hermit:TrackingShot+1","floor":35},{"not_picked":["hermit:SprayPray+1","hermit:HighCaliber","hermit:CalledShot"],"picked":"SKIP","floor":36},{"not_picked":["hermit:ShadowCloak","hermit:SprayPray","hermit:Misfire+1"],"picked":"SKIP","floor":38},{"not_picked":["hermit:TrackingShot","hermit:GhostlyPresence","hermit:Virtue"],"picked":"SKIP","floor":40},{"not_picked":["hermit:Desperado+1","hermit:BodyArmor","hermit:Virtue"],"picked":"SKIP","floor":42},{"not_picked":["hermit:Maintenance","hermit:OverwhelmingPower","hermit:CursedWeapon+1"],"picked":"SKIP","floor":44},{"not_picked":["hermit:Gambit","hermit:LowProfile+1","hermit:Ricochet+1"],"picked":"SKIP","floor":45},{"not_picked":["hermit:BodyArmor","hermit:Desperado","hermit:Manifest+1"],"picked":"SKIP","floor":48},{"not_picked":["hermit:BodyArmor","hermit:Desperado","hermit:Manifest+1"],"picked":"SKIP","floor":48}],"player_experience":56365,"relics_obtained":[{"floor":6,"key":"Boot"},{"floor":8,"key":"Nunchaku"},{"floor":9,"key":"Letter Opener"},{"floor":10,"key":"MealTicket"},{"floor":14,"key":"Golden Egg"},{"floor":19,"key":"Dream Catcher"},{"floor":24,"key":"Replay:Bandana"},{"floor":26,"key":"ReplayTheSpireMod:Ninjato"},{"floor":27,"key":"Ice Cream"},{"floor":29,"key":"Replay:Bottled Eggs"},{"floor":39,"key":"hubris:CuriousFeather"},{"floor":40,"key":"Juzu Bracelet"},{"floor":42,"key":"Eternal Feather"},{"floor":43,"key":"Blood Vial"},{"floor":45,"key":"Snack Pack"},{"floor":49,"key":"InkBottle"}],"event_choices":[{"damage_healed":0,"gold_gain":0,"player_choice":"Box","damage_taken":0,"relics_obtained":["Meat on the Bone"],"max_hp_gain":0,"max_hp_loss":0,"event_name":"Big Fish","floor":0,"gold_loss":0,"cards_obtained":["Regret"]},{"cards_removed":["Regret"],"damage_healed":0,"gold_gain":0,"player_choice":"Card Removal","damage_taken":0,"max_hp_gain":0,"max_hp_loss":0,"event_name":"The Cleric","floor":3,"gold_loss":50},{"damage_healed":0,"gold_gain":0,"player_choice":"Grow","damage_taken":0,"max_hp_gain":0,"max_hp_loss":0,"event_name":"Living Wall","floor":7,"gold_loss":0,"cards_upgraded":["hermit:Quickdraw"]},{"damage_healed":0,"gold_gain":0,"player_choice":"Ignored","damage_taken":0,"max_hp_gain":0,"max_hp_loss":0,"event_name":"NoteForYourself","floor":11,"gold_loss":0},{"damage_healed":0,"gold_gain":0,"player_choice":"Ignored","damage_taken":0,"max_hp_gain":0,"max_hp_loss":0,"event_name":"Ghosts","floor":25,"gold_loss":0},{"cards_removed":["hermit:Strike_Hermit"],"damage_healed":0,"gold_gain":0,"player_choice":"Gave Gold","damage_taken":0,"max_hp_gain":0,"max_hp_loss":0,"event_name":"Beggar","floor":28,"gold_loss":75},{"damage_healed":0,"gold_gain":0,"player_choice":"Fight","damage_taken":0,"max_hp_gain":0,"max_hp_loss":0,"event_name":"MindBloom","floor":39,"gold_loss":0}],"is_beta":true,"boss_relics":[{"not_picked":["Tiny House","Replay:Bronze Core"],"picked":"hubris:TerracottaHorce"},{"not_picked":["Kintsugi","hermit:ClaspedLocket"],"picked":"SlaversCollar"}],"items_purged_floors":[20,30,37,41],"is_endless":false,"potions_floor_spawned":[4,8,13,14,21,27,31,33,39,40,42],"ascension_level":0}}