{"host":"ryuep8ewa00k39z9","time":1608242077,"event":{"mods":["AchievementEnabler","BaseMod","Best Route Mod","Colored Map","Colored Powertips","Displayed Cursed Tome","Highlight Path","Minty Spire (QoL Compilation)","Quick Restart","SuperFastMode"],"gold_per_floor":[365,81,46,46,46,46,59,88,88,88,88,100,126,157,157,234,234,254,88,88,88,88,88,119,119,166,193,47,76,76,76,76,147,147,159,184,184,196,212,212,237,247,247,247,247,276,131,131,131,131,131,131,2,34,34,34],"floor_reached":55,"playtime":9489,"items_purged":["Strike_R","Bash","Thunderclap+1"],"score":1483,"play_id":"22919212-ec4d-45f1-92d9-7154458818de","local_time":"20201217155437","is_ascension_mode":true,"campfire_choices":[{"data":"Metallicize","floor":6.0,"key":"SMITH"},{"floor":15.0,"key":"REST"},{"data":"Fire Breathing","floor":23.0,"key":"SMITH"},{"floor":25.0,"key":"REST"},{"data":"Trip","floor":30.0,"key":"SMITH"},{"floor":32.0,"key":"REST"},{"floor":40.0,"key":"RECALL"},{"data":"Second Wind","floor":45.0,"key":"SMITH"},{"data":"Flame Barrier","floor":49.0,"key":"SMITH"},{"floor":52.0,"key":"REST"}],"circlet_count":0,"master_deck":["AscendersBane","Defend_R","Defend_R","Defend_R","Metallicize+1","Blood for Blood+1","Feed+1","Uppercut+1","Heavy Blade+1","Bludgeon+1","Cleave+1","Fire Breathing+1","Uppercut+1","Bite+1","Bite+1","Bite+1","Bite+1","Bite+1","RitualDagger+1","Impervious","Body Slam+1","Trip+1","Dropkick+1","Reaper+1","Pommel Strike+1","Second Wind+1","Wild Strike+1","Power Through+1","Body Slam+1","Flame Barrier+1","Body Slam+1","Swift Strike+1","Blood for Blood+1","Body Slam+1"],"relics":["Burning Blood","Molten Egg 2","Red Skull","Pen Nib","Toy Ornithopter","Omamori","Calling Bell","Smiling Mask","Letter Opener","Incense Burner","Shuriken","Self Forming Clay","Dead Branch","Red Mask","Empty Cage","Ice Cream","Torii","Turnip","Paper Frog","Bottled Lightning","Vajra"],"acts_visited":["Exordium","TheCity","TheBeyond","TheEnding"],"potions_floor_usage":[],"damage_taken":[{"damage":8.0,"enemies":"Small Slimes","floor":1.0,"turns":3.0},{"damage":9.0,"enemies":"2 Louse","floor":7.0,"turns":4.0},{"damage":17.0,"enemies":"3 Sentries","floor":8.0,"turns":7.0},{"damage":12.0,"enemies":"Jaw Worm","floor":12.0,"turns":4.0},{"damage":12.0,"enemies":"Lagavulin","floor":14.0,"turns":5.0},{"damage":30.0,"enemies":"Slime Boss","floor":16.0,"turns":10.0},{"damage":6.0,"enemies":"Spheric Guardian","floor":18.0,"turns":3.0},{"damage":49.0,"enemies":"Slavers","floor":24.0,"turns":6.0},{"damage":55.0,"enemies":"Book of Stabbing","floor":27.0,"turns":7.0},{"damage":8.0,"enemies":"Masked Bandits","floor":29.0,"turns":3.0},{"damage":85.0,"enemies":"Champ","floor":33.0,"turns":13.0},{"damage":54.0,"enemies":"3 Darklings","floor":35.0,"turns":8.0},{"damage":0.0,"enemies":"Mind Bloom Boss Battle","floor":36.0,"turns":4.0},{"damage":2.0,"enemies":"3 Shapes","floor":38.0,"turns":4.0},{"damage":7.0,"enemies":"Sphere and 2 Shapes","floor":39.0,"turns":4.0},{"damage":30.0,"enemies":"Reptomancer","floor":41.0,"turns":7.0},{"damage":51.0,"enemies":"Jaw Worm Horde","floor":42.0,"turns":5.0},{"damage":0.0,"enemies":"Nemesis","floor":46.0,"turns":3.0},{"damage":73.0,"enemies":"Time Eater","floor":50.0,"turns":10.0},{"damage":79,"enemies":"Shield and Spear","floor":54,"turns":7},{"damage":25,"enemies":"The Heart","floor":55,"turns":5}],"seed_played":"-2867857502645691126","potions_obtained":[{"floor":1.0,"key":"Dexterity Potion"},{"floor":7.0,"key":"DuplicationPotion"},{"floor":12.0,"key":"LiquidMemories"},{"floor":24.0,"key":"FearPotion"},{"floor":27.0,"key":"ColorlessPotion"},{"floor":36.0,"key":"EssenceOfSteel"},{"floor":38.0,"key":"Strength Potion"},{"floor":42.0,"key":"Block Potion"}],"is_trial":false,"path_per_floor":["M","$","?","?","?","R","M","E","T","?","?","M","T","E","R","B",null,"M","$","?","?","?","R","E","R","T","E","$","?","R","?","R","B",null,"M","?","T","M","M","R","E","M","T","$","R","E","$","?","R","B",null,"R","$","E","B"],"character_chosen":"IRONCLAD","items_purchased":["Molten Egg 2","Fire Breathing","Uppercut+1","Trip","Body Slam+1","Swift Strike+1","Blood for Blood+1"],"campfire_rested":4,"item_purchase_floors":[2,19,19,28,47,47,53],"current_hp_per_floor":[48,48,66,66,66,66,63,52,52,52,34,37,37,42,66,44,73,75,75,75,75,69,69,36,62,62,36,36,45,45,45,71,16,69,54,72,72,79,86,86,72,46,46,46,46,57,57,57,57,16,69,86,86,22,0,0],"gold":34,"neow_bonus":"TWO_FIFTY_GOLD","is_daily":false,"chose_seed":false,"campfire_upgraded":5,"win_rate":0.0,"timestamp":1608242077,"path_taken":["M","$","?","?","?","R","M","E","T","?","?","?","?","E","R","BOSS","M","$","?","?","?","R","E","R","T","E","$","?","R","?","R","BOSS","M","?","?","M","?","R","E","M","T","$","R","E","?","?","R","BOSS","R","$","E","BOSS"],"items_purchased_type":["Relic","Card","Card","Card","Card","Card","Card"],"build_version":"2020-12-13","purchased_purges":3,"victory":false,"max_hp_per_floor":[75,75,75,75,75,75,75,75,75,75,75,79,79,83,83,83,83,83,83,83,83,83,83,87,87,87,87,87,87,87,87,87,87,87,87,87,87,87,87,87,87,91,91,91,91,91,91,86,86,86,86,86,86,86,86,86],"card_choices":[{"not_picked":["Shrug It Off","Heavy Blade"],"picked":"Metallicize","floor":1.0},{"not_picked":["Pommel Strike+1","Heavy Blade+1"],"picked":"Blood for Blood+1","floor":7.0},{"not_picked":["Iron Wave+1","Uppercut+1"],"picked":"Feed+1","floor":8.0},{"not_picked":["Disarm","Pommel Strike+1"],"picked":"Uppercut+1","floor":12.0},{"not_picked":["True Grit","Sword Boomerang+1"],"picked":"Heavy Blade+1","floor":14.0},{"not_picked":["Fiend Fire+1","Impervious"],"picked":"Bludgeon+1","floor":16.0},{"not_picked":["True Grit+1","Rupture"],"picked":"Cleave+1","floor":18.0},{"not_picked":["Shockwave","True Grit"],"picked":"Impervious","floor":24.0},{"not_picked":["Clothesline+1","Armaments"],"picked":"Body Slam+1","floor":27.0},{"not_picked":["Heavy Blade+1","Iron Wave+1"],"picked":"Dropkick+1","floor":29.0},{"not_picked":["Double Tap","Brutality"],"picked":"Reaper+1","floor":33.0},{"not_picked":["Perfected Strike+1","Clash+1"],"picked":"Pommel Strike+1","floor":35.0},{"not_picked":["Clothesline+1","Havoc"],"picked":"Second Wind","floor":36.0},{"not_picked":["Pommel Strike+1","Dark Embrace+1"],"picked":"Wild Strike+1","floor":38.0},{"not_picked":["Twin Strike+1","Headbutt+1"],"picked":"Power Through+1","floor":39.0},{"not_picked":["Sword Boomerang+1","Perfected Strike+1"],"picked":"Body Slam+1","floor":41.0},{"not_picked":["Anger+1","True Grit+1"],"picked":"Thunderclap+1","floor":42.0},{"not_picked":["Perfected Strike+1","Entrench"],"picked":"Flame Barrier","floor":46.0},{"not_picked":["Rage","Flex"],"picked":"Body Slam+1","floor":54}],"player_experience":3251820,"relics_obtained":[{"floor":8.0,"key":"Red Skull"},{"floor":9.0,"key":"Pen Nib"},{"floor":13.0,"key":"Blood Vial"},{"floor":14.0,"key":"Omamori"},{"floor":17.0,"key":"Smiling Mask"},{"floor":17.0,"key":"Letter Opener"},{"floor":17.0,"key":"Incense Burner"},{"floor":24.0,"key":"Self Forming Clay"},{"floor":27.0,"key":"Dead Branch"},{"floor":29.0,"key":"Red Mask"},{"floor":36.0,"key":"Ice Cream"},{"floor":37.0,"key":"Torii"},{"floor":41.0,"key":"Turnip"},{"floor":43.0,"key":"Paper Frog"},{"floor":46.0,"key":"Bottled Lightning"},{"floor":54,"key":"Vajra"}],"event_choices":[{"damage_healed":18.0,"max_hp_gain":0.0,"max_hp_loss":0.0,"gold_gain":0.0,"event_name":"The Cleric","player_choice":"Healed","floor":3.0,"gold_loss":35.0,"damage_taken":0.0},{"damage_healed":0.0,"max_hp_gain":0.0,"max_hp_loss":0.0,"gold_gain":0.0,"event_name":"Shining Light","player_choice":"Ignored","floor":4.0,"gold_loss":0.0,"damage_taken":0.0},{"damage_healed":0.0,"max_hp_gain":0.0,"max_hp_loss":0.0,"gold_gain":0.0,"event_name":"Liars Game","player_choice":"Ignored","floor":5.0,"gold_loss":0.0,"damage_taken":0.0},{"cards_removed":["Strike_R"],"damage_healed":0.0,"max_hp_gain":0.0,"max_hp_loss":0.0,"gold_gain":0.0,"event_name":"Living Wall","player_choice":"Forget","floor":10.0,"gold_loss":0.0,"damage_taken":0.0},{"damage_healed":0.0,"max_hp_gain":0.0,"max_hp_loss":0.0,"gold_gain":0.0,"event_name":"Scrap Ooze","player_choice":"Success","floor":11.0,"gold_loss":0.0,"damage_taken":18.0,"relics_obtained":["Toy Ornithopter"]},{"damage_healed":0.0,"max_hp_gain":0.0,"max_hp_loss":0.0,"gold_gain":0.0,"event_name":"Vampires","player_choice":"Became a vampire (Vial)","floor":20.0,"relics_lost":["Blood Vial"],"gold_loss":0.0,"damage_taken":0.0,"cards_obtained":["Bite","Bite","Bite","Bite","Bite"]},{"damage_healed":0.0,"max_hp_gain":0.0,"max_hp_loss":0.0,"gold_gain":0.0,"event_name":"The Mausoleum","player_choice":"Opened","floor":21.0,"gold_loss":0.0,"damage_taken":0.0,"relics_obtained":["Shuriken"],"cards_obtained":["Writhe"]},{"damage_healed":0.0,"max_hp_gain":0.0,"max_hp_loss":0.0,"gold_gain":0.0,"event_name":"Nest","player_choice":"Joined the Cult","floor":22.0,"gold_loss":0.0,"damage_taken":6.0,"cards_obtained":["RitualDagger"]},{"damage_healed":0.0,"max_hp_gain":0.0,"max_hp_loss":0.0,"gold_gain":0.0,"event_name":"Masked Bandits","player_choice":"Fought Bandits","floor":29.0,"gold_loss":0.0,"damage_taken":0.0},{"damage_healed":0.0,"max_hp_gain":0.0,"max_hp_loss":0.0,"gold_gain":0.0,"event_name":"Forgotten Altar","player_choice":"Smashed Altar","floor":31.0,"gold_loss":0.0,"damage_taken":0.0,"cards_obtained":["Decay"]},{"damage_healed":0.0,"max_hp_gain":0.0,"max_hp_loss":0.0,"gold_gain":0.0,"event_name":"MindBloom","player_choice":"Fight","floor":36.0,"gold_loss":0.0,"damage_taken":0.0},{"damage_healed":0.0,"max_hp_gain":0.0,"max_hp_loss":5.0,"gold_gain":0.0,"event_name":"Winding Halls","player_choice":"Max HP","floor":48.0,"gold_loss":0.0,"damage_taken":0.0}],"is_beta":false,"boss_relics":[{"not_picked":["Snecko Eye","Pandora\u0027s Box"],"picked":"Calling Bell"},{"not_picked":["Velvet Choker","Runic Pyramid"],"picked":"Empty Cage"}],"items_purged_floors":[19,28,53],"is_endless":false,"potions_floor_spawned":[1,7,12,24,27,36,38,42],"killed_by":"The Heart","ascension_level":17}}