{"host":"nukjzc0ca34w6eem","time":1608193189,"event":{"mods":["2.2 Compatiblity","AchievementEnabler","BaseMod","Colored Powertips","Downfall","Minty Spire (QoL Compilation)","StSLib"],"gold_per_floor":[99,99,99,99,99,130,130,158,8,8,8],"floor_reached":10,"playtime":492,"items_purged":[],"score":98,"play_id":"9b47022c-3f1e-4764-b572-f38d423c93ad","local_time":"20201217001949","is_ascension_mode":true,"campfire_choices":[{"data":"Slimebound:Split","floor":1,"key":"SMITH"},{"data":"Slimebound:Dissolve","floor":3,"key":"SMITH"},{"data":"Slimebound:CorrosiveSpit","floor":9,"key":"SMITH"}],"circlet_count":0,"master_deck":["Slimebound:Strike_Slimebound+1","Slimebound:Strike_Slimebound+1","Slimebound:Strike_Slimebound","Slimebound:Tackle","Slimebound:Defend_Slimebound","Slimebound:Defend_Slimebound","Slimebound:Defend_Slimebound","Slimebound:Defend_Slimebound","Slimebound:Split+1","Slimebound:CorrosiveSpit+1","Slimebound:Dissolve+1","Slimebound:LeadByExample","Slimebound:ForwardTackle","Slimebound:LeechEnergy+1","Slimebound:LeechingTouch+1"],"relics":["Slimebound:AbsorbEndCombat","downfall:HeartsMalice","Molten Egg 2","Whetstone","downfall:HeartBlessingGreen","downfall:HeartBlessingBlue"],"acts_visited":["Exordium"],"potions_floor_usage":[],"damage_taken":[{"damage":0,"enemies":"2 Louse","floor":2,"turns":1},{"damage":0,"enemies":"Small Slimes","floor":4,"turns":1},{"damage":0,"enemies":"Cultist","floor":5,"turns":1},{"damage":20,"enemies":"3 Sentries","floor":6,"turns":5},{"damage":39,"enemies":"Lagavulin","floor":8,"turns":5},{"damage":52,"enemies":"Gremlin Nob","floor":10,"turns":3}],"seed_played":"-1261881545894565006","potions_obtained":[{"floor":8,"key":"Fire Potion"}],"is_trial":false,"path_per_floor":["R","M","R","M","M","E","T","E","R","E"],"character_chosen":"SLIMEBOUND","items_purchased":[],"campfire_rested":0,"item_purchase_floors":[],"current_hp_per_floor":[54,54,54,54,54,44,44,27,37,0,0],"gold":8,"neow_bonus":"THREE_ENEMY_KILL","is_daily":false,"chose_seed":false,"campfire_upgraded":3,"win_rate":0.0,"timestamp":1608193189,"path_taken":["R","M","R","M","M","E","T","E","R","E"],"items_purchased_type":[],"build_version":"2020-12-13","purchased_purges":0,"victory":false,"max_hp_per_floor":[60,60,60,60,60,60,60,60,70,70,70],"card_choices":[{"not_picked":["Slimebound:LeechEnergy","Slimebound:ViciousTackle"],"picked":"Slimebound:Dissolve","floor":2},{"not_picked":["Slimebound:LeechEnergy","Slimebound:SlimeBrawl"],"picked":"Slimebound:LeadByExample","floor":4},{"not_picked":["Slimebound:GrowthPunch","Slimebound:FlameTackle"],"picked":"Slimebound:ForwardTackle","floor":5},{"not_picked":["Slimebound:Replication","Slimebound:Grow"],"picked":"Slimebound:LeechEnergy+1","floor":6},{"not_picked":["Slimebound:ProtectTheBoss","Slimebound:Replication"],"picked":"Slimebound:LeechingTouch+1","floor":8}],"player_experience":427664,"relics_obtained":[{"floor":6,"key":"Molten Egg 2"},{"floor":8,"key":"Whetstone"}],"event_choices":[],"is_beta":false,"boss_relics":[],"items_purged_floors":[],"is_endless":false,"potions_floor_spawned":[8],"killed_by":"Gremlin Nob","ascension_level":8}}