{"host":"tknto047uabgu3zm","time":1608180297,"event":{"mods":["AchievementEnabler","BaseMod","Block Reminder","Colored Map","Colored Powertips","Highlight Path","Minty Spire (QoL Compilation)","MonsterHotkey","Permanent Neow","Random Character Button","Rare Cards Sparkle","Relic Sorter","StSLib"],"gold_per_floor":[117,117,134,134,44,44,57,57,57,83,83,103,115,115,115,194,194,209,209,209,209,219,219,231,231,254,205,236,236,255,65,65,139,139,156,156,156,181,181,212,60,60,60,80,80,80,93,93,93,93,93],"floor_reached":50,"playtime":1947,"items_purged":["Defend_R"],"score":916,"play_id":"a4fec7dc-0cea-4b53-b40d-26a92c9a8a72","local_time":"20201216204457","is_ascension_mode":true,"campfire_choices":[{"data":"Bash","floor":6.0,"key":"SMITH"},{"floor":8.0,"key":"REST"},{"data":"Whirlwind","floor":11.0,"key":"SMITH"},{"floor":15.0,"key":"REST"},{"data":"Barricade","floor":23.0,"key":"SMITH"},{"data":"True Grit","floor":25.0,"key":"SMITH"},{"floor":32.0,"key":"REST"},{"data":"Shockwave","floor":42.0,"key":"SMITH"},{"data":"Offering","floor":46.0,"key":"SMITH"},{"floor":49.0,"key":"REST"}],"circlet_count":0,"master_deck":["AscendersBane","Defend_R+1","Bash+1","Cleave+1","Whirlwind+1","Inflame","Disarm","Offering+1","Pommel Strike+1","Uppercut+1","Barricade+1","Feel No Pain","Shockwave+1","Bite+1","Bite+1","Bite+1","Bite+1","Bite+1","Blood for Blood+1","True Grit+1","Fire Breathing+1","Reckless Charge+1","Feel No Pain+1","Demon Form+1","Ghostly Armor+1","Mayhem+1","Entrench+1","Impervious","Metallicize+1","Madness","Madness"],"relics":["Burning Blood","Juzu Bracelet","Question Card","Molten Egg 2","Philosopher\u0027s Stone","Strawberry","Frozen Egg 2","TheAbacus","SlaversCollar","TungstenRod","Turnip","Mercury Hourglass"],"acts_visited":["Exordium","TheCity","TheBeyond"],"potions_floor_usage":[50],"damage_taken":[{"damage":6.0,"enemies":"Cultist","floor":1.0,"turns":3.0},{"damage":4.0,"enemies":"Small Slimes","floor":3.0,"turns":3.0},{"damage":9.0,"enemies":"Jaw Worm","floor":7.0,"turns":4.0},{"damage":32.0,"enemies":"Lagavulin","floor":10.0,"turns":5.0},{"damage":4.0,"enemies":"2 Fungi Beasts","floor":12.0,"turns":2.0},{"damage":0.0,"enemies":"3 Louse","floor":13.0,"turns":1.0},{"damage":36.0,"enemies":"Slime Boss","floor":16.0,"turns":7.0},{"damage":20.0,"enemies":"Spheric Guardian","floor":18.0,"turns":4.0},{"damage":19.0,"enemies":"2 Thieves","floor":22.0,"turns":2.0},{"damage":21.0,"enemies":"Centurion and Healer","floor":24.0,"turns":4.0},{"damage":25.0,"enemies":"Gremlin Leader","floor":28.0,"turns":4.0},{"damage":23.0,"enemies":"Snake Plant","floor":30.0,"turns":5.0},{"damage":27.0,"enemies":"Champ","floor":33.0,"turns":10.0},{"damage":35.0,"enemies":"3 Darklings","floor":35.0,"turns":4.0},{"damage":20.0,"enemies":"Mind Bloom Boss Battle","floor":38.0,"turns":8.0},{"damage":5.0,"enemies":"Reptomancer","floor":40.0,"turns":5.0},{"damage":5.0,"enemies":"3 Shapes","floor":44.0,"turns":3.0},{"damage":39.0,"enemies":"Spire Growth","floor":47.0,"turns":6.0},{"damage":79,"enemies":"Donu and Deca","floor":50,"turns":5}],"seed_played":"-456015995703390893","potions_obtained":[{"floor":3.0,"key":"Dexterity Potion"},{"floor":12.0,"key":"CultistPotion"},{"floor":16.0,"key":"CultistPotion"},{"floor":22.0,"key":"SkillPotion"},{"floor":28.0,"key":"ColorlessPotion"},{"floor":30.0,"key":"LiquidMemories"},{"floor":35.0,"key":"DistilledChaos"},{"floor":40.0,"key":"Weak Potion"},{"floor":44.0,"key":"Fruit Juice"},{"floor":47.0,"key":"SpeedPotion"}],"is_trial":false,"path_per_floor":["M","?","M","?","$","R","M","R","T","E","R","M","M","?","R","B",null,"M","?","?","$","M","R","M","R","T","$","E","$","M","$","R","B",null,"M","?","?","?","?","E","$","R","T","M","?","R","M","?","R","B"],"character_chosen":"IRONCLAD","items_purchased":["Inflame","Fire Potion","SteroidPotion","Feel No Pain+1","TheAbacus","Metallicize+1"],"campfire_rested":4,"item_purchase_floors":[5,5,27,31,31,41],"current_hp_per_floor":[68,45,47,40,40,40,37,59,59,33,33,35,41,46,70,40,70,56,56,56,56,43,43,43,43,50,50,43,43,41,41,59,63,63,40,40,40,41,41,57,57,57,57,66,55,55,31,31,51,0,0],"gold":93,"neow_bonus":"RANDOM_COMMON_RELIC","is_daily":false,"chose_seed":false,"campfire_upgraded":6,"win_rate":0.0,"timestamp":1608180297,"path_taken":["M","?","M","?","$","R","M","R","T","E","R","M","M","?","R","BOSS","M","?","?","$","M","R","M","R","T","$","E","?","M","$","R","BOSS","M","?","?","?","?","E","?","R","T","M","?","R","M","?","R","BOSS"],"items_purchased_type":["Card","Potion","Potion","Card","Relic","Card"],"build_version":"2020-12-13","purchased_purges":1,"victory":false,"max_hp_per_floor":[75,75,75,75,75,75,75,75,75,75,75,75,75,80,80,80,80,80,80,56,56,56,56,56,56,63,63,63,63,63,63,63,63,63,63,63,63,63,63,63,63,63,63,68,68,68,68,68,68,68,68],"card_choices":[{"not_picked":["Seeing Red","Clash"],"picked":"Cleave","floor":1.0},{"not_picked":["Shockwave","Inflame"],"picked":"Whirlwind","floor":3.0},{"not_picked":["Ghostly Armor","Whirlwind"],"picked":"Disarm","floor":7.0},{"not_picked":["Perfected Strike+1","Rage","Sword Boomerang+1"],"picked":"Offering","floor":10.0},{"not_picked":["Disarm","Warcry","Second Wind"],"picked":"Pommel Strike+1","floor":12.0},{"not_picked":["Bloodletting","Clothesline+1","Headbutt+1"],"picked":"Uppercut+1","floor":13.0},{"not_picked":["Limit Break","Berserk","Double Tap"],"picked":"Barricade","floor":16.0},{"not_picked":["Headbutt+1","Perfected Strike+1","Burning Pact"],"picked":"Feel No Pain","floor":18.0},{"not_picked":["Infernal Blade","Rupture","Clothesline+1"],"picked":"Blood for Blood+1","floor":22.0},{"not_picked":["Flex+1","Warcry","Intimidate"],"picked":"True Grit","floor":24.0},{"not_picked":["Clash+1","Havoc","Anger+1"],"picked":"Fire Breathing+1","floor":28.0},{"not_picked":["Spot Weakness","Armaments","Havoc"],"picked":"Reckless Charge+1","floor":30.0},{"not_picked":["Double Tap","Exhume","Feed+1"],"picked":"Demon Form+1","floor":33.0},{"not_picked":["Armaments","Iron Wave+1","Disarm"],"picked":"Ghostly Armor+1","floor":35.0},{"not_picked":["Madness","Bandage Up","Secret Technique"],"picked":"Mayhem+1","floor":36.0},{"not_picked":["Ghostly Armor","Seeing Red","Pommel Strike+1"],"picked":"Entrench+1","floor":38.0},{"not_picked":["Demon Form+1","Ghostly Armor","Perfected Strike+1"],"picked":"Impervious","floor":40.0},{"not_picked":["Wild Strike+1","Bloodletting","Thunderclap+1","Headbutt+1"],"picked":"SKIP","floor":44.0},{"not_picked":["Twin Strike+1","Immolate+1","Anger+1","Wild Strike+1"],"picked":"SKIP","floor":47.0}],"player_experience":454397,"relics_obtained":[{"floor":9.0,"key":"Question Card"},{"floor":10.0,"key":"Molten Egg 2"},{"floor":26.0,"key":"Strawberry"},{"floor":28.0,"key":"Frozen Egg 2"},{"floor":38.0,"key":"TungstenRod"},{"floor":40.0,"key":"Turnip"},{"floor":43.0,"key":"Mercury Hourglass"}],"event_choices":[{"damage_healed":0.0,"max_hp_gain":0.0,"max_hp_loss":0.0,"gold_gain":0.0,"event_name":"Shining Light","player_choice":"Entered Light","floor":2.0,"gold_loss":0.0,"damage_taken":23.0,"cards_upgraded":["Cleave","Defend_R"]},{"cards_removed":["Defend_R"],"damage_healed":0.0,"max_hp_gain":0.0,"max_hp_loss":0.0,"gold_gain":0.0,"event_name":"Golden Wing","player_choice":"Card Removal","floor":4.0,"gold_loss":0.0,"damage_taken":7.0},{"damage_healed":0.0,"max_hp_gain":5.0,"max_hp_loss":0.0,"gold_gain":0.0,"event_name":"Big Fish","player_choice":"Donut","floor":14.0,"gold_loss":0.0,"damage_taken":0.0},{"damage_healed":0.0,"max_hp_gain":0.0,"max_hp_loss":0.0,"gold_gain":0.0,"cards_transformed":["Strike_R","Strike_R"],"event_name":"Drug Dealer","player_choice":"Became Test Subject","floor":19.0,"gold_loss":0.0,"damage_taken":0.0,"cards_obtained":["Shockwave","Perfected Strike"]},{"damage_healed":0.0,"max_hp_gain":0.0,"max_hp_loss":24.0,"gold_gain":0.0,"event_name":"Vampires","player_choice":"Became a vampire","floor":20.0,"gold_loss":0.0,"damage_taken":0.0,"cards_obtained":["Bite","Bite","Bite","Bite","Bite"]},{"damage_healed":0.0,"max_hp_gain":0.0,"max_hp_loss":0.0,"gold_gain":0.0,"event_name":"SensoryStone","player_choice":"Memory 1","floor":36.0,"gold_loss":0.0,"damage_taken":0.0},{"cards_removed":["Defend_R"],"damage_healed":0.0,"max_hp_gain":0.0,"max_hp_loss":0.0,"gold_gain":0.0,"event_name":"Falling","player_choice":"Removed Skill","floor":37.0,"gold_loss":0.0,"damage_taken":0.0},{"damage_healed":0.0,"max_hp_gain":0.0,"max_hp_loss":0.0,"gold_gain":0.0,"event_name":"MindBloom","player_choice":"Fight","floor":38.0,"gold_loss":0.0,"damage_taken":0.0},{"damage_healed":0.0,"max_hp_gain":0.0,"max_hp_loss":0.0,"gold_gain":0.0,"event_name":"Tomb of Lord Red Mask","player_choice":"Ignored","floor":39.0,"gold_loss":0.0,"damage_taken":0.0},{"damage_healed":0.0,"max_hp_gain":0.0,"max_hp_loss":0.0,"gold_gain":0.0,"event_name":"Winding Halls","player_choice":"Embrace Madness","floor":45.0,"gold_loss":0.0,"damage_taken":12.0,"cards_obtained":["Madness","Madness"]},{"cards_removed":["Perfected Strike"],"damage_healed":0.0,"max_hp_gain":0.0,"max_hp_loss":0.0,"gold_gain":0.0,"event_name":"Wheel of Change","player_choice":"Card Removal","floor":48.0,"gold_loss":0.0,"damage_taken":0.0}],"is_beta":false,"boss_relics":[{"not_picked":["Astrolabe","Ectoplasm"],"picked":"Philosopher\u0027s Stone"},{"not_picked":["SacredBark","Tiny House"],"picked":"SlaversCollar"}],"items_purged_floors":[41],"is_endless":false,"potions_floor_spawned":[3,12,16,22,28,30,35,40,44,47],"killed_by":"Donu and Deca","ascension_level":15}}