{"host":"02w9hl92h62kgkzk","time":1608166650,"event":{"mods":["2.2 Compatiblity","AchievementEnabler","Act Like it!","AlwaysNeverKeys","Aspiration","BaseMod","Better Altar","Better Match","Better Note","Better Sensory Stone","Better Skull","Better Third Choice","Better Vampires","BetterRewards","Block Reminder","CCEM","ChefMod","Chen","Colored Map","Colored Powertips","Conspire","Downfall","Ekko","Emptier Cage","Energized Spire","Fireblade Mod","Friendly Minions","FruityMod","GifTheSpireLib","Halation","Hallownest","Hermit","Hubris","Magitek Elite","Marisa????????","Marked Mod","Mimic Mod","Minty Spire (QoL Compilation)","Permanent Neow","QueenMod","Quick Restart","Rare Cards Sparkle","Retaliation","Reworked Bosses","Robot Space Explorer","Shade Mod","Shop Mod","Spicy Shops","Spikes Relics","StSLib","Stuff the Spire","The Edgeheg","The Gatherer","The Hayseed","The Hierophant","The Judge","The Jungle","The Necromancer","The Wild Card","TheSwordswoman","TheVacant","Trackpad","Transform Curses","Unceasing Turn Reminder","Wandering Minibosses","vexMod"],"gold_per_floor":[110,123,123,23,57,125,125,151,151,6,6,51,51,88,88,227,177,216,216,97,164,227,227,297,297,372,372,15,15,15,15,15,47,47],"floor_reached":33,"playtime":2391,"items_purged":["Strike_W","Blood_Magic"],"score":303,"play_id":"b22c8328-31ee-4b64-9ba8-1b7404f21656","local_time":"20201216185730","daily_mods":["Draft","Heirloom"],"is_ascension_mode":false,"campfire_choices":[{"data":"conspire:SpireCoStock","floor":11,"key":"SMITH"},{"data":"Negative_Energy_Javelin","floor":15,"key":"SMITH"},{"data":"Exploit","floor":23,"key":"SMITH"},{"floor":25,"key":"REST"},{"data":"expansioncontent:Corrupt","floor":32,"key":"SMITH"}],"circlet_count":0,"master_deck":["Exploit+1","Bone_Prison","Finger_Of_Death","Negative_Energy_Mist","Negative_Energy_Javelin","Scare","Negative_Energy_Shield","Death_Knell","Negative_Energy_Javelin","Negative_Energy_Javelin+1","Vampiric_Strike","Negative_Energy_Sphere","Toxic_Smoke_Screen","Toxic_Smoke_Screen","conspire:SpireCoStock+1","conspire:SpireCoStock+1","Death_March_Dance+1","Blood_Magic","Negative_Energy_Javelin+1","Negative_Energy_Sphere+1","StuffTheSpire:Ambrosia","expansioncontent:Corrupt+1","expansioncontent:LastStand"],"relics":["Vampire_Amulet","Torii","White Beast Statue","hubris:Towel","energizedSpire:HugeHouse","MerchantsRug","sneckomod:SneckoSoul","Gremlin Horn","LugNut","hubris:HerbalPaste","StuffTheSpire:Gunfinga"],"acts_visited":["Exordium","TheCity"],"potions_floor_usage":[16,16,16,16,24,26],"damage_taken":[{"damage":6,"enemies":"Small Slimes","floor":1,"turns":3},{"damage":0,"enemies":"2 Louse","floor":2,"turns":2},{"damage":1,"enemies":"Jaw Worm","floor":5,"turns":4},{"damage":36,"enemies":"Lagavulin","floor":6,"turns":7},{"damage":1,"enemies":"Gremlin Nob","floor":8,"turns":3},{"damage":0,"enemies":"Blue Slaver","floor":12,"turns":3},{"damage":9,"enemies":"Looter","floor":14,"turns":3},{"damage":58,"enemies":"Slime Boss","floor":16,"turns":17},{"damage":9,"enemies":"conspire:FuzzyDice","floor":18,"turns":5},{"damage":7,"enemies":"Shell Parasite","floor":21,"turns":5},{"damage":16,"enemies":"conspire:HollyBat","floor":22,"turns":12},{"damage":89,"enemies":"Snecko","floor":24,"turns":8},{"damage":0,"enemies":"3 Cultists","floor":26,"turns":6},{"damage":40,"enemies":"bossMod:newChamp","floor":33,"turns":7}],"seed_played":"3408084902406542574","potions_obtained":[{"floor":1,"key":"Explosive Potion"},{"floor":6,"key":"Regen Potion"},{"floor":12,"key":"EntropicBrew"},{"floor":16,"key":"SpeedPotion"},{"floor":18,"key":"Slimebound:ThreeZeroPotion"},{"floor":21,"key":"sneckomod:MuddlingPotion"},{"floor":22,"key":"Energy Potion"},{"floor":24,"key":"PowerPotion"}],"is_trial":true,"path_per_floor":["M","M","?","?","M","E","$","E","T","$","R","M","?","M","R","B",null,"M","?","$","M","M","R","M","R","MIM","?","$","?","?","$","R","B"],"character_chosen":"NECROMANCER","items_purchased":["vexMod:PaidLearning","MerchantsRug","LugNut","hubris:HerbalPaste","StuffTheSpire:Gunfinga"],"campfire_rested":1,"item_purchase_floors":[10,20,28,28,28],"current_hp_per_floor":[71,75,76,76,76,44,44,48,48,48,48,53,53,48,48,22,71,66,66,66,62,51,51,3,24,27,12,12,12,19,19,19,0,0],"gold":47,"neow_bonus":"","is_daily":false,"chose_seed":false,"campfire_upgraded":4,"win_rate":0.0,"timestamp":1608166650,"path_taken":["M","M","?","?","?","E","$","E","T","$","R","M","?","M","R","BOSS","M","?","?","M","M","R","?","R","MIM","?","$","?","?","?","R","BOSS"],"items_purchased_type":["Relic","Relic","Relic","Relic","Relic"],"build_version":"2020-12-13","purchased_purges":2,"victory":false,"max_hp_per_floor":[75,75,76,76,76,76,76,76,76,76,76,76,76,76,76,76,71,71,71,71,71,71,71,71,71,71,71,71,71,71,71,71,72,72],"card_choices":[{"not_picked":["Bone_Shift","Chill_Blood"],"picked":"Exploit","floor":0},{"not_picked":["Negative_Energy_Mist","Toxic_Smoke_Screen"],"picked":"Bone_Prison","floor":0},{"not_picked":["Scare","Stop_Heart"],"picked":"Finger_Of_Death","floor":0},{"not_picked":["Blood_Whip","Shackles_Of_Pain"],"picked":"Negative_Energy_Mist","floor":0},{"not_picked":["Plague_Bolt","Negative_Energy_Mist"],"picked":"Negative_Energy_Javelin","floor":0},{"not_picked":["Epidemic","Blood_Whip"],"picked":"Scare","floor":0},{"not_picked":["Blood_Whip","Bone_Shift"],"picked":"Negative_Energy_Shield","floor":0},{"not_picked":["Pandemic","Negative_Energy_Mist"],"picked":"Vampiric_Strike","floor":0},{"not_picked":["Toxic_Smoke_Screen","Bone_Spikes"],"picked":"Death_Knell","floor":0},{"not_picked":["Blood_Curse","Uncharnel"],"picked":"Negative_Energy_Javelin","floor":0},{"not_picked":["Blood_Whip","Death_Coil"],"picked":"Negative_Energy_Javelin","floor":0},{"not_picked":["Blood_Whip","Violent_Necrosis"],"picked":"Vampiric_Strike","floor":0},{"not_picked":["Stop_Heart","Negative_Energy_Shield"],"picked":"Negative_Energy_Sphere","floor":0},{"not_picked":["Blood_for_Blood","Bone_Bullets"],"picked":"Toxic_Smoke_Screen","floor":0},{"not_picked":["Blood_Curse","Blood_Shield"],"picked":"Toxic_Smoke_Screen","floor":0},{"not_picked":["Bones_to_Steel","Negative_Energy_Sphere","Blood_Whip"],"picked":"SKIP","floor":1},{"not_picked":["Death_Coil","Corrupt","Negative_Energy_Javelin"],"picked":"SKIP","floor":2},{"not_picked":["Negative_Energy_Sphere","Vampiric_Strike","Chill_Blood"],"picked":"SKIP","floor":5},{"not_picked":["Bone_Shift","Epidemic"],"picked":"Death_March_Dance","floor":6},{"not_picked":["Skeleton_Dragon","Blood_Curse","Death_Coil"],"picked":"SKIP","floor":8},{"not_picked":["Thousand_Bone_Knives","Bone_Shift","Siphon_Strength"],"picked":"SKIP","floor":12},{"not_picked":["Negative_Energy_Sphere","Bone_Armor","Finger_Of_Death"],"picked":"SKIP","floor":14},{"not_picked":["Reap_The_Weak","Blood_Wake"],"picked":"Blood_Magic","floor":16},{"not_picked":["Chill_Blood","Death_March_Dance","Death_Coil+1"],"picked":"SKIP","floor":18},{"not_picked":["Death_Coil","Toxic_Smoke_Screen","Scare"],"picked":"SKIP","floor":21},{"not_picked":["Vampiric_Strike","Bone_Spikes+1","Summon_Undead"],"picked":"SKIP","floor":22},{"not_picked":["Slay_Living+1","Negative_Energy_Sphere"],"picked":"Negative_Energy_Javelin+1","floor":24},{"not_picked":["Finger_Of_Death","Shackles_Of_Pain"],"picked":"Negative_Energy_Sphere+1","floor":26},{"not_picked":["expansioncontent:TimeRipple","Thinking Ahead"],"picked":"expansioncontent:Corrupt","floor":29},{"not_picked":["Jack Of All Trades","expansioncontent:Corrupt"],"picked":"expansioncontent:LastStand","floor":29}],"player_experience":690881,"relics_obtained":[{"floor":6,"key":"hubris:AstralHammer"},{"floor":8,"key":"Lizard Tail"},{"floor":9,"key":"White Beast Statue"},{"floor":26,"key":"aspiration:SeaSaltIceCream"},{"floor":26,"key":"Gremlin Horn"}],"event_choices":[{"damage_healed":0,"gold_gain":0,"player_choice":"Invest 2","damage_taken":0,"max_hp_gain":0,"max_hp_loss":0,"event_name":"conspire:Investor","floor":4,"gold_loss":0},{"cards_removed":["Blood_Magic"],"damage_healed":0,"gold_gain":0,"player_choice":"Give","damage_taken":0,"max_hp_gain":0,"max_hp_loss":0,"event_name":"betterNote:BetterNote","floor":19,"gold_loss":0,"cards_obtained":["None"]},{"damage_healed":0,"gold_gain":2,"player_choice":"1","damage_taken":0,"max_hp_gain":0,"max_hp_loss":0,"event_name":"betterStone:BetterStone","floor":29,"gold_loss":0}],"is_beta":false,"boss_relics":[{"not_picked":["vexMod:ImprovementManual","CosmicIsotope"],"picked":"energizedSpire:HugeHouse"}],"items_purged_floors":[20,28],"is_endless":false,"potions_floor_spawned":[1,6,12,14,16,18,21,22,24],"killed_by":"bossMod:newChamp","ascension_level":0}}