{"host":"Kdaddybrian","time":1608168060,"event":{"mods":["AchievementEnabler","BaseMod","Bestiary","Minty Spire (QoL Compilation)","Potion Indicator Mod","Rare Cards Sparkle","Relic Stats","StSLib","Uncapped"],"gold_per_floor":[118,135,147,67,67,67,95,110,137,163,238,268,22,41,41,136,136,156,172,187,187,187,187,187,187,213,240,252,252,287,300,300,402,402,421,47,47,60,0,32,32,32,32,32,32,49,82,94,94,94,94],"floor_reached":50,"playtime":5643,"items_purged":["Decay"],"score":822,"play_id":"654f19a9-7c7f-4972-8946-bb25ac3ecd2e","local_time":"20201216202100","is_ascension_mode":true,"campfire_choices":[{"data":"Shockwave","floor":6,"key":"SMITH"},{"floor":15,"key":"REST"},{"floor":23,"key":"REST"},{"floor":25,"key":"REST"},{"floor":29,"key":"REST"},{"floor":32,"key":"REST"},{"data":"Entrench","floor":41,"key":"SMITH"},{"floor":45,"key":"REST"},{"floor":49,"key":"RECALL"}],"circlet_count":0,"master_deck":["AscendersBane","Strike_R+1","Strike_R+1","Strike_R+1","Defend_R+1","Defend_R+1","Defend_R+1","Defend_R+1","Bash","Pommel Strike","Whirlwind","Shockwave+1","Juggernaut","Clothesline","Pommel Strike","Disarm","Shrug It Off","Limit Break","True Grit","Armaments+1","RitualDagger","Flame Barrier","Flame Barrier+1","Metallicize","Impervious","Entrench+1","Inflame","True Grit","Discovery","Thinking Ahead","Finesse","Warcry+1","Armaments+1"],"relics":["Burning Blood","NeowsBlessing","Bronze Scales","Oddly Smooth Stone","PreservedInsect","War Paint","Centennial Puzzle","Mark of Pain","Strawberry","Juzu Bracelet","Bag of Marbles","Snecko Eye","Frozen Eye","Red Mask","Red Skull","Toy Ornithopter"],"acts_visited":["Exordium","TheCity","TheBeyond"],"potions_floor_usage":[7,10,18,27,30,33,47,50],"damage_taken":[{"damage":0.0,"enemies":"Cultist","floor":1.0,"turns":1.0},{"damage":0.0,"enemies":"Small Slimes","floor":2.0,"turns":1.0},{"damage":0.0,"enemies":"Jaw Worm","floor":3.0,"turns":1.0},{"damage":15,"enemies":"3 Sentries","floor":7,"turns":3},{"damage":8,"enemies":"Looter","floor":8,"turns":3},{"damage":26,"enemies":"Gremlin Nob","floor":10,"turns":4},{"damage":7,"enemies":"3 Louse","floor":14,"turns":2},{"damage":39,"enemies":"Hexaghost","floor":16,"turns":12},{"damage":26,"enemies":"Spheric Guardian","floor":18,"turns":5},{"damage":10,"enemies":"Shell Parasite","floor":19,"turns":5},{"damage":12,"enemies":"Centurion and Healer","floor":20,"turns":8},{"damage":50,"enemies":"Gremlin Leader","floor":27,"turns":8},{"damage":8,"enemies":"Snecko","floor":28,"turns":5},{"damage":3,"enemies":"Book of Stabbing","floor":30,"turns":5},{"damage":29,"enemies":"Snake Plant","floor":31,"turns":4},{"damage":108,"enemies":"Collector","floor":33,"turns":16},{"damage":4,"enemies":"3 Shapes","floor":35,"turns":9},{"damage":0,"enemies":"3 Darklings","floor":38,"turns":3},{"damage":21,"enemies":"Reptomancer","floor":40,"turns":7},{"damage":1,"enemies":"Maw","floor":46,"turns":8},{"damage":3,"enemies":"Nemesis","floor":47,"turns":5},{"damage":17,"enemies":"Jaw Worm Horde","floor":48,"turns":5},{"damage":86,"enemies":"Donu and Deca","floor":50,"turns":12}],"seed_played":"-992924881427548170","potions_obtained":[{"floor":2.0,"key":"SteroidPotion"},{"floor":3.0,"key":"AttackPotion"},{"floor":10,"key":"Swift Potion"},{"floor":16,"key":"SpeedPotion"},{"floor":19,"key":"Dexterity Potion"},{"floor":28,"key":"LiquidMemories"},{"floor":33,"key":"SneckoOil"},{"floor":47,"key":"Fruit Juice"}],"is_trial":false,"path_per_floor":["M","M","M","$","?","R","E","M","T","E","?","?","$","M","R","B",null,"M","M","M","?","?","R","?","R","T","E","M","R","E","M","R","B",null,"M","$","?","M","?","E","R","?","T","?","R","M","E","M","R","B"],"character_chosen":"IRONCLAD","items_purchased":["Juggernaut","Centennial Puzzle","FairyPotion","Frozen Eye","Inflame","SpeedPotion","True Grit"],"campfire_rested":6,"item_purchase_floors":[4,13,13,36,36,36,36],"current_hp_per_floor":[78,80,80,80,80,80,71,69,69,49,38,38,38,37,61,28,67,47,43,37,31,31,55,55,79,86,42,40,66,69,46,72,22,71,73,73,73,79,79,64,64,54,54,54,80,85,87,76,76,0,0],"gold":94,"neow_bonus":"THREE_ENEMY_KILL","is_daily":false,"chose_seed":false,"campfire_upgraded":2,"win_rate":0.0,"timestamp":1608168060,"path_taken":["M","M","M","?","?","R","E","M","T","E","?","?","$","M","R","BOSS","M","M","M","?","?","R","?","R","T","E","M","R","E","M","R","BOSS","M","$","?","M","?","E","R","?","T","?","R","M","E","M","R","BOSS"],"items_purchased_type":["Card","Relic","Potion","Relic","Card","Potion","Card"],"build_version":"2020-12-07","purchased_purges":1,"victory":false,"max_hp_per_floor":[80,80,80,80,80,80,80,80,80,80,80,80,80,80,80,80,80,80,80,80,80,80,80,80,80,87,87,87,87,87,87,87,87,87,87,87,87,87,87,87,87,87,87,87,87,87,87,87,87,92,92],"relic_stats":{"Centennial Puzzle":[48],"counters":[23,132],"Bronze Scales":[415],"Snecko Eye":[79,88,83,82],"PreservedInsect":203,"Juzu Bracelet":1,"War Paint":["Defend_R","Defend_R"],"obtain_stats":[{"NeowsBlessing":0,"Oddly Smooth Stone":9,"PreservedInsect":10,"Juzu Bracelet":27,"War Paint":12,"Burning Blood":0,"Frozen Eye":36,"Centennial Puzzle":13,"Bronze Scales":7,"Strawberry":26,"Snecko Eye":34,"Mark of Pain":17,"Bag of Marbles":30,"Red Mask":39,"Red Skull":40,"Toy Ornithopter":47},{"NeowsBlessing":0,"Oddly Smooth Stone":5,"PreservedInsect":6,"Juzu Bracelet":12,"War Paint":6,"Burning Blood":0,"Frozen Eye":17,"Centennial Puzzle":6,"Bronze Scales":4,"Strawberry":11,"Snecko Eye":16,"Mark of Pain":8,"Bag of Marbles":14,"Red Mask":18,"Red Skull":19,"Toy Ornithopter":21},{"NeowsBlessing":0,"Oddly Smooth Stone":9,"PreservedInsect":13,"Juzu Bracelet":53,"War Paint":13,"Burning Blood":0,"Frozen Eye":92,"Centennial Puzzle":13,"Bronze Scales":6,"Strawberry":45,"Snecko Eye":83,"Mark of Pain":27,"Bag of Marbles":63,"Red Mask":95,"Red Skull":102,"Toy Ornithopter":115}],"Burning Blood":121,"Toy Ornithopter":5},"card_choices":[{"not_picked":["Armaments","Heavy Blade"],"picked":"Pommel Strike","floor":1.0},{"not_picked":["Blood for Blood","Entrench"],"picked":"Whirlwind","floor":2.0},{"not_picked":["Havoc","Sever Soul"],"picked":"Shockwave","floor":3.0},{"not_picked":["Havoc","Flex"],"picked":"Clothesline","floor":7},{"not_picked":["Flex","Body Slam"],"picked":"Pommel Strike","floor":8},{"not_picked":["True Grit","Pommel Strike"],"picked":"Disarm","floor":10},{"not_picked":["Anger","Armaments"],"picked":"Shrug It Off","floor":14},{"not_picked":["Fiend Fire","Double Tap"],"picked":"Limit Break","floor":16},{"not_picked":["Havoc","Perfected Strike"],"picked":"True Grit","floor":18},{"not_picked":["Clothesline","Sentinel"],"picked":"Armaments+1","floor":19},{"not_picked":["Heavy Blade","Anger","Warcry"],"picked":"SKIP","floor":20},{"not_picked":["Twin Strike+1","Bludgeon","Clothesline"],"picked":"SKIP","floor":27},{"not_picked":["Shrug It Off","Clash"],"picked":"Flame Barrier","floor":28},{"not_picked":["Dark Embrace","Twin Strike+1"],"picked":"Flame Barrier+1","floor":30},{"not_picked":["Intimidate","Searing Blow"],"picked":"Metallicize","floor":31},{"not_picked":["Feed","Offering"],"picked":"Impervious","floor":33},{"not_picked":["Clash+1","Havoc"],"picked":"Entrench","floor":35},{"not_picked":["Dropkick","Thunderclap+1","Reckless Charge"],"picked":"SKIP","floor":38},{"not_picked":["Anger","Clash","Wild Strike"],"picked":"SKIP","floor":40},{"not_picked":["Forethought","Dramatic Entrance"],"picked":"Discovery","floor":42},{"not_picked":["Blind","Dramatic Entrance"],"picked":"Thinking Ahead","floor":42},{"not_picked":["Forethought","Swift Strike"],"picked":"Finesse","floor":42},{"not_picked":["Perfected Strike+1","Clothesline+1"],"picked":"Warcry+1","floor":46},{"not_picked":["Wild Strike","Cleave"],"picked":"Armaments+1","floor":47},{"not_picked":["Rage+1","Havoc","Intimidate"],"picked":"SKIP","floor":48}],"player_experience":2861481,"relics_obtained":[{"floor":7,"key":"Bronze Scales"},{"floor":9,"key":"Oddly Smooth Stone"},{"floor":10,"key":"PreservedInsect"},{"floor":26,"key":"Strawberry"},{"floor":27,"key":"Juzu Bracelet"},{"floor":30,"key":"Bag of Marbles"},{"floor":40,"key":"Red Skull"},{"floor":47,"key":"Toy Ornithopter"}],"event_choices":[{"damage_healed":0.0,"max_hp_gain":0.0,"max_hp_loss":0.0,"gold_gain":0.0,"event_name":"The Cleric","player_choice":"Leave","floor":5.0,"gold_loss":0.0,"damage_taken":0.0},{"damage_healed":0,"gold_gain":75,"player_choice":"Gather Gold","damage_taken":11,"max_hp_gain":0,"max_hp_loss":0,"event_name":"World of Goop","floor":11,"gold_loss":0},{"damage_healed":0,"gold_gain":30,"player_choice":"Searched \u00273\u0027 times","damage_taken":0,"relics_obtained":["War Paint"],"max_hp_gain":0,"max_hp_loss":0,"event_name":"Dead Adventurer","floor":12,"gold_loss":0},{"damage_healed":0,"gold_gain":0,"player_choice":"Joined the Cult","damage_taken":6,"max_hp_gain":0,"max_hp_loss":0,"event_name":"Nest","floor":21,"gold_loss":0,"cards_obtained":["RitualDagger"]},{"damage_healed":0,"gold_gain":0,"player_choice":"Smashed Altar","damage_taken":0,"max_hp_gain":0,"max_hp_loss":0,"event_name":"Forgotten Altar","floor":22,"gold_loss":0,"cards_obtained":["Decay"]},{"damage_healed":0,"gold_gain":0,"player_choice":"Simplicity","damage_taken":0,"max_hp_gain":0,"max_hp_loss":0,"event_name":"Back to Basics","floor":24,"gold_loss":0,"cards_upgraded":["Strike_R","Strike_R","Strike_R","Strike_R","Strike_R","Defend_R","Defend_R"]},{"cards_removed":["Strike_R"],"damage_healed":0,"gold_gain":0,"player_choice":"Purged","damage_taken":0,"max_hp_gain":0,"max_hp_loss":0,"event_name":"Purifier","floor":37,"gold_loss":0},{"damage_healed":0,"gold_gain":0,"player_choice":"Paid","damage_taken":0,"relics_obtained":["Red Mask"],"max_hp_gain":0,"max_hp_loss":0,"event_name":"Tomb of Lord Red Mask","floor":39,"gold_loss":60},{"damage_healed":0,"gold_gain":0,"player_choice":"Memory 3","damage_taken":10,"max_hp_gain":0,"max_hp_loss":0,"event_name":"SensoryStone","floor":42,"gold_loss":0},{"cards_removed":["Strike_R"],"damage_healed":0,"gold_gain":0,"player_choice":"Removed Attack","damage_taken":0,"max_hp_gain":0,"max_hp_loss":0,"event_name":"Falling","floor":44,"gold_loss":0}],"is_beta":true,"boss_relics":[{"not_picked":["Tiny House","Astrolabe"],"picked":"Mark of Pain"},{"not_picked":["Coffee Dripper","Pandora\u0027s Box"],"picked":"Snecko Eye"}],"items_purged_floors":[36],"is_endless":false,"potions_floor_spawned":[2,3,10,16,19,28,33,47],"killed_by":"Donu and Deca","ascension_level":10}}