{"host":"oc5h2hqz0xgb0igf","time":1608190102,"event":{"mods":["AchievementEnabler","BaseMod","Card Forge","Colored Map","Colored Powertips","Minty Spire (QoL Compilation)","Rare Cards Sparkle","StSLib"],"gold_per_floor":[115,131,151,161,178,178,210,210,210,241,258,258,292,309,309,409,409,422,269,282,282,282,311,356,407,407,467,504,545,545,593,593,728,728,774,823,420,420,420,476,476,331,354,395,441,506,525,573,573,573,573,573,307,337,337],"floor_reached":56,"playtime":3729,"items_purged":[],"score":1981,"play_id":"bda24233-fe9c-427a-90c8-badabb72f806","local_time":"20201216232822","is_ascension_mode":true,"campfire_choices":[{"data":"FearNoEvil","floor":6,"key":"SMITH"},{"floor":12,"key":"RECALL"},{"floor":15,"key":"REST"},{"data":"Wish","floor":30,"key":"SMITH"},{"floor":32,"key":"REST"},{"floor":41,"key":"REST"},{"floor":49,"key":"REST"},{"floor":52,"key":"REST"}],"circlet_count":0,"master_deck":["Adaptation+1","MentalFortress+1","MentalFortress+1","FearNoEvil+1","Adaptation+1","MentalFortress+1","Tantrum+1","Scrawl+1","Tantrum+1","FlurryOfBlows+1","InnerPeace+1","InnerPeace+1","TalkToTheHand+1","Wish+1"],"relics":["Hammer of Thor","Seething Fire","Anvil of the Gods","VioletLotus","Orichalcum","Mango","Shuriken","FossilizedHelix","Black Star","Omamori","MutagenicStrength","Ancient Tea Set","Art of War","Toy Ornithopter","Pantograph","Toxic Egg 2","Nunchaku","CaptainsWheel","Fusion Hammer","OrangePellets","Mummified Hand","Happy Flower","Blood Vial","Medical Kit","HornCleat","War Paint","Membership Card","InkBottle","Bird Faced Urn","Anchor"],"acts_visited":["Exordium","TheCity","TheBeyond","TheEnding"],"potions_floor_usage":[3,16,23,23,23,36,55,55],"damage_taken":[{"damage":0,"enemies":"Cultist","floor":1,"turns":2},{"damage":0,"enemies":"Small Slimes","floor":2,"turns":3},{"damage":3,"enemies":"Jaw Worm","floor":3,"turns":2},{"damage":13,"enemies":"Blue Slaver","floor":4,"turns":3},{"damage":0,"enemies":"Exordium Thugs","floor":5,"turns":1},{"damage":0,"enemies":"3 Sentries","floor":7,"turns":1},{"damage":0,"enemies":"Lagavulin","floor":10,"turns":3},{"damage":0,"enemies":"Exordium Wildlife","floor":11,"turns":1},{"damage":0,"enemies":"3 Sentries","floor":13,"turns":2},{"damage":0,"enemies":"Red Slaver","floor":14,"turns":2},{"damage":0,"enemies":"Slime Boss","floor":16,"turns":1},{"damage":0,"enemies":"3 Byrds","floor":18,"turns":3},{"damage":0,"enemies":"Spheric Guardian","floor":20,"turns":2},{"damage":0,"enemies":"Slavers","floor":23,"turns":2},{"damage":0,"enemies":"Snecko","floor":24,"turns":4},{"damage":0,"enemies":"Book of Stabbing","floor":25,"turns":1},{"damage":0,"enemies":"Slavers","floor":27,"turns":1},{"damage":16,"enemies":"Snake Plant","floor":28,"turns":2},{"damage":6,"enemies":"Chosen and Byrds","floor":29,"turns":2},{"damage":0,"enemies":"Centurion and Healer","floor":31,"turns":1},{"damage":0,"enemies":"Collector","floor":33,"turns":2},{"damage":0,"enemies":"Orb Walker","floor":35,"turns":2},{"damage":0,"enemies":"3 Shapes","floor":36,"turns":2},{"damage":0,"enemies":"Nemesis","floor":40,"turns":1},{"damage":0,"enemies":"Transient","floor":44,"turns":1},{"damage":0,"enemies":"Spire Growth","floor":45,"turns":2},{"damage":0,"enemies":"Giant Head","floor":46,"turns":2},{"damage":0,"enemies":"4 Shapes","floor":47,"turns":2},{"damage":0,"enemies":"Maw","floor":48,"turns":4},{"damage":0,"enemies":"Time Eater","floor":50,"turns":2},{"damage":0,"enemies":"Shield and Spear","floor":54,"turns":1},{"damage":0,"enemies":"The Heart","floor":55,"turns":4}],"seed_played":"-4927880724390739176","potions_obtained":[{"floor":1,"key":"Weak Potion"},{"floor":2,"key":"Fire Potion"},{"floor":5,"key":"Fire Potion"},{"floor":7,"key":"EntropicBrew"},{"floor":16,"key":"Fruit Juice"},{"floor":23,"key":"Ancient Potion"},{"floor":25,"key":"FearPotion"},{"floor":28,"key":"BlessingOfTheForge"},{"floor":35,"key":"Swift Potion"},{"floor":36,"key":"SmokeBomb"}],"is_trial":false,"path_per_floor":["M","M","M","M","M","R","E","?","T","E","M","R","E","M","R","B",null,"M","$","M","?","$","E","M","E","T","E","M","M","R","M","R","B",null,"M","M","$","?","?","E","R","$","T","M","M","E","M","M","R","B",null,"R","$","E","B",null],"character_chosen":"WATCHER","items_purchased":["Omamori","OrangePellets","Mummified Hand","Medical Kit","Membership Card","InkBottle"],"campfire_rested":5,"item_purchase_floors":[19,37,37,42,53,53],"current_hp_per_floor":[72,72,69,56,56,56,56,42,56,56,56,56,56,56,81,81,86,86,86,86,86,86,91,91,91,91,91,75,69,69,69,91,91,91,91,91,91,91,91,91,91,91,91,91,91,91,91,91,91,91,91,91,91,91,91],"gold":337,"neow_bonus":"BOSS_RELIC","is_daily":false,"chose_seed":false,"campfire_upgraded":2,"win_rate":0.0,"timestamp":1608190102,"path_taken":["M","M","M","M","M","R","E","?","T","E","M","R","E","M","R","BOSS","M","$","M","?","$","E","M","E","T","E","M","M","R","M","R","BOSS","M","M","$","?","?","E","R","$","T","?","M","E","M","M","R","BOSS","R","$","E","BOSS"],"items_purchased_type":["Relic","Relic","Relic","Relic","Relic","Relic"],"build_version":"2020-12-13","purchased_purges":0,"victory":true,"max_hp_per_floor":[72,72,72,72,72,72,72,72,86,86,86,86,86,86,86,86,86,86,86,86,86,86,91,91,91,91,91,91,91,91,91,91,91,91,91,91,91,91,91,91,91,91,91,91,91,91,91,91,91,91,91,91,91,91,91],"card_choices":[{"not_picked":["MentalFortress","EmptyFist","WindmillStrike"],"picked":"SKIP","floor":1},{"not_picked":["WindmillStrike","CrushJoints","Consecrate"],"picked":"SKIP","floor":2},{"not_picked":["Prostrate","CrushJoints","SandsOfTime"],"picked":"SKIP","floor":3},{"not_picked":["Halt","SignatureMove"],"picked":"TalkToTheHand","floor":4},{"not_picked":["WaveOfTheHand","FearNoEvil","EmptyFist"],"picked":"SKIP","floor":5},{"not_picked":["Nirvana","Omniscience","ClearTheMind"],"picked":"SKIP","floor":7},{"not_picked":["FlurryOfBlows","Weave","ThirdEye"],"picked":"SKIP","floor":10},{"not_picked":["CrushJoints","DeceiveReality","Perseverance"],"picked":"SKIP","floor":11},{"not_picked":["Prostrate","MentalFortress","Consecrate"],"picked":"SKIP","floor":13},{"not_picked":["Adaptation","Pray","CrushJoints"],"picked":"SKIP","floor":14},{"not_picked":["Scrawl","Ragnarok"],"picked":"Wish","floor":16},{"not_picked":["WreathOfFlame","Prostrate","Halt+1"],"picked":"SKIP","floor":18},{"not_picked":["MentalFortress+1","FlyingSleeves+1","ForeignInfluence"],"picked":"SKIP","floor":20},{"not_picked":["Scrawl","Judgement","TalkToTheHand+1"],"picked":"SKIP","floor":23},{"not_picked":["BowlingBash","Study","EmptyBody+1"],"picked":"SKIP","floor":24},{"not_picked":["InnerPeace","ClearTheMind","SandsOfTime"],"picked":"SKIP","floor":25},{"not_picked":["CrushJoints","FlurryOfBlows+1","Ragnarok"],"picked":"SKIP","floor":27},{"not_picked":["Crescendo+1","FlyingSleeves","SashWhip"],"picked":"SKIP","floor":28},{"not_picked":["Prostrate+1","Adaptation+1","EmptyFist+1"],"picked":"SKIP","floor":29},{"not_picked":["EmptyBody+1","PathToVictory+1","SignatureMove"],"picked":"SKIP","floor":31},{"not_picked":["BowlingBash","Halt+1","Fasting2+1"],"picked":"SKIP","floor":35},{"not_picked":["SashWhip","FlyingSleeves+1","LikeWater+1"],"picked":"SKIP","floor":36},{"not_picked":["CutThroughFate","SashWhip","Conclude"],"picked":"SKIP","floor":40},{"not_picked":["FearNoEvil","JustLucky","Crescendo+1"],"picked":"SKIP","floor":44},{"not_picked":["Swivel+1","EmptyBody+1","FollowUp+1"],"picked":"SKIP","floor":45},{"not_picked":["Halt+1","Judgement+1","SashWhip"],"picked":"SKIP","floor":46},{"not_picked":["Vengeance+1","CutThroughFate","DeceiveReality+1"],"picked":"SKIP","floor":47},{"not_picked":["ReachHeaven+1","Weave+1","CrushJoints+1"],"picked":"SKIP","floor":48},{"not_picked":["SashWhip+1","ClearTheMind+1","FlyingSleeves+1"],"picked":"SKIP","floor":54}],"player_experience":113813,"relics_obtained":[{"floor":7,"key":"Orichalcum"},{"floor":9,"key":"Mango"},{"floor":10,"key":"Shuriken"},{"floor":13,"key":"FossilizedHelix"},{"floor":23,"key":"Ancient Tea Set"},{"floor":23,"key":"Art of War"},{"floor":25,"key":"Toy Ornithopter"},{"floor":25,"key":"Pantograph"},{"floor":26,"key":"Toxic Egg 2"},{"floor":27,"key":"Nunchaku"},{"floor":27,"key":"CaptainsWheel"},{"floor":40,"key":"Happy Flower"},{"floor":40,"key":"Blood Vial"},{"floor":46,"key":"HornCleat"},{"floor":46,"key":"War Paint"},{"floor":54,"key":"Bird Faced Urn"},{"floor":54,"key":"Anchor"}],"event_choices":[{"damage_healed":0,"gold_gain":0,"player_choice":"Entered Light","damage_taken":14,"max_hp_gain":0,"max_hp_loss":0,"event_name":"Shining Light","floor":8,"gold_loss":0,"cards_upgraded":["FearNoEvil","FlurryOfBlows"]},{"damage_healed":0,"gold_gain":0,"player_choice":"Inject Mutagens","damage_taken":0,"relics_obtained":["MutagenicStrength"],"max_hp_gain":0,"max_hp_loss":0,"event_name":"Drug Dealer","floor":21,"gold_loss":0},{"cards_removed":["FearNoEvil"],"damage_healed":0,"gold_gain":0,"player_choice":"Removed Attack","damage_taken":0,"max_hp_gain":0,"max_hp_loss":0,"event_name":"Falling","floor":38,"gold_loss":0},{"damage_healed":0,"gold_gain":0,"player_choice":"Memory 1","damage_taken":0,"max_hp_gain":0,"max_hp_loss":0,"event_name":"SensoryStone","floor":39,"gold_loss":0}],"is_beta":false,"boss_relics":[{"not_picked":["Ectoplasm","Calling Bell"],"picked":"Black Star"},{"not_picked":["Pandora\u0027s Box","Cursed Key"],"picked":"Fusion Hammer"}],"items_purged_floors":[],"is_endless":false,"potions_floor_spawned":[1,2,5,7,11,16,18,23,25,28,33,35,36,46,54],"ascension_level":3}}