{"host":"ika5blmljv34vrx1","time":1608231084,"event":{"mods":["AchievementEnabler","Act Like it!","Aspiration","BaseMod","CapriCore","Challenge The Spire","Conspire","Gensokyo","Gold Saver","Grow up Mod","KinomotoSakuraMod(木之本樱)","Koishi","Marisa（F雨　魔理沙）","Minty Spire (QoL Compilation)","Pale of the Ancients","Quick Restart","Reimu（博丽灵梦）","Remilia（蕾米莉亚）","Remove Card Discount Mod","Replay The Spire","StSLib","The Immortal","【东方二次创作】八云紫mod"],"gold_per_floor":[111,107,133,145,5,5,14,49,49,81,90,124,124,139,139,222,222,232,232,232,245,245,274,274,274,300,331,341,159,190,190,190,272,372,383,428,482,492,492,492,492,519,546,580,580,580,580,105,105,105,105,117,184,223,301,301,533,533,184,184,366],"floor_reached":62,"playtime":3893,"items_purged":["ReplayTheSpireMod:The Works","Backstab","Toxin Wave","Dagger Throw+1","Blur","Gensokyo:CrescentMoonSlash"],"score":3540,"play_id":"e21a420b-e45e-4630-8890-7647a3609df8","local_time":"20201218025124","daily_mods":["SealedDeck","Vintage","Heirloom","Time Dilation","Flight"],"is_ascension_mode":true,"campfire_choices":[{"floor":6,"key":"RECALL"},{"data":"Cloak And Dagger","floor":15,"key":"SMITH"},{"data":"ReplayTheSpireMod:Tripwire","floor":24,"key":"SMITH"},{"data":"Poison Darts","floor":25,"key":"SMITH"},{"data":"Expertise","floor":32,"key":"SMITH"},{"data":"A Thousand Cuts","floor":40,"key":"SMITH"},{"data":"Expertise+1","floor":41,"key":"SMITH"},{"data":"After Image","floor":45,"key":"SMITH"},{"data":"A Thousand Cuts+1","floor":46,"key":"SMITH"},{"data":"Cloak And Dagger+1","floor":56,"key":"SMITH"},{"data":"Escape Plan","floor":58,"key":"SMITH"}],"circlet_count":0,"master_deck":["AscendersBane","Expertise+2","Flying Knee+1","Cloak And Dagger+2","ReplayTheSpireMod:Tripwire+1","Escape Plan+1","Poison Darts+1","A Thousand Cuts+2","After Image+1","Envenom"],"relics":["Ring of the Snake","CaptainsWheel","Happy Flower","Pet Ghost","CeramicFish","conspire:InfiniteJournal","ReplayFunnel","aspiration:StickyExplosives","Blood Vial","Unceasing Top","Regal Pillow","Sozu","Whetstone","Gensokyo:ConquerorOfFear","PreservedInsect","Gensokyo:SongOfSouls","The Courier","Boot","Centennial Puzzle","ReplayTheSpireMod:Lightbulb","Replay:Rubber Ducky","Replay:Wanted Poster","Calipers","CatCart","TungstenRod","aspiration:HatOfInfinitePower","ReplayTheSpireMod:Ring of Exchange","aspiration:Lifesprig","Akabeko","aspiration:ArtOfWarUpgrade","HandDrill","ReplayTheSpireMod:Shallot","Bronze Scales","paleoftheancients:Timepiece","paleoftheancients:KeyRelic","Oddly Smooth Stone","Gremlin Horn","Replay:Bandana","CrazyTorch:ReiMu","Ice Cream","Replay:Accelerometer","paleoftheancients:SoulOfTheBandit","Mummified Hand","Replay:Wax Seal","Replay:Baseball","Anchor"],"acts_visited":["Exordium","Gensokyo:Gensokyo","TheBeyond","TheBeyond"],"potions_floor_usage":[8,10,16,16],"damage_taken":[{"damage":0,"enemies":"Gensokyo:Python","floor":1,"turns":2},{"damage":0,"enemies":"Gensokyo:2_Kodama","floor":4,"turns":3},{"damage":0,"enemies":"Gensokyo:Cirno","floor":8,"turns":4},{"damage":0,"enemies":"Gensokyo:Aya","floor":10,"turns":5},{"damage":0,"enemies":"Gensokyo:Mamizou","floor":12,"turns":8},{"damage":0,"enemies":"Gensokyo:Gryphon","floor":14,"turns":2},{"damage":21,"enemies":"Gensokyo:Kokoro","floor":16,"turns":10},{"damage":0,"enemies":"Gensokyo:2_Gloops","floor":18,"turns":2},{"damage":20,"enemies":"Gensokyo:3_Dogs","floor":21,"turns":3},{"damage":0,"enemies":"Gensokyo:Koishi","floor":23,"turns":4},{"damage":4,"enemies":"Gensokyo:Reisen","floor":27,"turns":2},{"damage":30,"enemies":"Gensokyo:Slime_Group","floor":28,"turns":4},{"damage":19,"enemies":"Gensokyo:Tenshi","floor":30,"turns":3},{"damage":58,"enemies":"Gensokyo:Kaguya","floor":33,"turns":10},{"damage":0,"enemies":"Orb Walker","floor":35,"turns":3},{"damage":0,"enemies":"Orin","floor":36,"turns":6},{"damage":47,"enemies":"2 Orb Walkers","floor":37,"turns":3},{"damage":0,"enemies":"Nemesis","floor":42,"turns":4},{"damage":0,"enemies":"R_Hoarder","floor":44,"turns":4},{"damage":0,"enemies":"Awakened One","floor":50,"turns":7},{"damage":34,"enemies":"Time Eater","floor":51,"turns":7},{"damage":0,"enemies":"Time Eater","floor":52,"turns":3},{"damage":0,"enemies":"Time Eater","floor":53,"turns":4},{"damage":0,"enemies":"conspire:MimicChest","floor":54,"turns":2},{"damage":0,"enemies":"conspire:MimicChest","floor":57,"turns":3},{"damage":0,"enemies":"paleoftheancients:N","floor":61,"turns":3}],"seed_played":"-2121826293319146707","potions_obtained":[{"floor":1,"key":"Strength Potion"},{"floor":4,"key":"FearPotion"},{"floor":8,"key":"Block Potion"},{"floor":12,"key":"SkillPotion"}],"is_trial":true,"path_per_floor":["M","$","T","M","?","R","?","E","T","E","?","E","?","M","R","B",null,"M","?","$","M","?","E","R","R","T","E","M","$","E","?","R","B",null,"M","?","?","?","?","R","R","E","T","E","R","R","R","$","R","B","B","M","M","?","T","R","M","R","$","?","B",null],"character_chosen":"THE_SILENT","items_purchased":["ReplayTheSpireMod:Lightbulb","HandDrill","ReplayTheSpireMod:Shallot","Bronze Scales","Replay:Wax Seal","Envenom","Replay:Baseball","Anchor"],"campfire_rested":0,"item_purchase_floors":[29,48,48,48,59,59,59,59],"current_hp_per_floor":[79,89,99,109,119,129,122,132,142,152,162,174,135,147,157,148,224,236,246,256,248,258,270,280,290,300,308,290,300,293,284,294,248,377,389,401,366,230,240,250,260,272,282,294,304,314,324,334,344,356,523,567,594,612,622,632,646,656,666,676,686],"gold":366,"neow_bonus":"","is_daily":false,"chose_seed":false,"campfire_upgraded":10,"win_rate":0.0,"timestamp":1608231084,"path_taken":["M","$","?","?","?","R","?","E","T","E","?","E","?","?","R","BOSS","M","?","?","?","?","E","R","R","T","E","?","?","E","?","R","BOSS","M","?","?","?","?","R","R","E","T","E","R","R","R","$","R","BOSS","BOSS","M","M","?","T","R","M","R","$","?","BOSS"],"items_purchased_type":["Relic","Relic","Relic","Relic","Relic","Card","Relic","Relic"],"build_version":"2020-12-13","purchased_purges":6,"victory":true,"max_hp_per_floor":[86,96,106,116,126,136,146,156,166,176,186,196,206,216,226,236,246,256,266,276,286,296,306,316,326,336,346,356,366,376,386,396,406,416,426,436,446,456,466,476,486,496,506,516,526,536,546,556,566,576,586,596,606,616,626,636,646,656,666,676,686],"card_choices":[{"not_picked":["ReplayTheSpireMod:Tripwire","Endless Agony"],"picked":"Toxin Wave","floor":8},{"not_picked":["Accuracy","ReplayTheSpireMod:Speed Training","Leg Sweep"],"picked":"SKIP","floor":10},{"not_picked":["Prepared","Deadly Poison","Quick Slash"],"picked":"SKIP","floor":12},{"not_picked":["Wraith Form v2","Adrenaline"],"picked":"Poison Darts","floor":16},{"not_picked":["Outmaneuver+1","Backflip","Dodge and Roll"],"picked":"SKIP","floor":23},{"not_picked":["ReplayTheSpireMod:Scrap Shanks","Poisoned Stab","Masterful Stab+1"],"picked":"SKIP","floor":27},{"not_picked":["Flying Knee","Blade Dance","Poisoned Stab"],"picked":"SKIP","floor":30},{"not_picked":["Grand Finale","Unload"],"picked":"A Thousand Cuts","floor":33},{"not_picked":["Masterful Stab","Backflip","Venomology"],"picked":"SKIP","floor":42},{"not_picked":["Outmaneuver","Skewer+1"],"picked":"After Image","floor":44}],"player_experience":2054451,"relics_obtained":[{"floor":1,"key":"Happy Flower"},{"floor":3,"key":"Pet Ghost"},{"floor":4,"key":"CeramicFish"},{"floor":8,"key":"ReplayFunnel"},{"floor":10,"key":"aspiration:StickyExplosives"},{"floor":12,"key":"Unceasing Top"},{"floor":14,"key":"Regal Pillow"},{"floor":18,"key":"Whetstone"},{"floor":21,"key":"Gensokyo:ConquerorOfFear"},{"floor":21,"key":"PreservedInsect"},{"floor":23,"key":"The Courier"},{"floor":26,"key":"Boot"},{"floor":28,"key":"Centennial Puzzle"},{"floor":30,"key":"Replay:Rubber Ducky"},{"floor":35,"key":"Calipers"},{"floor":36,"key":"CatCart"},{"floor":37,"key":"TungstenRod"},{"floor":38,"key":"aspiration:HatOfInfinitePower"},{"floor":39,"key":"ReplayTheSpireMod:Ring of Exchange"},{"floor":42,"key":"aspiration:Lifesprig"},{"floor":43,"key":"Akabeko"},{"floor":44,"key":"Art of War"},{"floor":52,"key":"Replay:Bandana"},{"floor":53,"key":"CrazyTorch:ReiMu"},{"floor":54,"key":"Ice Cream"},{"floor":55,"key":"Replay:Accelerometer"},{"floor":57,"key":"paleoftheancients:SoulOfTheBandit"},{"floor":57,"key":"Mummified Hand"}],"event_choices":[{"damage_healed":0,"gold_gain":0,"player_choice":"Leave","damage_taken":0,"max_hp_gain":0,"max_hp_loss":0,"event_name":"conspire:Investor","floor":31,"gold_loss":0},{"damage_healed":0,"gold_gain":0,"player_choice":"Fight","damage_taken":0,"max_hp_gain":0,"max_hp_loss":0,"event_name":"OrinTheCat","floor":36,"gold_loss":0},{"damage_healed":0,"gold_gain":0,"player_choice":"Fight","damage_taken":0,"max_hp_gain":0,"max_hp_loss":0,"event_name":"Mysterious Sphere","floor":37,"gold_loss":0}],"is_beta":false,"boss_relics":[{"not_picked":["aspiration:RunicSpoon","ReplayTheSpireMod:DimensionalGlitch"],"picked":"Sozu"},{"not_picked":["Runic Dome","Kintsugi"],"picked":"Replay:Wanted Poster"}],"items_purged_floors":[2,2,29,29,48,59],"is_endless":false,"potions_floor_spawned":[1,4,8,12,21,27,30,35,42,44,52,61],"ascension_level":20}}