{"host":"vumwfieg2b2mnrfl","time":1608177223,"event":{"mods":["AchievementEnabler","BaseMod","Minty Spire (QoL Compilation)","Rare Cards Sparkle","Relic Stats"],"gold_per_floor":[116,134,109,120,120,145,145,160,160,194,206,236,254,280,280,280,280],"floor_reached":16,"playtime":652,"items_purged":[],"score":172,"play_id":"53572b5e-515c-4852-85f9-c6720e94e447","local_time":"20201216215343","is_ascension_mode":true,"campfire_choices":[{"data":"Core Surge","floor":7.0,"key":"SMITH"},{"floor":15,"key":"REST"}],"circlet_count":0,"master_deck":["Strike_B","Strike_B","Strike_B","Defend_B","Defend_B","Defend_B","Zap","Dualcast","Decay","Auto Shields","Fission","Tempest","Beam Cell","Cold Snap","Reinforced Body","Core Surge+1","Capacitor","Conserve Battery","Loop","Leap","Multi-Cast"],"relics":["Cracked Core","StrikeDummy","Mummified Hand","Darkstone Periapt","Sundial","Torii"],"acts_visited":["Exordium"],"potions_floor_usage":[14,14],"damage_taken":[{"damage":1.0,"enemies":"2 Louse","floor":1.0,"turns":3.0},{"damage":0.0,"enemies":"Cultist","floor":2.0,"turns":3.0},{"damage":9.0,"enemies":"Jaw Worm","floor":4.0,"turns":3.0},{"damage":8.0,"enemies":"3 Sentries","floor":6.0,"turns":6.0},{"damage":13.0,"enemies":"2 Fungi Beasts","floor":8.0,"turns":3.0},{"damage":24.0,"enemies":"Gremlin Nob","floor":10.0,"turns":4.0},{"damage":3.0,"enemies":"Lots of Slimes","floor":11.0,"turns":3.0},{"damage":17.0,"enemies":"3 Sentries","floor":12.0,"turns":8.0},{"damage":3,"enemies":"Exordium Thugs","floor":13,"turns":4},{"damage":3,"enemies":"Lagavulin","floor":14,"turns":5},{"damage":28,"enemies":"Hexaghost","floor":16,"turns":14}],"seed_played":"-5899532604408909023","potions_obtained":[{"floor":1.0,"key":"AttackPotion"},{"floor":5.0,"key":"EntropicBrew"},{"floor":5.0,"key":"SpeedPotion"},{"floor":5.0,"key":"EntropicBrew"},{"floor":6.0,"key":"Regen Potion"},{"floor":8.0,"key":"DistilledChaos"},{"floor":10.0,"key":"DuplicationPotion"},{"floor":12.0,"key":"EssenceOfDarkness"}],"is_trial":false,"path_per_floor":["M","M","$","M","?","E","R","M","T","E","M","E","M","E","R","B"],"character_chosen":"DEFECT","items_purchased":["Cold Snap"],"campfire_rested":1,"item_purchase_floors":[3],"current_hp_per_floor":[67,67,67,58,58,50,50,37,37,13,10,8,5,2,24,0,0],"gold":280,"neow_bonus":"TRANSFORM_TWO_CARDS","is_daily":false,"chose_seed":false,"campfire_upgraded":1,"win_rate":0.0,"timestamp":1608177223,"path_taken":["M","M","$","M","?","E","R","M","T","E","?","E","M","E","R","BOSS"],"items_purchased_type":["Card"],"build_version":"2020-12-13","purchased_purges":0,"victory":false,"max_hp_per_floor":[75,75,75,75,75,75,75,75,75,75,75,75,75,75,75,75,75],"relic_stats":{"Darkstone Periapt":0,"Torii":24,"counters":[11,56],"Mummified Hand":[4],"Sundial":[2],"obtain_stats":[{"Darkstone Periapt":10,"Torii":14,"Mummified Hand":9,"Sundial":12,"Cracked Core":0,"StrikeDummy":6},{"Darkstone Periapt":6,"Torii":10,"Mummified Hand":5,"Sundial":8,"Cracked Core":0,"StrikeDummy":4},{"Darkstone Periapt":22,"Torii":42,"Mummified Hand":18,"Sundial":33,"Cracked Core":0,"StrikeDummy":15}]},"card_choices":[{"not_picked":["Rebound","Redo"],"picked":"Tempest","floor":1.0},{"not_picked":["Redo","Steam Power"],"picked":"Beam Cell","floor":2.0},{"not_picked":["Beam Cell","Hello World"],"picked":"Reinforced Body","floor":4.0},{"not_picked":["Chill","Skim"],"picked":"Core Surge","floor":6.0},{"not_picked":["Ball Lightning","Conserve Battery"],"picked":"Capacitor","floor":8.0},{"not_picked":["Go for the Eyes","Beam Cell","Fusion"],"picked":"SKIP","floor":10.0},{"not_picked":["Melter","Leap"],"picked":"Conserve Battery","floor":11.0},{"not_picked":["Go for the Eyes","Rebound"],"picked":"Loop","floor":12.0},{"not_picked":["Sweeping Beam","Redo"],"picked":"Leap","floor":13},{"not_picked":["Hologram","Redo"],"picked":"Multi-Cast","floor":14}],"player_experience":231020,"relics_obtained":[{"floor":6.0,"key":"StrikeDummy"},{"floor":9.0,"key":"Mummified Hand"},{"floor":10.0,"key":"Darkstone Periapt"},{"floor":12.0,"key":"Sundial"},{"floor":14,"key":"Torii"}],"event_choices":[{"damage_healed":0.0,"max_hp_gain":0.0,"max_hp_loss":0.0,"gold_gain":0.0,"event_name":"Lab","player_choice":"Got Potions","floor":5.0,"gold_loss":0.0,"damage_taken":0.0}],"is_beta":false,"boss_relics":[],"items_purged_floors":[],"is_endless":false,"potions_floor_spawned":[1,6,8,10,12],"killed_by":"Hexaghost","ascension_level":6}}