{"host":"y89x8uui45kcjy42","time":1608164995,"event":{"mods":["2.2 Compatiblity","BaseMod","CapriCore","Colored Map","Colored Powertips","Custom Start","Friendly Minions","Highlight Path","Keyboard Shortcuts","Minty Spire (QoL Compilation)","Relic Stats","Slay the Relics Exporter","StSLib","SuperFastMode","Waifu the Spire"],"gold_per_floor":[113,113,127,142,161,187,112,112,112],"floor_reached":8,"playtime":174,"items_purged":["Strike_B"],"score":116,"play_id":"d18e5125-76b1-451e-8cb8-7e94ae317a66","local_time":"20201217092955","is_ascension_mode":true,"campfire_choices":[],"circlet_count":0,"master_deck":["AscendersBane","Strike_B","Strike_B","Strike_B","Defend_B","Defend_B","Defend_B","Defend_B","Zap+1","Dualcast","Meteor Strike","Ball Lightning","Auto Shields","Rebound","Conserve Battery"],"relics":["Cracked Core","StrikeDummy"],"acts_visited":["Exordium"],"potions_floor_usage":[6],"damage_taken":[{"damage":6,"enemies":"Cultist","floor":1,"turns":4},{"damage":2,"enemies":"Small Slimes","floor":3,"turns":3},{"damage":2,"enemies":"Jaw Worm","floor":4,"turns":3},{"damage":17,"enemies":"Exordium Wildlife","floor":5,"turns":6},{"damage":25,"enemies":"Gremlin Nob","floor":6,"turns":4},{"damage":20,"enemies":"3 Sentries","floor":8,"turns":2}],"seed_played":"2716718836595489711","potions_obtained":[{"floor":1,"key":"SteroidPotion"}],"is_trial":false,"path_per_floor":["M","?","M","M","M","E","$","E"],"character_chosen":"DEFECT","items_purchased":[],"campfire_rested":0,"item_purchase_floors":[],"current_hp_per_floor":[58,58,56,54,37,12,12,0,0],"gold":112,"neow_bonus":"ONE_RANDOM_RARE_CARD","is_daily":false,"chose_seed":false,"campfire_upgraded":0,"win_rate":0.0,"timestamp":1608164995,"path_taken":["M","?","M","M","?","E","$","E"],"items_purchased_type":[],"build_version":"2020-12-13","purchased_purges":1,"victory":false,"max_hp_per_floor":[71,71,71,71,71,71,71,71,71],"relic_stats":{"counters":[6,22],"obtain_stats":[{"Cracked Core":0,"StrikeDummy":6},{"Cracked Core":0,"StrikeDummy":5},{"Cracked Core":0,"StrikeDummy":20}]},"card_choices":[{"not_picked":["Skim","Storm"],"picked":"Ball Lightning","floor":1},{"not_picked":["Hologram","Sweeping Beam"],"picked":"Auto Shields","floor":3},{"not_picked":["Hyperbeam","Streamline"],"picked":"Rebound","floor":4},{"not_picked":["Hologram","Sweeping Beam","Conserve Battery"],"picked":"SKIP","floor":5},{"not_picked":["Hologram","Sweeping Beam"],"picked":"Conserve Battery","floor":5},{"not_picked":["Double Energy","Streamline","Steam"],"picked":"SKIP","floor":6}],"player_experience":498631,"relics_obtained":[{"floor":6,"key":"StrikeDummy"}],"event_choices":[{"damage_healed":0,"gold_gain":0,"player_choice":"Upgraded","damage_taken":0,"max_hp_gain":0,"max_hp_loss":0,"event_name":"Upgrade Shrine","floor":2,"gold_loss":0,"cards_upgraded":["Zap"]}],"is_beta":false,"boss_relics":[],"items_purged_floors":[7],"is_endless":false,"potions_floor_spawned":[1],"killed_by":"3 Sentries","ascension_level":20}}