{"host":"79pwvnyrdes6uj7k","time":1608179279,"event":{"mods":["2.2 Compatiblity","Astrologer","BaseMod","Beaked The Cultist","Colored Powertips","Downfall","Exacting","Friendly Minions","HexUI Lib","Highlight Path","Hubris","Infinite Spire","Mad Scientist","Mimic Mod","Minty Spire (QoL Compilation)","Random Character Button","Replay The Spire","Reworked Bosses","Shop Mod","Somnambulant","StSLib","The Cursed","The Disciple","The Factory","The Judge","The Jungle","The Poker Player","The Runesmith","TheHeartMod"],"gold_per_floor":[99,114,114,129,160,186,212,238,88,179,179,179,179,199,212,312,312,312,338,338,338,338,338,378,378,82,107,121,131,147,147,159,159,159],"floor_reached":33,"playtime":3619,"items_purged":[],"score":275,"play_id":"fa434ee6-7ea1-4e65-92e1-5a18c4ecd2a2","local_time":"20201216222759","is_ascension_mode":false,"campfire_choices":[{"floor":1,"key":"RECALL"},{"floor":9,"key":"REST"},{"data":"champ:Taunt","floor":18,"key":"SMITH"},{"data":"champ:Control","floor":22,"key":"SMITH"}],"circlet_count":0,"master_deck":["champ:Strike+1","champ:Strike+1","champ:Strike+1","champ:Strike+1","champ:Defend+1","champ:Defend+1","champ:Defend+1","champ:Defend+1","champ:Execute","champ:Taunt+1","champ:ShieldWall","champ:BringItOn","champ:DeathBlow","champ:EnragedBash","Pot Of Greed","champ:AdrenalArmor","ReplayTheSpireMod:Splinters","champ:ArenaPreparation","champ:StanceDance","expansioncontent:ManipulateTime","champ:BerserkersShout","champ:Improvising+1","CurseOfTheBell","champ:Control+1","champ:Backstep","Pot Of Greed","champ:DefensiveShout+1","champ:DefensiveStyle+1","expansioncontent:CaCaw+1","champ:Shatter+1","champ:PerfectedStrike+1","champ:SkillfulDodge","champ:FalseCounter+1","champ:HeavySlash+1"],"relics":["champ:ChampionCrown","Grinning Jar","Iron Hammer","downfall:HeartBlessingRed","downfall:HeartBlessingBlue","infinitespire:PuzzleCube","Torii","hubris:EvacipatedBox","Juzu Bracelet","Thread and Needle","hubris:DisguiseKit","Golden Egg","MerchantsRug","InkBottle"],"acts_visited":["Exordium","TheCity"],"potions_floor_usage":[8,8,16,24,24,26,29,29,30,32],"damage_taken":[{"damage":13,"enemies":"Cultist","floor":2,"turns":4},{"damage":13,"enemies":"Jaw Worm","floor":4,"turns":3},{"damage":2,"enemies":"2 Louse","floor":5,"turns":2},{"damage":60,"enemies":"3 Sentries","floor":6,"turns":6},{"damage":43,"enemies":"Gremlin Nob","floor":8,"turns":4},{"damage":22,"enemies":"Blue Slaver","floor":14,"turns":2},{"damage":43,"enemies":"Gremlin Gang","floor":15,"turns":5},{"damage":84,"enemies":"downfall:Silent","floor":16,"turns":8},{"damage":71,"enemies":"3 Byrds","floor":19,"turns":4},{"damage":76,"enemies":"Chosen","floor":24,"turns":5},{"damage":36,"enemies":"downfall:FleeingMerchant","floor":26,"turns":4},{"damage":128,"enemies":"Gremlin Leader","floor":27,"turns":11},{"damage":25,"enemies":"Chosen","floor":28,"turns":3},{"damage":31,"enemies":"Snake Plant","floor":29,"turns":3},{"damage":55,"enemies":"Centurion and Healer","floor":30,"turns":8},{"damage":38,"enemies":"Snecko","floor":32,"turns":6},{"damage":34,"enemies":"downfall:Watcher","floor":33,"turns":5}],"seed_played":"7705434882063686475","potions_obtained":[{"floor":5,"key":"Dexterity Potion"},{"floor":6,"key":"SteroidPotion"},{"floor":14,"key":"CultistPotion"},{"floor":21,"key":"FearPotion"},{"floor":21,"key":"champ:TechniquePotion"},{"floor":21,"key":"Adrenaline Potion"},{"floor":27,"key":"LiquidBronze"},{"floor":28,"key":"sneckomod:MuddlingPotion"},{"floor":29,"key":"sneckomod:MuddlingPotion"},{"floor":30,"key":"Block Potion"}],"is_trial":false,"path_per_floor":["R","M","T","M","M","E","T","E","R","?","$","?","?","M","M","B",null,"R","M","?","?","R","?","MIM","?","$","E","M","M","M","?","M","B"],"character_chosen":"THE_CHAMP","items_purchased":["Torii","hubris:EvacipatedBox","champ:DefensiveStyle","expansioncontent:CaCaw","MerchantsRug","champ:Shatter"],"campfire_rested":1,"item_purchase_floors":[11,11,26,26,26,26],"current_hp_per_floor":[90,90,90,82,80,60,60,39,79,79,39,39,36,49,48,30,100,100,89,89,89,89,89,86,100,96,32,32,32,28,28,34,0,0],"gold":159,"neow_bonus":"RANDOM_COMMON_RELIC","is_daily":false,"chose_seed":false,"campfire_upgraded":2,"win_rate":0.0,"timestamp":1608179279,"path_taken":["R","M","?","M","M","E","T","E","R","?","?","?","?","M","M","BOSS","R","M","?","?","R","?","MIM","?","?","E","M","M","M","?","M","BOSS"],"items_purchased_type":["Relic","Relic","Card","Card","Relic","Card"],"build_version":"2020-12-13","purchased_purges":0,"victory":false,"max_hp_per_floor":[90,90,90,90,90,90,90,90,100,100,100,100,100,100,100,100,100,100,100,100,100,100,100,100,100,100,100,100,100,100,100,100,100,100],"card_choices":[{"not_picked":["champ:CrookedStrike","champ:FocusedGladiator"],"picked":"champ:ShieldWall","floor":2},{"not_picked":["champ:BladeFlurry","champ:Duel"],"picked":"champ:BringItOn","floor":4},{"not_picked":["champ:BringItOn","champ:RapidStrikes"],"picked":"champ:DeathBlow","floor":5},{"not_picked":["champ:CalledShot","champ:FanOfKnives"],"picked":"champ:EnragedBash","floor":6},{"not_picked":["champ:GladiatorsShout","champ:BringItOn"],"picked":"champ:AdrenalArmor","floor":8},{"not_picked":["champ:GladiatorsShout","champ:Encircle"],"picked":"champ:ArenaPreparation","floor":10},{"not_picked":["champ:FanOfKnives","champ:BladeFlurry"],"picked":"champ:StanceDance","floor":10},{"not_picked":["champ:ViciousMockery","champ:ShieldThrow","champ:FaceSlap"],"picked":"SKIP","floor":14},{"not_picked":["champ:StanceDance","champ:Encircle"],"picked":"champ:BerserkersShout","floor":15},{"not_picked":["champ:LastStand","champ:Devastate"],"picked":"champ:Improvising","floor":16},{"not_picked":["champ:GladiatorsShout+1","champ:BringItOn+1","beaked:Tweet"],"picked":"champ:Control","floor":19},{"not_picked":["champ:TornadoPunch","champ:FlashCut","beaked:MaddeningMurmurs"],"picked":"champ:Backstep","floor":24},{"not_picked":["champ:Duel","champ:Backstep","beaked:Mantra"],"picked":"champ:DefensiveShout+1","floor":26},{"not_picked":["champ:EndlessRage+1","champ:BringItOn","beaked:Evade"],"picked":"champ:PerfectedStrike+1","floor":27},{"not_picked":["champ:FightOn","champ:AdrenalArmor+1","champ:BladeFlurry","beaked:Cower"],"picked":"SKIP","floor":28},{"not_picked":["champ:Riposte","champ:RisingSlash","beaked:Redirect"],"picked":"champ:SkillfulDodge","floor":29},{"not_picked":["champ:ShieldWall+1","champ:ArenaPreparation+1","beaked:SurvivalInstinct"],"picked":"champ:FalseCounter+1","floor":30},{"not_picked":["champ:Backstep","champ:FanOfKnives","beaked:BraceForImpact"],"picked":"champ:HeavySlash","floor":32}],"player_experience":297305,"relics_obtained":[{"floor":6,"key":"Potion Belt"},{"floor":7,"key":"Grinning Jar"},{"floor":8,"key":"Iron Hammer"},{"floor":10,"key":"infinitespire:PuzzleCube"},{"floor":17,"key":"Juzu Bracelet"},{"floor":17,"key":"Thread and Needle"},{"floor":17,"key":"hubris:DisguiseKit"},{"floor":24,"key":"Golden Egg"},{"floor":27,"key":"InkBottle"}],"event_choices":[{"damage_healed":0,"gold_gain":0,"cards_transformed":["Pot Of Greed"],"player_choice":"Change","damage_taken":0,"max_hp_gain":0,"max_hp_loss":0,"event_name":"Living Wall","floor":12,"gold_loss":0,"cards_obtained":["expansioncontent:ManipulateTime"]},{"damage_healed":0,"gold_gain":0,"player_choice":"Success","damage_taken":3,"relics_obtained":["Replay:Bandana"],"max_hp_gain":0,"max_hp_loss":0,"event_name":"Scrap Ooze","floor":13,"gold_loss":0},{"damage_healed":0,"gold_gain":0,"player_choice":"Simplicity","damage_taken":0,"max_hp_gain":0,"max_hp_loss":0,"event_name":"Back to Basics","floor":20,"gold_loss":0,"cards_upgraded":["champ:Strike","champ:Strike","champ:Defend","champ:Defend","champ:Defend","champ:Defend"]},{"damage_healed":0,"gold_gain":0,"player_choice":"Got Potions","damage_taken":0,"max_hp_gain":0,"max_hp_loss":0,"event_name":"Lab","floor":21,"gold_loss":0},{"damage_healed":14,"gold_gain":0,"player_choice":"Full Heal","damage_taken":0,"max_hp_gain":0,"max_hp_loss":0,"event_name":"Wheel of Change","floor":25,"gold_loss":0}],"is_beta":false,"boss_relics":[{"not_picked":["Replay:Bronze Core","Ectoplasm","hubris:TerracottaHorce"],"picked":"Calling Bell"}],"items_purged_floors":[],"is_endless":true,"potions_floor_spawned":[5,6,14,27,28,29,30],"killed_by":"downfall:Watcher","ascension_level":0}}