{"host":"qrt7o4dq2qslzw13","time":1608214046,"event":{"mods":["AchievementEnabler","BaseMod","Colored Map","Colored Powertips","Minty Spire (QoL Compilation)","Quick Restart","Rare Cards Sparkle","StSLib","SuperFastMode"],"gold_per_floor":[10,10,10,23,36,36,51,51,51,51,51,77,24,37,37,111,111,31,31,31,31,31,31,31,31,31,31,31,31,31,31,31,31,31,31,0,0,0,0,0,0,0,0,0,0,0,0,0,0,0,0],"floor_reached":50,"playtime":1240,"items_purged":[],"score":1073,"play_id":"e76ad1b6-acff-4673-9d93-db35cd6d97a7","local_time":"20201217090726","is_ascension_mode":true,"campfire_choices":[{"data":"Dark Embrace","floor":6.0,"key":"SMITH"},{"data":"Havoc","floor":8.0,"key":"SMITH"},{"data":"Combust","floor":10.0,"key":"SMITH"},{"data":"Impervious","floor":15.0,"key":"SMITH"},{"floor":23.0,"key":"REST"},{"data":"Demon Form","floor":25.0,"key":"SMITH"},{"data":"Ghostly","floor":27.0,"key":"SMITH"},{"data":"Heavy Blade","floor":29.0,"key":"SMITH"},{"data":"Metallicize","floor":32.0,"key":"SMITH"},{"data":"Barricade","floor":40.0,"key":"SMITH"},{"data":"Seeing Red","floor":47.0,"key":"SMITH"},{"data":"Entrench","floor":49.0,"key":"SMITH"}],"circlet_count":0,"master_deck":["AscendersBane","Strike_R","Strike_R","Strike_R","Strike_R","Defend_R","Defend_R","Defend_R","Defend_R","Bash","Apotheosis+1","Combust+1","Dark Embrace+1","Flex","Havoc+1","Impervious+1","Warcry","Demon Form+1","Wild Strike+1","Metallicize+1","Necronomicurse","Ghostly","Ghostly","Ghostly+1","Heavy Blade+1","Twin Strike","Carnage","Barricade+1","Rupture","Entrench+1","Pommel Strike+1","Parasite","Seeing Red+1","Shame","Double Tap"],"relics":["Burning Blood","Mercury Hourglass","Ginger","Ectoplasm","Necronomicon","Orichalcum","Cursed Key","Red Mask","MawBank","Nunchaku"],"acts_visited":["Exordium","TheCity","TheBeyond"],"potions_floor_usage":[],"damage_taken":[{"damage":13.0,"enemies":"2 Louse","floor":1.0,"turns":4.0},{"damage":1.0,"enemies":"Small Slimes","floor":4.0,"turns":3.0},{"damage":6.0,"enemies":"Jaw Worm","floor":5.0,"turns":4.0},{"damage":8.0,"enemies":"3 Louse","floor":7.0,"turns":3.0},{"damage":6.0,"enemies":"Lagavulin","floor":12.0,"turns":5.0},{"damage":2.0,"enemies":"Red Slaver","floor":14.0,"turns":4.0},{"damage":69.0,"enemies":"The Guardian","floor":16.0,"turns":11.0},{"damage":18.0,"enemies":"2 Thieves","floor":18.0,"turns":4.0},{"damage":18.0,"enemies":"Spheric Guardian","floor":20.0,"turns":4.0},{"damage":4.0,"enemies":"Cultist and Chosen","floor":28.0,"turns":5.0},{"damage":7.0,"enemies":"3 Cultists","floor":30.0,"turns":6.0},{"damage":0.0,"enemies":"Centurion and Healer","floor":31.0,"turns":5.0},{"damage":14.0,"enemies":"Automaton","floor":33.0,"turns":9.0},{"damage":0.0,"enemies":"3 Shapes","floor":35.0,"turns":4.0},{"damage":5.0,"enemies":"Orb Walker","floor":38.0,"turns":4.0},{"damage":5.0,"enemies":"Nemesis","floor":41.0,"turns":8.0},{"damage":2.0,"enemies":"Writhing Mass","floor":42.0,"turns":5.0},{"damage":26.0,"enemies":"Spire Growth","floor":44.0,"turns":6.0},{"damage":0.0,"enemies":"Maw","floor":45.0,"turns":6.0},{"damage":0.0,"enemies":"Transient","floor":46.0,"turns":6.0},{"damage":2.0,"enemies":"Spire Growth","floor":48.0,"turns":6.0},{"damage":38,"enemies":"Time Eater","floor":50,"turns":2}],"seed_played":"3151722390158465741","potions_obtained":[{"floor":4.0,"key":"FearPotion"},{"floor":7.0,"key":"DistilledChaos"},{"floor":14.0,"key":"Dexterity Potion"},{"floor":18.0,"key":"DuplicationPotion"},{"floor":31.0,"key":"Dexterity Potion"},{"floor":33.0,"key":"Block Potion"},{"floor":42.0,"key":"Explosive Potion"},{"floor":45.0,"key":"ElixirPotion"}],"is_trial":false,"path_per_floor":["M","?","$","M","M","R","M","R","T","R","?","E","$","M","R","B",null,"M","$","M","$","?","R","?","R","T","R","M","R","M","M","R","B",null,"M","?","?","M","$","R","E","M","T","M","M","M","R","M","R","B"],"character_chosen":"IRONCLAD","items_purchased":["BloodPotion"],"campfire_rested":1,"item_purchase_floors":[13],"current_hp_per_floor":[61,61,61,66,66,66,64,64,64,64,64,64,64,68,68,20,61,49,49,37,37,16,38,37,37,37,37,37,37,36,37,37,29,35,37,37,37,37,37,37,37,37,37,17,23,29,29,33,33,0,0],"gold":0,"neow_bonus":"RANDOM_COLORLESS_2","is_daily":false,"chose_seed":false,"campfire_upgraded":11,"win_rate":0.0,"timestamp":1608214046,"path_taken":["M","?","$","M","M","R","M","R","T","R","?","E","$","M","R","BOSS","M","$","M","$","?","R","?","R","T","R","M","R","M","M","R","BOSS","M","?","?","?","$","R","E","?","T","M","M","M","R","M","R","BOSS"],"items_purchased_type":["Potion"],"build_version":"2020-12-13","purchased_purges":0,"victory":false,"max_hp_per_floor":[75,75,75,75,75,75,75,75,75,75,75,75,75,75,75,75,75,75,75,75,75,75,75,37,37,37,37,37,37,37,37,37,37,37,37,37,37,37,37,37,37,37,37,37,37,37,37,37,37,37,37],"card_choices":[{"not_picked":["Panache","Mayhem"],"picked":"Apotheosis","floor":0.0},{"not_picked":["Thunderclap","Pommel Strike"],"picked":"Combust","floor":1.0},{"not_picked":["Havoc","Second Wind"],"picked":"Dark Embrace","floor":4.0},{"not_picked":["Pommel Strike","Cleave"],"picked":"Flex","floor":5.0},{"not_picked":["Headbutt","Heavy Blade"],"picked":"Havoc","floor":7.0},{"not_picked":["Combust","Anger"],"picked":"Impervious","floor":12.0},{"not_picked":["Dark Embrace","Power Through"],"picked":"Warcry","floor":14.0},{"not_picked":["Limit Break","Brutality"],"picked":"Demon Form","floor":16.0},{"not_picked":["Intimidate","Cleave"],"picked":"Wild Strike+1","floor":18.0},{"not_picked":["Feel No Pain","Headbutt"],"picked":"Metallicize","floor":20.0},{"not_picked":["Thunderclap","Body Slam+1"],"picked":"Heavy Blade","floor":28.0},{"not_picked":["Searing Blow","Havoc"],"picked":"Twin Strike","floor":30.0},{"not_picked":["Rage","True Grit"],"picked":"Carnage","floor":31.0},{"not_picked":["Demon Form","Bludgeon"],"picked":"Barricade","floor":33.0},{"not_picked":["Carnage","Wild Strike"],"picked":"Rupture","floor":35.0},{"not_picked":["Dropkick+1","Perfected Strike+1"],"picked":"Pommel Strike+1","floor":38.0},{"not_picked":["Twin Strike+1","Entrench","Uppercut"],"picked":"SKIP","floor":41.0},{"not_picked":["Combust","Burning Pact+1"],"picked":"Seeing Red","floor":42.0},{"not_picked":["Clothesline","Whirlwind","Rampage+1"],"picked":"SKIP","floor":44.0},{"not_picked":["Heavy Blade","Headbutt","Flex"],"picked":"SKIP","floor":45.0},{"not_picked":["Searing Blow","Rupture","Perfected Strike"],"picked":"SKIP","floor":46.0},{"not_picked":["True Grit","Blood for Blood+1"],"picked":"Double Tap","floor":48.0}],"player_experience":459896,"relics_obtained":[{"floor":9.0,"key":"Mercury Hourglass"},{"floor":12.0,"key":"Ginger"},{"floor":22.0,"key":"Necronomicon"},{"floor":26.0,"key":"Orichalcum"},{"floor":41.0,"key":"MawBank"},{"floor":43.0,"key":"Nunchaku"}],"event_choices":[{"damage_healed":0.0,"max_hp_gain":0.0,"max_hp_loss":0.0,"gold_gain":0.0,"event_name":"Living Wall","player_choice":"Grow","floor":2.0,"gold_loss":0.0,"damage_taken":0.0,"cards_upgraded":["Apotheosis"]},{"damage_healed":0.0,"max_hp_gain":0.0,"max_hp_loss":0.0,"gold_gain":0.0,"event_name":"Dead Adventurer","player_choice":"Searched \u00270\u0027 times","floor":11.0,"gold_loss":0.0,"damage_taken":0.0},{"damage_healed":0.0,"max_hp_gain":0.0,"max_hp_loss":0.0,"gold_gain":0.0,"event_name":"Cursed Tome","player_choice":"Obtained Book","floor":22.0,"gold_loss":0.0,"damage_taken":21.0},{"damage_healed":0.0,"max_hp_gain":0.0,"max_hp_loss":38.0,"gold_gain":0.0,"event_name":"Ghosts","player_choice":"Became a Ghost","floor":24.0,"gold_loss":0.0,"damage_taken":0.0,"cards_obtained":["Ghostly","Ghostly","Ghostly"]},{"damage_healed":0.0,"max_hp_gain":0.0,"max_hp_loss":0.0,"gold_gain":0.0,"event_name":"Tomb of Lord Red Mask","player_choice":"Paid","floor":36.0,"gold_loss":31.0,"damage_taken":0.0,"relics_obtained":["Red Mask"]},{"damage_healed":0.0,"max_hp_gain":0.0,"max_hp_loss":0.0,"gold_gain":0.0,"cards_transformed":["Strike_R"],"event_name":"Transmorgrifier","player_choice":"Transformed","floor":37.0,"gold_loss":0.0,"damage_taken":0.0,"cards_obtained":["Entrench"]}],"is_beta":false,"boss_relics":[{"not_picked":["SlaversCollar","SacredBark"],"picked":"Ectoplasm"},{"not_picked":["Sozu","Calling Bell"],"picked":"Cursed Key"}],"items_purged_floors":[],"is_endless":false,"potions_floor_spawned":[4,7,14,18,31,33,42,45,46],"killed_by":"Time Eater","ascension_level":20}}