{"host":"njruw0b0uprlitpx","time":1608227970,"event":{"mods":["2.2 Compatiblity","BaseMod","Better Altar","Better Note","Better Sensory Stone","Better Skull","Better Third Choice","BetterRewards","Block Reminder","Colored Map","Colored Powertips","Gremlin Mod","Jedi Mod","Keyboard Shortcuts","Minty Spire (QoL Compilation)","Quick Restart","Relic Stats","Replay The Spire","SacredBarkPlus","Spicy Shops","StSLib","SuperFastMode","Wandering Minibosses"],"gold_per_floor":[114,45,45,45,45,45,45,45,45,45,45,45,45,45,45,45,45,45,45,45,0,0,0,0,0,21,21,21,21,51,51,51,151,151,166,166,166,181,20,20,50,50,100,100,100,100,115,115,115,115],"floor_reached":51,"playtime":3113,"items_purged":[],"score":938,"play_id":"ca68e8f5-b512-4a48-a29d-212fc2fc8d15","local_time":"20201217115930","daily_mods":["Specialized","Flight","Lethality"],"is_ascension_mode":false,"campfire_choices":[{"data":"Hologram","floor":7,"key":"SMITH"},{"data":"Zap","floor":11,"key":"SMITH"},{"data":"Genetic Algorithm","floor":12,"key":"SMITH"},{"floor":15,"key":"REST"},{"floor":23,"key":"REST"},{"data":"Buffer","floor":24,"key":"SMITH"},{"data":"Reprogram","floor":27,"key":"SMITH"},{"data":"Dualcast","floor":29,"key":"SMITH"},{"data":"Echo Form","floor":32,"key":"SMITH"},{"data":"ReplayTheSpireMod:Fabricate Wheel","floor":40,"key":"SMITH"},{"data":"jedi:meditation","floor":44,"key":"SMITH"},{"data":"ReplayTheSpireMod:Omega Cannon","floor":45,"key":"SMITH"},{"data":"Recycle","floor":46,"key":"SMITH"},{"floor":49,"key":"REST"}],"circlet_count":0,"master_deck":["Strike_B","Strike_B","Defend_B","Defend_B","Defend_B","Defend_B","Zap+1","Dualcast+1","jedi:hex","jedi:hex","jedi:hex","jedi:hex","jedi:hex","Cold Snap","jedi:sharpshooter","Ball Lightning","Hologram+1","ReplayGash","Genetic Algorithm+1","Recycle+1","Reprogram+1","Buffer+1","Stack","Sweeping Beam","Go for the Eyes","Consume+1","jedi:meditation+1","Conserve Battery+1","Leap+1","Echo Form+1","All For One","jedi:locknload+1","Doom and Gloom","ReplayTheSpireMod:Calculation Training+1","Go for the Eyes+1","Barrage","ReplayTheSpireMod:Fabricate Wheel+1","Electrodynamics","Doom and Gloom","ReplayTheSpireMod:Omega Cannon+1","Compile Driver+1","Madness","Madness"],"relics":["Cracked Core","jedi:ominousloannote","Pear","Durian","Lantern","Pantograph","Sundial","Odd Mushroom","Pet Ghost","jedi:hotpepper","Nunchaku","Vajra","jedi:shrinkray","Snecko Eye","DataDisk","Orrery","Gremlin Food","Boot"],"acts_visited":["Exordium","TheCity","TheBeyond"],"potions_floor_usage":[16,16,25,33,42,50,50],"damage_taken":[{"damage":0,"enemies":"Cultist","floor":1,"turns":2},{"damage":2,"enemies":"2 Louse","floor":5,"turns":2},{"damage":9,"enemies":"3 Sentries","floor":6,"turns":5},{"damage":0,"enemies":"Jaw Worm","floor":8,"turns":3},{"damage":28,"enemies":"The Mushroom Lair","floor":13,"turns":4},{"damage":4,"enemies":"Replay:BlueRogue","floor":14,"turns":3},{"damage":0,"enemies":"Slime Boss","floor":16,"turns":6},{"damage":0,"enemies":"Chosen","floor":18,"turns":3},{"damage":20,"enemies":"2 Thieves","floor":21,"turns":3},{"damage":2,"enemies":"Sentry and Sphere","floor":22,"turns":4},{"damage":7,"enemies":"Slavers","floor":25,"turns":4},{"damage":0,"enemies":"Book of Stabbing","floor":30,"turns":1},{"damage":0,"enemies":"Automaton","floor":33,"turns":8},{"damage":0,"enemies":"Orb Walker","floor":35,"turns":2},{"damage":4,"enemies":"3 Shapes","floor":38,"turns":2},{"damage":0,"enemies":"Nemesis","floor":41,"turns":5},{"damage":0,"enemies":"Spire Growth","floor":47,"turns":1},{"damage":12,"enemies":"Time Eater","floor":50,"turns":4}],"seed_played":"-4230686447748436371","potions_obtained":[{"floor":5,"key":"Strength Potion"},{"floor":14,"key":"PowerPotion"},{"floor":16,"key":"Block Potion"},{"floor":18,"key":"Flashbang"},{"floor":33,"key":"CultistPotion"},{"floor":35,"key":"BlessingOfTheForge"},{"floor":38,"key":"Flashbang"},{"floor":42,"key":"Fruit Juice"},{"floor":42,"key":"CultistPotion"}],"is_trial":false,"path_per_floor":["M","$","?","?","M","E","R","M","T","?","R","R","?","E","R","B",null,"M","$","?","M","M","R","R","E","T","R","?","R","E","?","R","B",null,"M","?","?","M","$","R","E","?","T","R","R","R","M","?","R","B",null],"character_chosen":"DEFECT","items_purchased":["jedi:ominousloannote","jedi:sharpshooter","Ball Lightning","Pear","Durian","Orrery","Electrodynamics","Doom and Gloom"],"campfire_rested":3,"item_purchase_floors":[2,2,2,2,2,39,39,39],"current_hp_per_floor":[75,90,85,85,83,74,74,74,74,74,74,74,46,42,69,90,67,67,67,67,47,45,65,65,58,58,58,58,58,58,45,45,67,67,67,67,67,63,63,63,63,66,66,66,66,66,66,57,70,58],"gold":115,"neow_bonus":"","is_daily":true,"chose_seed":false,"campfire_upgraded":11,"win_rate":0.0,"timestamp":1608227970,"path_taken":["M","$","?","?","?","E","R","M","T","?","R","R","?","E","R","BOSS","M","$","?","?","M","R","R","E","T","R","?","R","E","?","R","BOSS","M","?","?","?","$","R","E","?","T","R","R","R","?","?","R","BOSS"],"items_purchased_type":["Relic","Card","Card","Relic","Relic","Relic","Card","Card"],"build_version":"2020-12-13","purchased_purges":0,"victory":true,"max_hp_per_floor":[75,90,90,90,90,90,90,90,90,90,90,90,90,90,90,90,67,67,67,67,67,67,67,67,67,67,67,67,67,67,67,67,67,67,67,67,67,67,67,67,67,70,70,70,70,70,70,70,70,70],"relic_stats":{"Nunchaku":[5],"counters":[18,62],"Sundial":[0],"Pantograph":43,"Snecko Eye":[23,30,29,22],"Boot":[0],"obtain_stats":[{"Gremlin Food":41,"Lantern":3,"Pear":2,"Vajra":26,"Odd Mushroom":13,"Boot":43,"Pet Ghost":14,"jedi:shrinkray":30,"Nunchaku":25,"DataDisk":37,"jedi:hotpepper":17,"jedi:ominousloannote":2,"Sundial":9,"Pantograph":6,"Snecko Eye":34,"Orrery":39,"Durian":2,"Cracked Core":0},{"Gremlin Food":16,"Lantern":1,"Pear":1,"Vajra":11,"Odd Mushroom":5,"Boot":16,"Pet Ghost":6,"jedi:shrinkray":12,"Nunchaku":11,"DataDisk":14,"jedi:hotpepper":7,"jedi:ominousloannote":1,"Sundial":4,"Pantograph":3,"Snecko Eye":13,"Orrery":15,"Durian":1,"Cracked Core":0},{"Gremlin Food":57,"Lantern":2,"Pear":2,"Vajra":39,"Odd Mushroom":16,"Boot":57,"Pet Ghost":19,"jedi:shrinkray":40,"Nunchaku":39,"DataDisk":50,"jedi:hotpepper":25,"jedi:ominousloannote":2,"Sundial":12,"Pantograph":9,"Snecko Eye":48,"Orrery":52,"Durian":2,"Cracked Core":0}]},"card_choices":[{"not_picked":["jedi:BurstFrost","Force Field"],"picked":"Cold Snap","floor":1},{"not_picked":["Coolheaded","jedi:blockon"],"picked":"Hologram","floor":5},{"not_picked":["Scrape","FIFO Queue"],"picked":"ReplayGash","floor":6},{"not_picked":["jedi:hex","Cold Snap"],"picked":"Genetic Algorithm","floor":8},{"not_picked":["BasicCrystalCard","Panic Button"],"picked":"Recycle","floor":13},{"not_picked":["Rebound","ReplayTheSpireMod:Calculation Training"],"picked":"Reprogram","floor":14},{"not_picked":["Mirror Shield","jedi:meditation"],"picked":"Buffer","floor":16},{"not_picked":["Force Field+1","jedi:BurstLightning"],"picked":"Stack","floor":18},{"not_picked":["Tempest+1","Time Bomb+1"],"picked":"Sweeping Beam","floor":21},{"not_picked":["Undo","Gash"],"picked":"Go for the Eyes","floor":22},{"not_picked":["jedi:reiji+1","Crystallizer"],"picked":"Consume+1","floor":25},{"not_picked":["jedi:blockon","jedi:BurstLightning"],"picked":"Leap+1","floor":30},{"not_picked":["ReplayTheSpireMod:Fabricate Wheel","jedi:meditation"],"picked":"All For One","floor":33},{"not_picked":["Hello World","BasicCrystalCard+1"],"picked":"jedi:locknload+1","floor":35},{"not_picked":["Conserve Battery","jedi:BurstFrost","Fusion+1"],"picked":"SKIP","floor":38},{"not_picked":["Double Energy+1","Defragment+1"],"picked":"Doom and Gloom","floor":39},{"not_picked":["jedi:BurstLightning+1","Beam Cell+1"],"picked":"ReplayTheSpireMod:Calculation Training+1","floor":39},{"not_picked":["jedi:meditation","Leap+1"],"picked":"Go for the Eyes+1","floor":39},{"not_picked":["Streamline","Time Bomb"],"picked":"Barrage","floor":39},{"not_picked":["Recycle+1","Storm"],"picked":"ReplayTheSpireMod:Fabricate Wheel","floor":39},{"not_picked":["Barrage+1","jedi:reiji"],"picked":"ReplayTheSpireMod:Omega Cannon","floor":41},{"not_picked":["Cold Snap+1","Blizzard"],"picked":"Compile Driver+1","floor":47}],"player_experience":1053313,"relics_obtained":[{"floor":6,"key":"Pantograph"},{"floor":9,"key":"Sundial"},{"floor":13,"key":"Odd Mushroom"},{"floor":14,"key":"Pet Ghost"},{"floor":25,"key":"Nunchaku"},{"floor":26,"key":"Vajra"},{"floor":30,"key":"jedi:shrinkray"},{"floor":37,"key":"DataDisk"},{"floor":41,"key":"Gremlin Food"},{"floor":43,"key":"Boot"}],"event_choices":[{"damage_healed":0,"gold_gain":0,"player_choice":"Leave","damage_taken":0,"max_hp_gain":0,"max_hp_loss":0,"event_name":"The Cleric","floor":4,"gold_loss":0},{"damage_healed":0,"gold_gain":175,"player_choice":"AGREE","damage_taken":45,"max_hp_gain":0,"max_hp_loss":0,"event_name":"betterThird:BetterSerpent","floor":10,"gold_loss":0},{"damage_healed":0,"gold_gain":0,"player_choice":"Fought Mushrooms","damage_taken":0,"max_hp_gain":0,"max_hp_loss":0,"event_name":"Mushrooms","floor":13,"gold_loss":0},{"cards_removed":["Doubt"],"damage_healed":0,"gold_gain":0,"player_choice":"Purged","damage_taken":0,"max_hp_gain":0,"max_hp_loss":0,"event_name":"Purifier","floor":20,"gold_loss":0},{"damage_healed":0,"gold_gain":0,"cards_transformed":["Strike_B","Strike_B"],"player_choice":"Became Test Subject","damage_taken":0,"max_hp_gain":0,"max_hp_loss":0,"event_name":"Drug Dealer","floor":28,"gold_loss":0,"cards_obtained":["jedi:meditation","Conserve Battery"]},{"damage_healed":0,"gold_gain":2,"player_choice":"2","damage_taken":0,"max_hp_gain":0,"max_hp_loss":13,"event_name":"betterStone:BetterStone","floor":31,"gold_loss":0},{"damage_healed":0,"gold_gain":0,"player_choice":"Ignored","damage_taken":0,"max_hp_gain":0,"max_hp_loss":0,"event_name":"Tomb of Lord Red Mask","floor":36,"gold_loss":0},{"damage_healed":0,"gold_gain":0,"player_choice":"Relic","damage_taken":0,"max_hp_gain":0,"max_hp_loss":0,"event_name":"Wheel of Change","floor":37,"gold_loss":0},{"damage_healed":0,"gold_gain":0,"player_choice":"Got Potions","damage_taken":0,"max_hp_gain":0,"max_hp_loss":0,"event_name":"Lab","floor":42,"gold_loss":0},{"damage_healed":0,"gold_gain":0,"player_choice":"Embrace Madness","damage_taken":9,"max_hp_gain":0,"max_hp_loss":0,"event_name":"Winding Halls","floor":48,"gold_loss":0,"cards_obtained":["Madness","Madness"]}],"is_beta":false,"boss_relics":[{"not_picked":["Philosopher\u0027s Stone","ReplayTheSpireMod:DimensionalGlitch"],"picked":"jedi:hotpepper"},{"not_picked":["Tiny House","Replay:Ancient Bell"],"picked":"Snecko Eye"}],"items_purged_floors":[],"is_endless":false,"potions_floor_spawned":[5,14,16,18,33,35,38],"ascension_level":0}}