{"host":"ok3pmhc1fiz31noj","time":1608165665,"event":{"mods":["AchievementEnabler","BaseMod","Colored Map","Colored Powertips","Minty Spire (QoL Compilation)","Quick Restart","Relic Stats","Replay The Spire","StSLib"],"gold_per_floor":[109,34,34,50,50,50,85,103,130,142,174,34,47,76,76,76,76],"floor_reached":16,"playtime":417,"items_purged":["Strike_R"],"score":135,"play_id":"63b84e9c-30bc-4b6a-b8bd-4af40eff609b","local_time":"20201217084105","is_ascension_mode":false,"campfire_choices":[{"data":"ReplayTheSpireMod:Stacked","floor":6,"key":"SMITH"},{"data":"Rupture","floor":15,"key":"SMITH"}],"circlet_count":0,"master_deck":["Strike_R","Strike_R","Strike_R","Strike_R+1","Defend_R","Defend_R","Defend_R+1","Bash","ReplayTheSpireMod:Stacked+1","Bash","Rage","Hemokinesis","Clash","ReplayTheSpireMod:Stacked","Rupture+1"],"relics":["Burning Blood","NeowsBlessing","ReplayTheSpireMod:TigerMarble","MawBank","Dream Catcher","Toxic Egg 2"],"acts_visited":["Exordium"],"potions_floor_usage":[14],"damage_taken":[{"damage":0,"enemies":"Small Slimes","floor":1,"turns":1},{"damage":0,"enemies":"2 Louse","floor":4,"turns":1},{"damage":0,"enemies":"3 Sentries","floor":7,"turns":1},{"damage":0,"enemies":"Cultist","floor":8,"turns":4},{"damage":2,"enemies":"Blue Slaver","floor":11,"turns":4},{"damage":2,"enemies":"Exordium Thugs","floor":13,"turns":3},{"damage":27,"enemies":"Gremlin Nob","floor":14,"turns":5},{"damage":38,"enemies":"The Guardian","floor":16,"turns":5}],"seed_played":"108329763015850676","potions_obtained":[{"floor":7,"key":"BloodPotion"},{"floor":10,"key":"AttackPotion"},{"floor":10,"key":"Energy Potion"},{"floor":14,"key":"Dexterity Potion"}],"is_trial":false,"path_per_floor":["M","$","?","M","?","R","E","M","T","?","M","$","M","E","R","B"],"character_chosen":"IRONCLAD","items_purchased":["Dream Catcher"],"campfire_rested":0,"item_purchase_floors":[12],"current_hp_per_floor":[80,80,64,70,70,70,76,80,80,80,80,80,80,59,59,21,21],"gold":76,"neow_bonus":"THREE_ENEMY_KILL","is_daily":false,"chose_seed":false,"campfire_upgraded":2,"win_rate":0.0,"timestamp":1608165665,"path_taken":["M","$","?","M","?","R","E","?","T","?","M","?","?","E","R","BOSS"],"items_purchased_type":["Relic"],"build_version":"2020-12-13","purchased_purges":1,"victory":false,"max_hp_per_floor":[80,80,80,80,80,80,80,80,80,80,80,80,80,80,80,80,80],"relic_stats":{"Dream Catcher":0,"counters":[8,24],"MawBank":36,"obtain_stats":[{"Dream Catcher":12,"NeowsBlessing":0,"ReplayTheSpireMod:TigerMarble":7,"Toxic Egg 2":14,"MawBank":9,"Burning Blood":0},{"Dream Catcher":5,"NeowsBlessing":0,"ReplayTheSpireMod:TigerMarble":3,"Toxic Egg 2":7,"MawBank":4,"Burning Blood":0},{"Dream Catcher":11,"NeowsBlessing":0,"ReplayTheSpireMod:TigerMarble":3,"Toxic Egg 2":19,"MawBank":7,"Burning Blood":0}],"Burning Blood":26},"card_choices":[{"not_picked":["Twin Strike","ReplayTheSpireMod:Limb From Limb"],"picked":"ReplayTheSpireMod:Stacked","floor":1},{"not_picked":["Pummel","Cleave","Sever Soul"],"picked":"SKIP","floor":4},{"not_picked":["Reckless Charge","Clothesline"],"picked":"Rage","floor":7},{"not_picked":["Heavy Blade","Armaments"],"picked":"Hemokinesis","floor":8},{"not_picked":["Pommel Strike","Anger"],"picked":"Clash","floor":11},{"not_picked":["Life Link","Fire Breathing"],"picked":"ReplayTheSpireMod:Stacked","floor":13},{"not_picked":["Dark Embrace","Run Through"],"picked":"Rupture","floor":14}],"player_experience":130857,"relics_obtained":[{"floor":7,"key":"ReplayTheSpireMod:TigerMarble"},{"floor":9,"key":"MawBank"},{"floor":14,"key":"Toxic Egg 2"}],"event_choices":[{"damage_healed":0,"gold_gain":0,"player_choice":"Entered Light","damage_taken":16,"max_hp_gain":0,"max_hp_loss":0,"event_name":"Shining Light","floor":3,"gold_loss":0,"cards_upgraded":["Strike_R","Defend_R"]},{"cards_removed":["Defend_R"],"damage_healed":0,"gold_gain":0,"player_choice":"Took Card","damage_taken":0,"max_hp_gain":0,"max_hp_loss":0,"event_name":"NoteForYourself","floor":5,"gold_loss":0,"cards_obtained":["Bash"]},{"damage_healed":0,"gold_gain":0,"player_choice":"Got Potions","damage_taken":0,"max_hp_gain":0,"max_hp_loss":0,"event_name":"Lab","floor":10,"gold_loss":0}],"is_beta":false,"boss_relics":[],"items_purged_floors":[2],"is_endless":false,"potions_floor_spawned":[7,11,14],"killed_by":"The Guardian","ascension_level":0}}