{"host":"nox","time":1608190172,"event":{"mods":["BaseMod","Colored Powertips","Minty Spire (QoL Compilation)","Quick Restart","Replay The Spire","StSLib"],"gold_per_floor":[116,116,127,138,148,174,185,219,219,219,239,239,256,308,308,406,406,416,416,27,47,66,66,78,78,78,97,97,122,122,122],"floor_reached":30,"playtime":978,"items_purged":[],"score":342,"play_id":"18577da1-6bd9-43fb-ab9c-958780bf0bf2","local_time":"20201217142932","is_ascension_mode":true,"campfire_choices":[{"floor":10.0,"key":"REST"},{"floor":15.0,"key":"REST"},{"floor":23.0,"key":"REST"},{"floor":25.0,"key":"REST"},{"data":"Lockon","floor":28.0,"key":"SMITH"}],"circlet_count":0,"master_deck":["Defend_B","Defend_B","Defend_B","Zap","Dualcast","Static Discharge+1","Cold Snap+1","Cold Snap+1","Cold Snap+1","Gash","Capacitor","Ball Lightning+1","Lockon+1","Cold Snap+1"],"relics":["Cracked Core","ReplayTheSpireMod:Lightbulb","ReplayTheSpireMod:TigerMarble","Replay:Antivirus Software","Pen Nib","Kintsugi","Oddly Smooth Stone","Replay:Bottled Eggs","Tiny Chest"],"acts_visited":["Exordium","TheCity"],"potions_floor_usage":[30],"damage_taken":[{"damage":0.0,"enemies":"Cultist","floor":1.0,"turns":3.0},{"damage":9.0,"enemies":"Jaw Worm","floor":3.0,"turns":3.0},{"damage":5.0,"enemies":"Small Slimes","floor":4.0,"turns":4.0},{"damage":4.0,"enemies":"Exordium Wildlife","floor":5.0,"turns":3.0},{"damage":32.0,"enemies":"3 Sentries","floor":6.0,"turns":10.0},{"damage":6.0,"enemies":"2 Fungi Beasts","floor":7.0,"turns":3.0},{"damage":23.0,"enemies":"Lagavulin","floor":8.0,"turns":7.0},{"damage":13.0,"enemies":"Lots of Slimes","floor":11.0,"turns":3.0},{"damage":5.0,"enemies":"Looter","floor":13.0,"turns":3.0},{"damage":32.0,"enemies":"Slime Boss","floor":16.0,"turns":8.0},{"damage":42.0,"enemies":"2 Thieves","floor":18.0,"turns":4.0},{"damage":17.0,"enemies":"Shell Parasite","floor":21.0,"turns":3.0},{"damage":3.0,"enemies":"3 Cultists","floor":22.0,"turns":5.0},{"damage":10.0,"enemies":"Cultist and Chosen","floor":24.0,"turns":4.0},{"damage":8.0,"enemies":"Centurion and Healer","floor":27.0,"turns":5.0},{"damage":39.0,"enemies":"Book of Stabbing","floor":29.0,"turns":4.0},{"damage":16,"enemies":"Snake Plant","floor":30,"turns":1}],"seed_played":"8639357007544939630","potions_obtained":[{"floor":1.0,"key":"Ancient Potion"},{"floor":7.0,"key":"Dexterity Potion"},{"floor":8.0,"key":"PotionOfCapacity"},{"floor":11.0,"key":"Reflective Coating"},{"floor":16.0,"key":"PowerPotion"},{"floor":21.0,"key":"Fire Potion"},{"floor":24.0,"key":"Swift Potion"},{"floor":29.0,"key":"Swift Potion"}],"is_trial":false,"path_per_floor":["M","$","M","M","M","E","M","E","T","R","M","?","M","T","R","B",null,"M","?","$","M","M","R","M","R","T","M","R","E","M"],"character_chosen":"DEFECT","items_purchased":["Oddly Smooth Stone","Replay:Bottled Eggs"],"campfire_rested":4,"item_purchase_floors":[20,20],"current_hp_per_floor":[82,82,73,68,64,32,26,3,3,27,14,14,9,9,33,1,82,40,40,40,23,20,44,34,58,58,50,50,11,0,0],"gold":122,"neow_bonus":"TEN_PERCENT_HP_BONUS","is_daily":false,"chose_seed":false,"campfire_upgraded":1,"win_rate":0.0,"timestamp":1608190172,"path_taken":["M","$","M","?","M","E","M","E","T","R","M","?","?","?","R","BOSS","M","?","$","?","M","R","M","R","T","M","R","E","M"],"items_purchased_type":["Relic","Relic"],"build_version":"2020-11-17","purchased_purges":0,"victory":false,"max_hp_per_floor":[82,82,82,82,82,82,82,82,82,82,82,82,82,82,82,82,82,82,82,82,82,82,82,82,82,82,82,82,82,82,82],"card_choices":[{"not_picked":["Lockon","Conserve Battery"],"picked":"Static Discharge","floor":1.0},{"not_picked":["Steam","Undo","ReplayTheSpireMod:GoodbyeWorld"],"picked":"SKIP","floor":3.0},{"not_picked":["Sweeping Beam","Go for the Eyes"],"picked":"Cold Snap","floor":4.0},{"not_picked":["Biased Cognition","Redo"],"picked":"Cold Snap","floor":5.0},{"not_picked":["Undo","Streamline","Rebound"],"picked":"SKIP","floor":6.0},{"not_picked":["Compile Driver","Chaos"],"picked":"Cold Snap","floor":7.0},{"not_picked":["Leap","Chaos"],"picked":"Gash","floor":8.0},{"not_picked":["Barrage","BasicCrystalCard"],"picked":"Capacitor","floor":11.0},{"not_picked":["Sunder","Beam Cell","ReplaySolidLightProjector"],"picked":"SKIP","floor":13.0},{"not_picked":["BasicCrystalCard","Conserve Battery","Compile Driver"],"picked":"SKIP","floor":18.0},{"not_picked":["ReplayTheSpireMod:Repulse","Barrage","Conserve Battery"],"picked":"SKIP","floor":21.0},{"not_picked":["Panic Button","Heatsinks"],"picked":"Ball Lightning+1","floor":22.0},{"not_picked":["Streamline","Redo","Self Repair"],"picked":"SKIP","floor":24.0},{"not_picked":["Double Energy","Crystallizer"],"picked":"Lockon","floor":27.0},{"not_picked":["Compile Driver+1","Capacitor"],"picked":"Cold Snap","floor":29.0}],"player_experience":158755,"relics_obtained":[{"floor":6.0,"key":"ReplayTheSpireMod:Lightbulb"},{"floor":8.0,"key":"ReplayTheSpireMod:TigerMarble"},{"floor":9.0,"key":"Replay:Antivirus Software"},{"floor":14.0,"key":"Pen Nib"},{"floor":29.0,"key":"Tiny Chest"}],"event_choices":[{"damage_healed":0.0,"max_hp_gain":0.0,"max_hp_loss":0.0,"gold_gain":0.0,"event_name":"Upgrade Shrine","player_choice":"Upgraded","floor":12.0,"gold_loss":0.0,"damage_taken":0.0,"cards_upgraded":["Static Discharge"]},{"cards_removed":["ReplayTheSpireMod:Splinters","Clumsy"],"damage_healed":0.0,"max_hp_gain":0.0,"max_hp_loss":0.0,"gold_gain":0.0,"event_name":"Fountain of Cleansing","player_choice":"Removed Curses","floor":19.0,"gold_loss":0.0,"damage_taken":0.0}],"is_beta":true,"boss_relics":[{"not_picked":["Replay:Grab Bag","Black Star"],"picked":"Kintsugi"}],"items_purged_floors":[],"is_endless":false,"potions_floor_spawned":[1,7,8,11,16,21,24,29],"killed_by":"Snake Plant","ascension_level":4}}