{"host":"yecadp3kwkksam5a","time":1608223352,"event":{"mods":["BaseMod","Minty Spire (QoL Compilation)","StSLib","The Gatherer"],"gold_per_floor":[114,189,204,223,241,269,269,302,302,302,318,350,169,183,183,281,281,291,390,310,329,341,341,354,382,408,435,435,448,466,496,496,598,598,614,614,626,643,660,660,687,687,687,687,700,50,50,78,78,78,78,78,28,60,60],"floor_reached":56,"playtime":2377,"items_purged":["Strike_R","Strike_R","Defend_R","Thunderclap+1"],"score":2025,"play_id":"93899218-b3ab-47b9-bc7e-e689896e61c0","local_time":"20201218014232","is_ascension_mode":true,"campfire_choices":[{"data":"Bash","floor":7.0,"key":"SMITH"},{"data":"Seeing Red","floor":10.0,"key":"SMITH"},{"floor":15.0,"key":"RECALL"},{"data":"Double Tap","floor":23.0,"key":"SMITH"},{"data":"Dropkick","floor":32.0,"key":"SMITH"},{"data":"Offering","floor":40.0,"key":"SMITH"},{"data":"Shockwave","floor":42.0,"key":"SMITH"},{"data":"Deep Breath","floor":47.0,"key":"SMITH"},{"data":"Violence","floor":49.0,"key":"SMITH"},{"floor":52.0,"key":"REST"}],"circlet_count":0,"master_deck":["Bash+1","Rage+1","Dropkick+1","Headbutt+1","Seeing Red+1","Dropkick+1","Dropkick+1","Double Tap+1","Warcry+1","Dropkick+1","Offering+1","Shockwave+1","Warcry+1","Deep Breath+1","Secret Weapon","Violence+1"],"relics":["Astrolabe","PreservedInsect","Lantern","The Courier","Molten Egg 2","DollysMirror","Runic Pyramid","Sundial","Regal Pillow","White Beast Statue","Empty Cage","Whetstone","Pantograph","Orrery","Vajra","Art of War","Mummified Hand","Smiling Mask","Gambling Chip"],"acts_visited":["Exordium","TheCity","TheBeyond","TheEnding"],"potions_floor_usage":[],"damage_taken":[{"damage":3.0,"enemies":"2 Louse","floor":1.0,"turns":3.0},{"damage":0.0,"enemies":"Small Slimes","floor":3.0,"turns":3.0},{"damage":0.0,"enemies":"Cultist","floor":4.0,"turns":2.0},{"damage":0.0,"enemies":"2 Fungi Beasts","floor":5.0,"turns":3.0},{"damage":0.0,"enemies":"Lagavulin","floor":6.0,"turns":7.0},{"damage":15.0,"enemies":"3 Sentries","floor":8.0,"turns":11.0},{"damage":0.0,"enemies":"Gremlin Gang","floor":11.0,"turns":5.0},{"damage":0.0,"enemies":"Gremlin Nob","floor":12.0,"turns":3.0},{"damage":11.0,"enemies":"Blue Slaver","floor":14.0,"turns":3.0},{"damage":19.0,"enemies":"Hexaghost","floor":16.0,"turns":8.0},{"damage":18.0,"enemies":"2 Thieves","floor":18.0,"turns":3.0},{"damage":5.0,"enemies":"Spheric Guardian","floor":21.0,"turns":5.0},{"damage":8.0,"enemies":"Snecko","floor":22.0,"turns":3.0},{"damage":4.0,"enemies":"Snake Plant","floor":24.0,"turns":5.0},{"damage":0.0,"enemies":"Gremlin Leader","floor":25.0,"turns":3.0},{"damage":9.0,"enemies":"Book of Stabbing","floor":27.0,"turns":4.0},{"damage":3.0,"enemies":"Centurion and Healer","floor":29.0,"turns":2.0},{"damage":2.0,"enemies":"Cultist and Chosen","floor":30.0,"turns":3.0},{"damage":0.0,"enemies":"Gremlin Leader","floor":31.0,"turns":3.0},{"damage":1.0,"enemies":"Automaton","floor":33.0,"turns":4.0},{"damage":7.0,"enemies":"Orb Walker","floor":35.0,"turns":2.0},{"damage":20.0,"enemies":"3 Shapes","floor":37.0,"turns":2.0},{"damage":0.0,"enemies":"Transient","floor":38.0,"turns":5.0},{"damage":6.0,"enemies":"3 Darklings","floor":39.0,"turns":1.0},{"damage":6.0,"enemies":"Reptomancer","floor":41.0,"turns":2.0},{"damage":0.0,"enemies":"Spire Growth","floor":45.0,"turns":2.0},{"damage":0.0,"enemies":"Giant Head","floor":48.0,"turns":1.0},{"damage":6.0,"enemies":"Donu and Deca","floor":50.0,"turns":1.0},{"damage":6.0,"enemies":"Shield and Spear","floor":54.0,"turns":1.0},{"damage":34,"enemies":"The Heart","floor":55,"turns":4}],"seed_played":"-8709676971158541365","potions_obtained":[{"floor":3.0,"key":"Strength Potion"},{"floor":5.0,"key":"BloodPotion"},{"floor":8.0,"key":"DistilledChaos"}],"is_trial":false,"path_per_floor":["M","?","M","M","M","E","R","E","T","R","M","E","$","M","R","B",null,"M","?","$","M","M","R","M","E","T","E","?","M","M","E","R","B",null,"M","?","M","M","M","R","E","R","T","?","M","$","R","E","R","B",null,"R","$","E","B",null],"character_chosen":"IRONCLAD","items_purchased":["DollysMirror","Orrery","Vajra","Art of War","Mummified Hand"],"campfire_rested":1,"item_purchase_floors":[13,46,46,46,46],"current_hp_per_floor":[69,58,58,58,58,58,58,43,43,43,43,43,43,32,32,13,63,45,45,45,40,32,32,28,28,28,19,19,16,14,14,14,13,63,56,56,36,36,30,30,24,24,24,14,14,14,14,14,14,33,68,80,80,74,46],"gold":60,"neow_bonus":"BOSS_RELIC","is_daily":false,"chose_seed":true,"campfire_upgraded":8,"win_rate":0.0,"timestamp":1608223352,"path_taken":["M","?","M","M","M","E","R","E","T","R","M","E","$","M","R","BOSS","M","?","$","M","M","R","M","E","T","E","?","?","M","E","R","BOSS","M","?","M","?","M","R","E","R","T","?","M","$","R","E","R","BOSS","R","$","E","BOSS"],"items_purchased_type":["Relic","Relic","Relic","Relic","Relic"],"build_version":"2020-12-13","purchased_purges":4,"victory":true,"max_hp_per_floor":[80,80,80,80,80,80,80,80,80,80,80,80,80,80,80,80,80,80,80,80,80,80,80,80,80,80,80,80,80,80,80,80,80,80,80,80,80,80,80,80,80,80,80,80,80,80,80,80,80,80,80,80,80,80,80],"card_choices":[{"not_picked":["Wild Strike","Clothesline"],"picked":"Seeing Red","floor":1.0},{"not_picked":["Burning Pact","Fire Breathing","Shrug It Off"],"picked":"SKIP","floor":3.0},{"not_picked":["Warcry","Searing Blow","Heavy Blade"],"picked":"SKIP","floor":4.0},{"not_picked":["Twin Strike","Clothesline","Body Slam"],"picked":"SKIP","floor":5.0},{"not_picked":["Dual Wield","Sentinel","Intimidate"],"picked":"SKIP","floor":6.0},{"not_picked":["Reaper","Pommel Strike","Sword Boomerang"],"picked":"SKIP","floor":8.0},{"not_picked":["Sever Soul","Reckless Charge"],"picked":"Dropkick","floor":11.0},{"not_picked":["Blood for Blood+1","Sentinel"],"picked":"Thunderclap+1","floor":12.0},{"not_picked":["Combust","Havoc","Twin Strike+1"],"picked":"SKIP","floor":14.0},{"not_picked":["Reaper+1","Fiend Fire+1"],"picked":"Double Tap","floor":16.0},{"not_picked":["Armaments+1","Iron Wave+1"],"picked":"Warcry+1","floor":18.0},{"not_picked":["Twin Strike+1","Clash+1","Body Slam+1"],"picked":"SKIP","floor":21.0},{"not_picked":["Iron Wave+1","Warcry","Cleave+1"],"picked":"SKIP","floor":22.0},{"not_picked":["Reckless Charge+1","Cleave+1","Perfected Strike+1"],"picked":"SKIP","floor":24.0},{"not_picked":["Immolate+1","Anger+1","Whirlwind+1"],"picked":"SKIP","floor":25.0},{"not_picked":["Pommel Strike+1","Thunderclap+1","Infernal Blade+1"],"picked":"SKIP","floor":27.0},{"not_picked":["Whirlwind+1","Pummel+1","Twin Strike+1"],"picked":"SKIP","floor":29.0},{"not_picked":["Shrug It Off","Headbutt+1","Thunderclap+1"],"picked":"SKIP","floor":30.0},{"not_picked":["Fiend Fire+1","Clash+1","Rage"],"picked":"SKIP","floor":31.0},{"not_picked":["Double Tap","Fiend Fire+1"],"picked":"Offering","floor":33.0},{"not_picked":["Shrug It Off+1","Sentinel","Body Slam+1"],"picked":"SKIP","floor":35.0},{"not_picked":["Dark Embrace+1","Reckless Charge+1"],"picked":"Warcry+1","floor":37.0},{"not_picked":["Pommel Strike+1","Intimidate+1","Shockwave+1"],"picked":"SKIP","floor":38.0},{"not_picked":["Havoc+1","Clash+1","Blood for Blood+1"],"picked":"SKIP","floor":39.0},{"not_picked":["Immolate+1","Second Wind","Twin Strike+1"],"picked":"SKIP","floor":41.0},{"not_picked":["Apotheosis","Madness"],"picked":"Deep Breath","floor":44.0},{"not_picked":["Mayhem","Magnetism"],"picked":"Secret Weapon","floor":44.0},{"not_picked":["Finesse","Impatience"],"picked":"Violence","floor":44.0},{"not_picked":["True Grit+1","Dual Wield","Anger+1"],"picked":"SKIP","floor":45.0},{"not_picked":["Shockwave","True Grit","Rampage+1"],"picked":"SKIP","floor":48.0},{"not_picked":["Battle Trance+1","Entrench","Heavy Blade+1"],"picked":"SKIP","floor":54.0}],"player_experience":230547,"relics_obtained":[{"floor":6.0,"key":"PreservedInsect"},{"floor":8.0,"key":"Lantern"},{"floor":9.0,"key":"The Courier"},{"floor":12.0,"key":"Molten Egg 2"},{"floor":25.0,"key":"Sundial"},{"floor":27.0,"key":"Regal Pillow"},{"floor":31.0,"key":"White Beast Statue"},{"floor":41.0,"key":"Whetstone"},{"floor":43.0,"key":"Pantograph"},{"floor":48.0,"key":"Smiling Mask"},{"floor":54.0,"key":"Gambling Chip"}],"event_choices":[{"damage_healed":0.0,"max_hp_gain":0.0,"max_hp_loss":0.0,"gold_gain":75.0,"event_name":"World of Goop","player_choice":"Gather Gold","floor":2.0,"gold_loss":0.0,"damage_taken":11.0},{"damage_healed":0.0,"max_hp_gain":0.0,"max_hp_loss":0.0,"gold_gain":99.0,"event_name":"Nest","player_choice":"Stole From Cult","floor":19.0,"gold_loss":0.0,"damage_taken":0.0},{"damage_healed":0.0,"max_hp_gain":0.0,"max_hp_loss":0.0,"gold_gain":0.0,"event_name":"Duplicator","player_choice":"Copied","floor":28.0,"gold_loss":0.0,"damage_taken":0.0,"cards_obtained":["Dropkick"]},{"damage_healed":0.0,"max_hp_gain":0.0,"max_hp_loss":0.0,"gold_gain":0.0,"cards_transformed":["Defend_R"],"event_name":"Transmorgrifier","player_choice":"Transformed","floor":36.0,"gold_loss":0.0,"damage_taken":0.0,"cards_obtained":["Shockwave"]},{"damage_healed":0.0,"max_hp_gain":0.0,"max_hp_loss":0.0,"gold_gain":0.0,"event_name":"SensoryStone","player_choice":"Memory 3","floor":44.0,"gold_loss":0.0,"damage_taken":10.0}],"is_beta":false,"boss_relics":[{"not_picked":["Pandora\u0027s Box","Black Star"],"picked":"Runic Pyramid"},{"not_picked":["SacredBark","Runic Cube"],"picked":"Empty Cage"}],"items_purged_floors":[13,20,46,53],"is_endless":false,"potions_floor_spawned":[3,5,8,12,21,22,29,33,35,37,38,39,41,45,48,54],"ascension_level":8}}