{"host":"87fdiiwflhrwsj8a","time":1608176254,"event":{"mods":["Aspiration","BaseMod","Better Match","Better Note","Better Third Choice","BetterRewards","Colored Map","GifTheSpireLib","Infinite Spire","Minty Spire (QoL Compilation)","Relic Sorter","Replay The Spire","Robot Space Explorer","StSLib","Stuff the Spire","The Cursed"],"gold_per_floor":[117,194,74,129,143,168,168,203,276,294,322,336,336,336,367,239,239,336,336,348,348,348,348,367,367,245,271,271,296,319,338,377,377,394,394,394,490,490,502,502,405,415,415,444,444,474,474,474,474,508,508,528,528,528,528,619,349,381,403],"floor_reached":60,"playtime":2423,"items_purged":[],"score":1991,"play_id":"65da9b6d-28fe-4c9e-9df8-4adfd2c56cee","local_time":"20201216223734","is_ascension_mode":true,"campfire_choices":[{"floor":7.0,"key":"REST"},{"floor":17.0,"key":"DIG"},{"data":"Apotheosis","floor":28.0,"key":"SMITH"},{"data":"TheCursedMod:OutForBlood","floor":36.0,"key":"SMITH"},{"data":"TheCursedMod:NeowsMight","floor":45,"key":"SMITH"},{"floor":49,"key":"RECALL"},{"data":"TheCursedMod:HellsGateOpen","floor":51,"key":"SMITH"},{"floor":53,"key":"DIG"}],"circlet_count":0,"master_deck":["TheCursedMod:Strike_TheCursed","TheCursedMod:Strike_TheCursed","TheCursedMod:Strike_TheCursed","TheCursedMod:Strike_TheCursed","TheCursedMod:Defend_TheCursed","TheCursedMod:Defend_TheCursed","TheCursedMod:Defend_TheCursed","TheCursedMod:Defend_TheCursed","TheCursedMod:CursedWand","TheCursedMod:CleanUpWorkshop","TheCursedMod:Dregs","TheCursedMod:FuryStrike+1","ReplayTheSpireMod:Private Reserves+1","TheCursedMod:SurpriseAttack","TheCursedMod:SpitefulStrike","TheCursedMod:CursedShiv","TheCursedMod:SpitefulStrike","TheCursedMod:DemonSword","TheCursedMod:SpitefulStrike+1","TheCursedMod:CursedStaff+1","TheCursedMod:FuryStrike+1","TheCursedMod:OutForBlood+1","TheCursedMod:TacticalStrike+1","TheCursedMod:TacticalStrike+1","Apotheosis+1","TheCursedMod:VitalStrike+1","TheCursedMod:HellsGateOpen+1","TheCursedMod:SurpriseAttack+1","TheCursedMod:CursedShiv+1","Shame","TheCursedMod:NeowsMight+1","TheCursedMod:CursedShiv+1","TheCursedMod:CursedStaff+1","TheCursedMod:Stigma+1","Good Instincts","TheCursedMod:SpitefulStrike+1"],"relics":["TheCursedMod:BlackMagic101","ReplayTheSpireMod:Ninjato","StuffTheSpire:NeowsTribute","aspiration:HatOfInfinitePower","Unceasing Top","Membership Card","infinitespire:Satchel","infinitespire:Midas Blood","StuffTheSpire:Wildfire","Guide Book","Gremlin Horn","HornCleat","Lantern","Molten Egg 2","Replay:Accelerometer","Ornamental Fan","Centennial Puzzle","TheCursedMod:FourLeafCloverCharm","aspiration:StickyExplosives_weak","Tiny Chest","MealTicket","Vajra","Busted Crown","StuffTheSpire:Gunfinga","TheCursedMod:BloodyHarpoon","Bronze Scales","Gremlin Food","ReplayTheSpireMod:TigerMarble","TheCursedMod:OminousMark","Replay:Multitool","Bird Faced Urn","ReplayTheSpireMod:Shallot","Replay:WaspNest","Replay:Rubber Ducky","Letter Opener"],"acts_visited":["Exordium","TheCity","TheBeyond","TheEnding"],"potions_floor_usage":[54,59,59],"damage_taken":[{"damage":0.0,"enemies":"Jaw Worm","floor":1.0,"turns":2.0},{"damage":0.0,"enemies":"2 Louse","floor":5.0,"turns":1.0},{"damage":0.0,"enemies":"Replay:BlueRogue","floor":6.0,"turns":2.0},{"damage":2.0,"enemies":"3 Sentries","floor":8.0,"turns":2.0},{"damage":0.0,"enemies":"Small Slimes","floor":10.0,"turns":1.0},{"damage":0.0,"enemies":"Gremlin Nob","floor":11.0,"turns":1.0},{"damage":0.0,"enemies":"Exordium Thugs","floor":12.0,"turns":1.0},{"damage":0.0,"enemies":"3 Sentries","floor":15.0,"turns":2.0},{"damage":0.0,"enemies":"Hexaghost","floor":18.0,"turns":2.0},{"damage":0.0,"enemies":"Shell Parasite","floor":20.0,"turns":2.0},{"damage":0.0,"enemies":"Chosen","floor":24.0,"turns":2.0},{"damage":0.0,"enemies":"Gremlin Leader","floor":27.0,"turns":2.0},{"damage":0.0,"enemies":"Slavers","floor":29.0,"turns":2.0},{"damage":0.0,"enemies":"Snecko","floor":31.0,"turns":2.0},{"damage":10.0,"enemies":"Replay:Snechameleon","floor":32.0,"turns":2.0},{"damage":0.0,"enemies":"Snake Plant","floor":34.0,"turns":1.0},{"damage":0.0,"enemies":"Collector","floor":37.0,"turns":4.0},{"damage":0,"enemies":"3 Shapes","floor":39,"turns":1},{"damage":0,"enemies":"Orb Walker","floor":42,"turns":1},{"damage":0,"enemies":"R_Hoarder","floor":44,"turns":4},{"damage":0,"enemies":"Reptomancer","floor":46,"turns":1},{"damage":0,"enemies":"Nemesis","floor":50,"turns":1},{"damage":0,"enemies":"Maw","floor":52,"turns":2},{"damage":0,"enemies":"infinitespire:MassOfShapes","floor":54,"turns":1},{"damage":0,"enemies":"Shield and Spear","floor":58,"turns":2},{"damage":70,"enemies":"The Heart","floor":59,"turns":4}],"seed_played":"-1206825545287006815","potions_obtained":[{"floor":1.0,"key":"Doom Potion"},{"floor":6.0,"key":"infinitespire:BlackPotion"},{"floor":11.0,"key":"Swift Potion"},{"floor":18.0,"key":"LiquidBronze"},{"floor":20.0,"key":"DistilledChaos"}],"is_trial":false,"path_per_floor":["M","?","$","?","M","E","R","E","T","M","E","M","PTL","PTL","E","$","R_BF","B",null,"M","?","PTL","PTL","M","?","$","E","R","E","T","M","E","$","M","?","R","B",null,"M","?","$","M","T","E","R","E","T","AVR","R","E","R","M","R_BF","B",null,"R","$","E","B",null],"character_chosen":"THE_CURSED","items_purchased":["ReplayTheSpireMod:Ninjato","aspiration:HatOfInfinitePower","TheCursedMod:FuryStrike","Membership Card","infinitespire:Satchel","ReplayTheSpireMod:Private Reserves","infinitespire:Midas Blood","StuffTheSpire:Wildfire","Guide Book","TheCursedMod:SurpriseAttack","TheCursedMod:SpitefulStrike","Gremlin Horn","Ornamental Fan","Apotheosis","TheCursedMod:VitalStrike+1","StuffTheSpire:Gunfinga","TheCursedMod:CursedShiv+1","Replay:WaspNest","Replay:Rubber Ducky","Good Instincts","Energy Potion"],"campfire_rested":1,"item_purchase_floors":[0,0,0,0,0,0,0,0,0,0,0,3,16,26,26,41,41,57,57,57,57],"current_hp_per_floor":[27,16,16,16,16,16,38,36,36,36,36,36,36,36,36,36,36,36,75,75,75,75,75,75,75,75,75,75,75,75,75,65,75,75,75,75,75,75,75,75,75,75,75,75,75,75,75,75,75,75,75,75,75,75,75,75,75,75,6],"gold":403,"neow_bonus":"","is_daily":false,"chose_seed":false,"campfire_upgraded":4,"win_rate":0.0,"timestamp":1608176254,"path_taken":["M","?","$","?","M","E","R","E","T","M","E","M","PTL","PTL","E","$","R_BF","BOSS","M","?","PTL","PTL","M","?","$","E","R","E","T","M","E","?","M","?","R","BOSS","M","?","$","M","?","E","R","E","T","AVR","R","E","R","M","R_BF","BOSS","R","$","E","BOSS"],"items_purchased_type":["Relic","Relic","Card","Relic","Relic","Card","Relic","Relic","Relic","Card","Card","Relic","Relic","Card","Card","Relic","Card","Relic","Relic","Card","Potion"],"build_version":"2020-12-13","purchased_purges":0,"victory":true,"max_hp_per_floor":[75,75,75,75,75,75,75,75,75,75,75,75,75,75,75,75,75,75,75,75,75,75,75,75,75,75,75,75,75,75,75,75,75,75,75,75,75,75,75,75,75,75,75,75,75,75,75,75,75,75,75,75,75,75,75,75,75,75,75],"card_choices":[{"not_picked":["TheCursedMod:SpreadPlague","TheCursedMod:ReleasedKnowledge"],"picked":"TheCursedMod:CursedShiv","floor":1.0},{"not_picked":["TheCursedMod:SoulCrush","TheCursedMod:CursedSpellbook"],"picked":"TheCursedMod:SpitefulStrike","floor":5.0},{"not_picked":["TheCursedMod:Wield","TheCursedMod:DemonSword","TheCursedMod:CircleOfWindfury"],"picked":"SKIP","floor":6.0},{"not_picked":["TheCursedMod:Wield","TheCursedMod:CircleOfWindfury"],"picked":"TheCursedMod:DemonSword","floor":6.0},{"not_picked":["TheCursedMod:VitalStrike","TheCursedMod:SoulCrush","TheCursedMod:CircleOfBlood"],"picked":"SKIP","floor":8.0},{"not_picked":["TheCursedMod:SoulReap","TheCursedMod:CursedMace","TheCursedMod:BlessingInDisguise"],"picked":"SKIP","floor":10.0},{"not_picked":["TheCursedMod:Torture","TheCursedMod:SurpriseAttack+1"],"picked":"TheCursedMod:SpitefulStrike+1","floor":11.0},{"not_picked":["TheCursedMod:SmokeScreen","TheCursedMod:WearCloak"],"picked":"TheCursedMod:CursedStaff+1","floor":12.0},{"not_picked":["TheCursedMod:HellfireBreathing","TheCursedMod:SoulReap+1"],"picked":"TheCursedMod:FuryStrike+1","floor":15.0},{"not_picked":["TheCursedMod:ParallelWorld","TheCursedMod:ForbiddenAlchemy"],"picked":"TheCursedMod:OutForBlood","floor":18.0},{"not_picked":["TheCursedMod:CircleOfWindfury","TheCursedMod:Wield+1"],"picked":"TheCursedMod:TacticalStrike+1","floor":20.0},{"not_picked":["TheCursedMod:TroublousMinions+1","TheCursedMod:Stigma+1"],"picked":"TheCursedMod:TacticalStrike+1","floor":24.0},{"not_picked":["TheCursedMod:SaltUponWound+1","TheCursedMod:CircleOfCorruption+1","TheCursedMod:CursedMace+1"],"picked":"SKIP","floor":27.0},{"not_picked":["TheCursedMod:StingEye+1","TheCursedMod:ForbiddenAlchemy","TheCursedMod:CircleOfCorruption"],"picked":"SKIP","floor":29.0},{"not_picked":["TheCursedMod:Stretching","TheCursedMod:CursedAmulet"],"picked":"TheCursedMod:HellsGateOpen","floor":31.0},{"not_picked":["TheCursedMod:CursedShiv+1","TheCursedMod:WearCloak+1"],"picked":"TheCursedMod:SurpriseAttack+1","floor":32.0},{"not_picked":["TheCursedMod:FleshFromBone+1","TheCursedMod:CursedBlade+1"],"picked":"TheCursedMod:CursedShiv+1","floor":34.0},{"not_picked":["TheCursedMod:OutForBlood","TheCursedMod:CircleOfAbyss"],"picked":"TheCursedMod:NeowsMight","floor":37.0},{"not_picked":["TheCursedMod:ReleasedStrength+1"],"picked":"SKIP","floor":39},{"not_picked":[],"picked":"TheCursedMod:CursedStaff+1","floor":42},{"not_picked":["TheCursedMod:CircleOfCorruption"],"picked":"SKIP","floor":44},{"not_picked":["TheCursedMod:ManaBullet+1"],"picked":"SKIP","floor":46},{"not_picked":[],"picked":"TheCursedMod:Stigma+1","floor":50},{"not_picked":["TheCursedMod:EmpowerCircles"],"picked":"SKIP","floor":52},{"not_picked":[],"picked":"TheCursedMod:SpitefulStrike+1","floor":58}],"player_experience":2562347,"relics_obtained":[{"floor":6.0,"key":"HornCleat"},{"floor":8.0,"key":"Lantern"},{"floor":11.0,"key":"Molten Egg 2"},{"floor":15.0,"key":"Replay:Accelerometer"},{"floor":17.0,"key":"Centennial Puzzle"},{"floor":27.0,"key":"aspiration:StickyExplosives_weak"},{"floor":29.0,"key":"Tiny Chest"},{"floor":30.0,"key":"MealTicket"},{"floor":32.0,"key":"Vajra"},{"floor":43,"key":"TheCursedMod:BloodyHarpoon"},{"floor":44,"key":"Bronze Scales"},{"floor":46,"key":"Gremlin Food"},{"floor":47,"key":"ReplayTheSpireMod:TigerMarble"},{"floor":50,"key":"Bird Faced Urn"},{"floor":53,"key":"ReplayTheSpireMod:Shallot"},{"floor":58,"key":"Letter Opener"}],"event_choices":[{"damage_healed":0.0,"max_hp_gain":0.0,"max_hp_loss":0.0,"gold_gain":75.0,"event_name":"betterThird:BetterGoop","player_choice":"Gold","floor":2.0,"gold_loss":0.0,"damage_taken":11.0},{"damage_healed":0.0,"max_hp_gain":0.0,"max_hp_loss":0.0,"gold_gain":55.0,"event_name":"Golden Wing","player_choice":"Gained Gold","floor":4.0,"gold_loss":0.0,"damage_taken":0.0},{"damage_healed":0.0,"max_hp_gain":0.0,"max_hp_loss":0.0,"gold_gain":0.0,"event_name":"Ghosts","player_choice":"Ignored","floor":21.0,"gold_loss":0.0,"damage_taken":0.0},{"damage_healed":0.0,"max_hp_gain":0.0,"max_hp_loss":0.0,"gold_gain":0.0,"event_name":"Cursed Tome","player_choice":"Ignored","floor":25.0,"gold_loss":0.0,"damage_taken":0.0}],"is_beta":false,"boss_relics":[{"not_picked":["infinitespire:Cupcake","SacredBark"],"picked":"TheCursedMod:FourLeafCloverCharm"},{"not_picked":["Tiny House","Replay:Drink Me"],"picked":"Busted Crown"}],"items_purged_floors":[],"is_endless":false,"potions_floor_spawned":[1,6,11,18,20,24,27,32,39,46,50,58],"ascension_level":3}}