{"host":"8e68pzgs4bln6t6e","time":1608218992,"event":{"mods":["AchievementEnabler","Act Like it!","BaseMod","Better Note","BetterRewards","Colored Powertips","Googly Eyes","Hallownest","Hubris","Jorbs\u0027s Wanderer Trilogy","Marisa????????","Minty Spire (QoL Compilation)","Quick Restart","Rare Cards Sparkle","Replay The Spire","Shop Mod","StSLib","The Animator","The Bug Knight","The Cursed","The Disciple","The Hierophant","The Servant 0.9.4"],"gold_per_floor":[111,88,88,88,102,137,205,205,205,25,25,57,71,96,96,192,192,207,227,227,227,227,227],"floor_reached":22,"playtime":2378,"items_purged":["ReplayTheSpireMod:Splinters"],"score":236,"play_id":"60978ab6-6502-4cc8-b573-a73a15a0d032","local_time":"20201217162952","is_ascension_mode":true,"campfire_choices":[{"data":"Chaos","floor":8,"key":"SMITH"}],"circlet_count":0,"master_deck":["Strike_B","Strike_B","Strike_B","Defend_B","Defend_B","Defend_B","Zap","Dualcast","Turbo","Redo","BasicCrystalCard","Conserve Battery","Chaos+1","White Noise","Fission+1","Tempest","Meteor Strike","Defragment","ReplayRNGCard","Rebound+1","ReplaySort+1","Hallownest:attackMasterCycloneSlash","Hallownest:curseDreamersLament"],"relics":["Cracked Core","NeowsBlessing","hubris:Icosahedron","Boot","hubris:CrystalStatue","Potion Belt","Replay:Multitool","Oddly Smooth Stone","hubris:HollowSoul","Hallownest:WatcherSealRelic"],"acts_visited":["Exordium","Exordium"],"potions_floor_usage":[16,16,16,16,16,22,22,22],"damage_taken":[{"damage":0,"enemies":"Jaw Worm","floor":1,"turns":1},{"damage":0,"enemies":"2 Louse","floor":5,"turns":1},{"damage":0,"enemies":"HollowMod:MossKnight","floor":6,"turns":1},{"damage":10,"enemies":"Replay:BlueRogue","floor":12,"turns":6},{"damage":0,"enemies":"Cultist","floor":13,"turns":2},{"damage":19,"enemies":"Lagavulin","floor":14,"turns":5},{"damage":46,"enemies":"Fading Forest","floor":16,"turns":11},{"damage":30,"enemies":"Hallownest:3_Youths","floor":18,"turns":4},{"damage":28,"enemies":"Hallownest:2_Mistakes","floor":19,"turns":6},{"damage":22,"enemies":"Hallownest:3_Mistakes","floor":22,"turns":2}],"seed_played":"-5261720303929718742","potions_obtained":[{"floor":7,"key":"CultistPotion"},{"floor":14,"key":"EntropicBrew"},{"floor":16,"key":"SkillPotion"},{"floor":19,"key":"Toxic Potion"}],"is_trial":false,"path_per_floor":["M","$","?","?","M","E","?","R","T","$","?","E","M","E","R","B",null,"M","M","?","?","M"],"character_chosen":"DEFECT","items_purchased":["Redo","Fission+1"],"campfire_rested":0,"item_purchase_floors":[2,10],"current_hp_per_floor":[75,75,75,75,75,75,75,75,75,75,75,65,65,46,46,22,75,45,17,17,17,0,0],"gold":227,"neow_bonus":"THREE_ENEMY_KILL","is_daily":false,"chose_seed":false,"campfire_upgraded":1,"win_rate":0.0,"timestamp":1608218992,"path_taken":["M","$","?","?","?","E","?","R","T","?","?","E","M","E","R","BOSS","M","?","?","?","M"],"items_purchased_type":["Card","Card"],"build_version":"2020-12-13","purchased_purges":1,"victory":false,"max_hp_per_floor":[75,75,75,75,75,75,75,75,75,75,75,75,75,75,75,75,75,75,75,75,75,75,75],"card_choices":[{"not_picked":["Barrage","Sweeping Beam"],"picked":"Turbo","floor":1},{"not_picked":["Gash","Sweeping Beam"],"picked":"BasicCrystalCard","floor":5},{"not_picked":["Redo","BootSequence"],"picked":"Conserve Battery","floor":6},{"not_picked":["Beam Cell","BootSequence"],"picked":"Chaos","floor":7},{"not_picked":["Turbo","Conserve Battery"],"picked":"White Noise","floor":7},{"not_picked":["ReplaySolidLightProjector","Go for the Eyes","Compile Driver"],"picked":"SKIP","floor":12},{"not_picked":["Ball Lightning","Sweeping Beam"],"picked":"Tempest","floor":13},{"not_picked":["Stack","Coolheaded"],"picked":"Meteor Strike","floor":14},{"not_picked":["Meteor Strike","Creative AI"],"picked":"ReplayRNGCard","floor":16},{"not_picked":["Coolheaded","Steam"],"picked":"Rebound+1","floor":18},{"not_picked":["Rebound","Conserve Battery"],"picked":"ReplaySort+1","floor":19}],"player_experience":180140,"relics_obtained":[{"floor":4,"key":"Boot"},{"floor":6,"key":"hubris:CrystalStatue"},{"floor":7,"key":"Potion Belt"},{"floor":12,"key":"Replay:Multitool"},{"floor":14,"key":"Oddly Smooth Stone"}],"event_choices":[{"damage_healed":0,"gold_gain":0,"player_choice":"Relic","damage_taken":0,"max_hp_gain":0,"max_hp_loss":0,"event_name":"Wheel of Change","floor":4,"gold_loss":0},{"cards_removed":["Defend_B"],"damage_healed":0,"gold_gain":0,"player_choice":"Offered Basic","damage_taken":0,"max_hp_gain":0,"max_hp_loss":0,"event_name":"Bonfire Elementals","floor":11,"gold_loss":0}],"is_beta":false,"boss_relics":[{"not_picked":["Coffee Dripper","Replay:Bronze Core"],"picked":"hubris:HollowSoul"}],"items_purged_floors":[10],"is_endless":false,"potions_floor_spawned":[14,16,19],"killed_by":"Hallownest:3_Mistakes","ascension_level":1}}