{"host":"icrrc9b69c1a6188","time":1608227809,"event":{"mods":["A Magickal Journey","BaseMod","Better Altar","Better Match","Better Note","Better Sensory Stone","Better Skull","Better Third Choice","Colored Map","Colored Powertips","Displayed Cursed Tome","Faster Ascension Climbing","HexUI Lib","Minty Spire (QoL Compilation)","Random Character Mod","Spicy Shops","StSLib","Unceasing Turn Reminder"],"gold_per_floor":[118,118,136,150,150,150,150],"floor_reached":6,"playtime":1382,"items_purged":[],"score":72,"play_id":"7ff65218-be3e-4a5a-beb2-2e27942888c5","local_time":"20201217115649","is_ascension_mode":true,"campfire_choices":[],"circlet_count":0,"master_deck":["Magicka:FearCard","Magicka:ConfuseCard","AscendersBane","Magicka:PreciseFingerCard+1","Magicka:PreciseFingerCard+1","Magicka:PreciseFingerCard","Magicka:PreciseFingerCard","Magicka:PreciseFingerCard","Magicka:DefaultBladeCard","Magicka:DefaultBladeCard","Magicka:SausageCard","Magicka:ShieldBoost","Magicka:ShieldBoost"],"relics":["Magicka:WizardStaff","Nunchaku"],"acts_visited":["Exordium"],"potions_floor_usage":[6],"damage_taken":[{"damage":18,"enemies":"Small Slimes","floor":1,"turns":6},{"damage":11,"enemies":"Cultist","floor":3,"turns":4},{"damage":2,"enemies":"Jaw Worm","floor":4,"turns":5},{"damage":48,"enemies":"Gremlin Nob","floor":6,"turns":4}],"seed_played":"-766969640973808358","potions_obtained":[{"floor":1,"key":"Ancient Potion"}],"is_trial":false,"path_per_floor":["M","?","M","M","?","E"],"character_chosen":"MAGICKA_WIZARD","items_purchased":[],"campfire_rested":0,"item_purchase_floors":[],"current_hp_per_floor":[38,12,31,38,31,0,0],"gold":150,"neow_bonus":"TEN_PERCENT_HP_BONUS","is_daily":false,"chose_seed":false,"campfire_upgraded":0,"win_rate":0.0,"timestamp":1608227809,"path_taken":["M","?","?","M","?","E"],"items_purchased_type":[],"build_version":"2020-12-13","purchased_purges":0,"victory":false,"max_hp_per_floor":[38,38,38,38,38,38,38],"card_choices":[{"not_picked":["Magicka:FastDeathCard","Magicka:ConflagrationCard"],"picked":"Magicka:SausageCard","floor":1},{"not_picked":["Magicka:PoisonCloudCard","Magicka:DeathRayCard"],"picked":"Magicka:ShieldBoost","floor":3},{"not_picked":["Magicka:SlipperyStoneCard","Magicka:SlipperyLightningCard"],"picked":"Magicka:ShieldBoost","floor":4}],"player_experience":673356,"relics_obtained":[],"event_choices":[{"damage_healed":0,"gold_gain":0,"player_choice":"RE UP UP ","damage_taken":32,"relics_obtained":["Nunchaku"],"max_hp_gain":0,"max_hp_loss":0,"event_name":"betterSkull:BetterSkull","floor":2,"gold_loss":0,"cards_upgraded":["Magicka:PreciseFingerCard","Magicka:PreciseFingerCard"]},{"cards_removed":["Magicka:TheFistCard"],"damage_healed":0,"gold_gain":0,"player_choice":"Card Removal","damage_taken":7,"max_hp_gain":0,"max_hp_loss":0,"event_name":"Golden Wing","floor":5,"gold_loss":0}],"is_beta":false,"boss_relics":[],"items_purged_floors":[],"is_endless":false,"potions_floor_spawned":[1],"killed_by":"Gremlin Nob","ascension_level":20}}