{"host":"8o45mh5p3pp1o2mi","time":1608167708,"event":{"mods":["BaseMod","Downfall","Minty Spire (QoL Compilation)","Replay The Spire","StSLib"],"gold_per_floor":[99,99,99,129,79,108,108,108,123,123,140,151,11,31,41,140,140,140,140,160,160,160,179,205,217,251,26,38,23,42,60,80,185,185,185,266,67,84,103,116,141,141,141,175,175,195,12,12,30,30,30,56,18,18,18],"floor_reached":56,"playtime":7126,"items_purged":["Sickly"],"score":1309,"play_id":"7ee282c0-82bd-4680-980d-95b91156a93e","local_time":"20201217011508","is_ascension_mode":false,"campfire_choices":[{"data":"Guardian:TwinSlam","floor":1,"key":"SMITH"},{"data":"Guardian:BaubleBeam","floor":8,"key":"SMITH"},{"data":"Guardian:Preprogram","floor":10,"key":"SMITH"},{"floor":18,"key":"DIG"},{"floor":21,"key":"RECALL"},{"data":"Guardian:EvasiveProtocol","floor":27,"key":"SMITH"},{"floor":35,"key":"DIG"},{"data":"Guardian:GuardianWhirl","floor":43,"key":"SMITH"},{"data":"Guardian:FastForward","floor":54,"key":"SMITH"}],"circlet_count":0,"master_deck":["Guardian:Strike_Guardian","Guardian:Strike_Guardian","Guardian:Strike_Guardian","Guardian:Defend_Guardian","Guardian:Defend_Guardian","Guardian:Defend_Guardian","Guardian:CurlUp","Guardian:TwinSlam+1","Guardian:SentryBeam","Guardian:Preprogram+1","Guardian:TemporalStrike","Guardian:BaubleBeam+1","Guardian:BronzeArmor","Guardian:Incinerate","Guardian:Reroute","Guardian:EvasiveProtocol+1","Guardian:PiercingHide","Guardian:FastForward","Guardian:StasisStrike","Guardian:TimeSifter","Guardian:RevengeProtocol","Guardian:ArmoredProtocol","Guardian:FastForward+1","ReplayTheSpireMod:IOU","Guardian:DecasProtection+1","Guardian:GuardianWhirl+1","Good Instincts+1","Guardian:ShieldCharger+1","Guardian:RollAttack+1","Guardian:FloatingOrbs","Pain","Parasite","Panache","Guardian:DonusPower+1","Guardian:Clone+1"],"relics":["Guardian:ModeShifter","downfall:HeartsMalice","Happy Flower","Replay:Rubber Ducky","ReplayTheSpireMod:Ninjato","Cursed Key","Gremlin Food","downfall:HeartBlessingRed","downfall:HeartBlessingBlue","downfall:HeartBlessingGreen","Sozu","Oddly Smooth Stone","Toxic Egg 2","Lantern","Centennial Puzzle","ReplayFunnel","Pear","Bag of Marbles"],"acts_visited":["Exordium","TheCity","TheBeyond","TheEnding"],"potions_floor_usage":[13,16,26,26,30,44,50,50],"damage_taken":[{"damage":0,"enemies":"Small Slimes","floor":2,"turns":1},{"damage":0,"enemies":"Replay:BlueRogue","floor":4,"turns":1},{"damage":0,"enemies":"downfall:FleeingMerchant","floor":5,"turns":1},{"damage":20,"enemies":"Gremlin Nob","floor":6,"turns":5},{"damage":11,"enemies":"Jaw Worm","floor":9,"turns":3},{"damage":4,"enemies":"Cultist","floor":11,"turns":3},{"damage":1,"enemies":"Exordium Wildlife","floor":12,"turns":4},{"damage":0,"enemies":"downfall:FleeingMerchant","floor":13,"turns":4},{"damage":0,"enemies":"Large Slime","floor":14,"turns":4},{"damage":0,"enemies":"Blue Slaver","floor":15,"turns":2},{"damage":31,"enemies":"downfall:Defect","floor":16,"turns":7},{"damage":0,"enemies":"Chosen","floor":20,"turns":3},{"damage":0,"enemies":"3 Byrds","floor":23,"turns":2},{"damage":13,"enemies":"Snake Plant","floor":25,"turns":5},{"damage":8,"enemies":"Gremlin Leader","floor":26,"turns":6},{"damage":6,"enemies":"Snecko","floor":28,"turns":5},{"damage":0,"enemies":"downfall:FleeingMerchant","floor":29,"turns":4},{"damage":0,"enemies":"3 Cultists","floor":30,"turns":4},{"damage":2,"enemies":"Centurion and Healer","floor":31,"turns":6},{"damage":6,"enemies":"Cultist and Chosen","floor":32,"turns":6},{"damage":15,"enemies":"downfall:Ironclad","floor":33,"turns":7},{"damage":0,"enemies":"downfall:FleeingMerchant","floor":37,"turns":4},{"damage":0,"enemies":"Orb Walker","floor":38,"turns":3},{"damage":18,"enemies":"3 Darklings","floor":39,"turns":4},{"damage":0,"enemies":"Sphere and 2 Shapes","floor":40,"turns":3},{"damage":39,"enemies":"Reptomancer","floor":44,"turns":6},{"damage":15,"enemies":"Writhing Mass","floor":46,"turns":6},{"damage":19,"enemies":"Spire Growth","floor":49,"turns":5},{"damage":0,"enemies":"downfall:Watcher","floor":50,"turns":5},{"damage":7,"enemies":"downfall:CharBossMerchant","floor":52,"turns":6},{"damage":29,"enemies":"downfall:NeowBoss","floor":55,"turns":20}],"seed_played":"8777855681731210806","potions_obtained":[{"floor":6,"key":"SkillPotion"},{"floor":9,"key":"Weak Potion"},{"floor":12,"key":"Elixir"},{"floor":14,"key":"BlessingOfTheForge"},{"floor":23,"key":"Explosive Potion"},{"floor":28,"key":"Explosive Potion"},{"floor":30,"key":"Strength Potion"},{"floor":32,"key":"Strength Potion"}],"is_trial":false,"path_per_floor":["R","M","?","E","$","E","T","R","M","R","M","M","$","M","M","B",null,"R","?","M","R","?","M","T","M","E","R","M","$","M","M","M","B",null,"R","?","$","M","M","M","T","?","R","E","?","M","$","$","M","B",null,"E","$","R","B",null],"character_chosen":"GUARDIAN","items_purchased":["Guardian:TemporalStrike","Guardian:EvasiveProtocol","Guardian:Gem_Purple","Guardian:GuardianWhirl","Lantern","Centennial Puzzle","Good Instincts+1","Panache","Guardian:Clone+1"],"campfire_rested":0,"item_purchase_floors":[5,13,13,37,37,37,37,47,53],"current_hp_per_floor":[80,80,80,80,80,60,60,60,49,49,45,44,44,44,44,13,80,80,65,65,65,65,65,65,52,44,54,48,48,48,46,40,25,95,95,95,95,95,77,77,77,77,77,48,48,33,33,33,14,14,105,98,98,98,69],"gold":18,"neow_bonus":"THREE_ENEMY_KILL","is_daily":false,"chose_seed":false,"campfire_upgraded":6,"win_rate":0.0,"timestamp":1608167708,"path_taken":["R","M","?","E","$","E","T","R","M","R","M","M","$","M","M","BOSS","R","?","M","R","?","?","T","M","E","R","M","$","M","M","M","BOSS","R","?","$","M","M","M","T","?","R","E","?","M","?","$","M","BOSS","E","$","R","BOSS"],"items_purchased_type":["Card","Card","Card","Card","Relic","Relic","Card","Card","Card"],"build_version":"2020-12-13","purchased_purges":1,"victory":true,"max_hp_per_floor":[80,80,80,80,80,80,80,80,80,80,80,80,80,80,80,80,80,80,85,85,85,85,85,85,85,85,95,95,95,95,95,95,95,95,95,95,95,95,95,95,95,95,95,105,105,105,105,105,105,105,105,105,105,105,105],"card_choices":[{"not_picked":["Guardian:Gem_Purple","Guardian:CrystalBeam"],"picked":"Guardian:Gem_Red","floor":2},{"not_picked":["Guardian:MultiBeam","Guardian:Incinerate"],"picked":"Guardian:SentryBeam","floor":4},{"not_picked":["Guardian:VentSteam","Guardian:DonusPower"],"picked":"Guardian:Preprogram","floor":5},{"not_picked":["Guardian:Gem_Red","Guardian:Clone"],"picked":"Guardian:BaubleBeam","floor":6},{"not_picked":["Guardian:ChargeCore","Guardian:Repulse"],"picked":"Guardian:BronzeArmor","floor":9},{"not_picked":["Guardian:Gem_Cyan","Guardian:Harden"],"picked":"Guardian:Incinerate","floor":11},{"not_picked":["Guardian:Planning","Guardian:Suspension"],"picked":"Guardian:Gem_White","floor":12},{"not_picked":["Guardian:Repulse","Guardian:Suspension"],"picked":"Guardian:Reroute","floor":13},{"not_picked":["Guardian:WalkerClaw","Guardian:TemporalShield"],"picked":"Guardian:PiercingHide","floor":14},{"not_picked":["Guardian:Recover","Guardian:Gem_Fragmented"],"picked":"Guardian:FastForward","floor":15},{"not_picked":["Guardian:FastForward","Guardian:BaubleBeam"],"picked":"Guardian:StasisStrike","floor":16},{"not_picked":["Guardian:Planning","Guardian:Incinerate+1"],"picked":"Guardian:Gem_White","floor":20},{"not_picked":["Guardian:Planning","Guardian:CrystalBeam"],"picked":"Guardian:Gem_Lightblue","floor":23},{"not_picked":["Guardian:SentryBeam+1","Guardian:Gem_Green"],"picked":"Guardian:RevengeProtocol","floor":25},{"not_picked":["Guardian:SentryBeam+1","Guardian:Clone","Guardian:VentSteam"],"picked":"SKIP","floor":26},{"not_picked":["Guardian:Reroute","Guardian:Suspension"],"picked":"Guardian:Gem_Cyan","floor":28},{"not_picked":["Guardian:PrimingBeam","Guardian:HyperBeam_Guardian","Guardian:Incinerate"],"picked":"SKIP","floor":29},{"not_picked":["Guardian:Repulse","Guardian:Suspension","Guardian:Preprogram"],"picked":"SKIP","floor":30},{"not_picked":["Guardian:CrystalBeam","Guardian:ShieldSpikes"],"picked":"Guardian:ArmoredProtocol","floor":31},{"not_picked":["Guardian:SentryBeam","Guardian:PiercingHide+1"],"picked":"Guardian:Gem_Lightblue","floor":32},{"not_picked":["Guardian:SphericShield","Guardian:HyperBeam_Guardian"],"picked":"Guardian:FastForward","floor":33},{"not_picked":["Guardian:ChargeCore","Guardian:Gem_Green"],"picked":"Guardian:DecasProtection+1","floor":37},{"not_picked":["Guardian:Gem_Red","Guardian:CrystalBeam"],"picked":"Guardian:ShieldCharger+1","floor":38},{"not_picked":["Guardian:PiercingHide+1","Guardian:RevengeProtocol"],"picked":"Guardian:RollAttack+1","floor":39},{"not_picked":["Guardian:Incinerate","Guardian:Gem_Lightblue"],"picked":"Guardian:FloatingOrbs","floor":40},{"not_picked":["Guardian:PrimingBeam","Guardian:RevengeProtocol"],"picked":"Guardian:Gem_Fragmented","floor":44},{"not_picked":["Guardian:Repulse","Guardian:Harden+1"],"picked":"Guardian:Gem_Green","floor":46},{"not_picked":["Guardian:Emergency+1","Guardian:TemporalStrike+1"],"picked":"Guardian:DonusPower+1","floor":49},{"not_picked":["Guardian:PolyBeam","Guardian:Planning+1"],"picked":"Guardian:Gem_Synthetic","floor":52}],"player_experience":9816,"relics_obtained":[{"floor":4,"key":"Happy Flower"},{"floor":6,"key":"Replay:Rubber Ducky"},{"floor":7,"key":"ReplayTheSpireMod:Ninjato"},{"floor":18,"key":"Onion Ring"},{"floor":26,"key":"Gremlin Food"},{"floor":35,"key":"Oddly Smooth Stone"},{"floor":36,"key":"Toxic Egg 2"},{"floor":41,"key":"ReplayFunnel"},{"floor":44,"key":"Pear"},{"floor":52,"key":"Bag of Marbles"}],"event_choices":[],"is_beta":false,"boss_relics":[{"not_picked":["ChewingGum","Velvet Choker"],"picked":"Cursed Key"},{"not_picked":["Calling Bell","ReplayTheSpireMod:DimensionalGlitch"],"picked":"Sozu"}],"items_purged_floors":[37],"is_endless":false,"potions_floor_spawned":[6,9,12,14,15,23,28,30,32,40,44,46,52],"ascension_level":0}}