{"host":"uuef13iiy6j2c50k","time":1608175723,"event":{"mods":["BaseMod","Minty Spire (QoL Compilation)","Quick Restart","Relic Stats","Slay-I","StSLib","SuperFastMode"],"gold_per_floor":[116,166,166,183,32,32,62,62,109,142,159,179,195,209,209,308,308,328,288,298,14,34,34,34],"floor_reached":23,"playtime":745,"items_purged":[],"score":262,"play_id":"5cccff68-f137-4cc1-9a34-0e1c4410d496","local_time":"20201216172843","is_ascension_mode":true,"campfire_choices":[{"data":"Capacitor","floor":6,"key":"SMITH"},{"floor":15,"key":"REST"}],"circlet_count":0,"master_deck":["Strike_B","Strike_B","Strike_B","Strike_B","Defend_B","Defend_B","Defend_B","Defend_B","Zap","Dualcast","Doom and Gloom","Electrodynamics+1","Capacitor+1","Barrage","Rainbow","Reinforced Body","Chaos","Coolheaded","Hologram+1","Echo Form","Consume","Chill","Defragment+1"],"relics":["Cracked Core","NeowsBlessing","Orrery","Calipers","PreservedInsect","Bird Faced Urn","Inserter","Frozen Egg 2"],"acts_visited":["Exordium","TheCity"],"potions_floor_usage":[10,23],"damage_taken":[{"damage":0,"enemies":"2 Louse","floor":1,"turns":1},{"damage":0,"enemies":"Jaw Worm","floor":4,"turns":1},{"damage":0,"enemies":"Lagavulin","floor":7,"turns":1},{"damage":16,"enemies":"Gremlin Nob","floor":10,"turns":3},{"damage":0,"enemies":"Small Slimes","floor":11,"turns":2},{"damage":13,"enemies":"Gremlin Gang","floor":12,"turns":3},{"damage":14,"enemies":"2 Fungi Beasts","floor":13,"turns":4},{"damage":19,"enemies":"Exordium Thugs","floor":14,"turns":5},{"damage":32,"enemies":"Hexaghost","floor":16,"turns":9},{"damage":16,"enemies":"Chosen","floor":18,"turns":5},{"damage":19,"enemies":"Shell Parasite","floor":20,"turns":9},{"damage":16,"enemies":"Cultist and Chosen","floor":22,"turns":5},{"damage":42,"enemies":"Gremlin Leader","floor":23,"turns":2}],"seed_played":"13155416921640519","potions_obtained":[{"floor":4,"key":"PowerPotion"},{"floor":7,"key":"Fire Potion"},{"floor":12,"key":"Ancient Potion"},{"floor":13,"key":"Dexterity Potion"},{"floor":18,"key":"DistilledChaos"}],"is_trial":false,"path_per_floor":["M","?","?","M","$","R","E","?","T","E","M","M","M","M","R","B",null,"M","?","M","$","M","E"],"character_chosen":"DEFECT","items_purchased":["Orrery","Frozen Egg 2","Defragment+1"],"campfire_rested":1,"item_purchase_floors":[5,21,21],"current_hp_per_floor":[75,75,80,80,80,80,80,72,72,56,58,47,37,22,46,18,80,66,66,49,49,39,0,0],"gold":34,"neow_bonus":"THREE_ENEMY_KILL","is_daily":false,"chose_seed":false,"campfire_upgraded":1,"win_rate":0.0,"timestamp":1608175723,"path_taken":["M","?","?","M","$","R","E","?","T","E","M","?","M","M","R","BOSS","M","?","M","$","M","E"],"items_purchased_type":["Relic","Relic","Card"],"build_version":"2020-12-13","purchased_purges":0,"victory":false,"max_hp_per_floor":[75,75,80,80,80,80,80,80,80,80,80,80,80,80,80,80,80,80,80,80,80,80,80,80],"relic_stats":{"Inserter":[10],"counters":[13,50],"Bird Faced Urn":[28],"PreservedInsect":72,"obtain_stats":[{"Calipers":7,"Inserter":17,"NeowsBlessing":0,"Bird Faced Urn":10,"Orrery":5,"PreservedInsect":9,"Frozen Egg 2":21,"Cracked Core":0},{"Calipers":3,"Inserter":9,"NeowsBlessing":0,"Bird Faced Urn":4,"Orrery":2,"PreservedInsect":3,"Frozen Egg 2":11,"Cracked Core":0},{"Calipers":3,"Inserter":29,"NeowsBlessing":0,"Bird Faced Urn":6,"Orrery":2,"PreservedInsect":3,"Frozen Egg 2":43,"Cracked Core":0}]},"card_choices":[{"not_picked":["Ball Lightning","Lockon"],"picked":"Doom and Gloom","floor":1},{"not_picked":["Go for the Eyes","Auto Shields","Tempest"],"picked":"SKIP","floor":4},{"not_picked":["Glacier","Auto Shields"],"picked":"Electrodynamics","floor":5},{"not_picked":["Multi-Cast","Auto Shields"],"picked":"Capacitor","floor":5},{"not_picked":["Conserve Battery","Streamline"],"picked":"Barrage","floor":5},{"not_picked":["Go for the Eyes","Consume"],"picked":"Rainbow","floor":5},{"not_picked":["Streamline","Ball Lightning","Sweeping Beam"],"picked":"SKIP","floor":7},{"not_picked":["Conserve Battery","Double Energy"],"picked":"Reinforced Body","floor":10},{"not_picked":["Gash","Compile Driver","White Noise"],"picked":"SKIP","floor":11},{"not_picked":["Sweeping Beam","Fission"],"picked":"Chaos","floor":12},{"not_picked":["Darkness","Rebound"],"picked":"Coolheaded","floor":13},{"not_picked":["Leap","Scrape"],"picked":"Hologram","floor":14},{"not_picked":["Hyperbeam","Fission"],"picked":"Echo Form","floor":16},{"not_picked":["Conserve Battery","Leap"],"picked":"Consume","floor":18},{"not_picked":["Capacitor","Hello World"],"picked":"Chill","floor":20},{"not_picked":["Go for the Eyes+1","Sweeping Beam+1","Stack"],"picked":"SKIP","floor":22}],"player_experience":26744,"relics_obtained":[{"floor":7,"key":"Calipers"},{"floor":9,"key":"PreservedInsect"},{"floor":10,"key":"Bird Faced Urn"}],"event_choices":[{"damage_healed":0,"gold_gain":50,"player_choice":"Gained Gold","damage_taken":0,"max_hp_gain":0,"max_hp_loss":0,"event_name":"Golden Wing","floor":2,"gold_loss":0},{"damage_healed":0,"gold_gain":0,"player_choice":"Donut","damage_taken":0,"max_hp_gain":5,"max_hp_loss":0,"event_name":"Big Fish","floor":3,"gold_loss":0},{"damage_healed":0,"gold_gain":0,"player_choice":"Damaged","damage_taken":8,"max_hp_gain":0,"max_hp_loss":0,"event_name":"Wheel of Change","floor":8,"gold_loss":0},{"damage_healed":0,"gold_gain":0,"player_choice":"Upgraded Two","damage_taken":0,"max_hp_gain":0,"max_hp_loss":0,"event_name":"Designer","floor":19,"gold_loss":40,"cards_upgraded":["Electrodynamics","Hologram"]}],"is_beta":false,"boss_relics":[{"not_picked":["Astrolabe","Nuclear Battery"],"picked":"Inserter"}],"items_purged_floors":[],"is_endless":false,"potions_floor_spawned":[4,7,12,13,14,18,22],"killed_by":"Gremlin Leader","ascension_level":3}}