{"host":"mn5ze3eyhx81nlo2","time":1608237486,"event":{"mods":["BaseMod","Block Reminder","Challenge The Spire","Downfall","Hermit","Hubris","Infinite Spire","Minty Spire (QoL Compilation)","Quick Restart","Replay The Spire","Shade Mod","StSLib","The Cursed","The Druid","The Hierophant","The Runesmith","Unceasing Turn Reminder"],"gold_per_floor":[99,99,99,99,99,128,179,206,116,146,164,183,206,217,227,330,330,330,330,330,315,400,400,446,480,500,500,512,527,527,543,563,668,668,668,688,688,700,700,732,732,754,783,795,807,839,851,879,901,1016,1028,1040,1062,1100,887,927,949,984,996,1059,1071,1096,1108,446,466,479,578,578,578,603,603,603,638,128,153,168,168,168,187,187,137,137,155,259,259,259,287,287,68,88,107,141,191,191,191,206,224,244,93,111,213,213,213],"floor_reached":102,"playtime":8610,"items_purged":["hexamod:Strike","hexamod:SoulSteal","sneckomod:Bewildered","Overencumbered","hubris:Lust","CommonCold"],"score":2288,"play_id":"3cd2a7b0-718b-4e68-a9f6-c3a2768969c4","local_time":"20201217203806","is_ascension_mode":true,"campfire_choices":[{"floor":1.0,"key":"RECALL"},{"data":"hexamod:FastForward","floor":18.0,"key":"SMITH"},{"data":"hexamod:GhostOfSpirePast","floor":18.0,"key":"SMITH"},{"data":"hexamod:Float","floor":23.0,"key":"SMITH"},{"data":"hexamod:RadiantFlame","floor":23.0,"key":"SMITH"},{"floor":27.0,"key":"REST"},{"data":"hexamod:HexaLevel","floor":35.0,"key":"SMITH"},{"data":"hexamod:Rewind","floor":35.0,"key":"SMITH"},{"data":"hexamod:CatchUp","floor":37.0,"key":"SMITH"},{"data":"hexamod:Defend","floor":37.0,"key":"SMITH"},{"data":"hexamod:GhostflameInferno","floor":44.0,"key":"SMITH"},{"data":"hexamod:PhantomCloak","floor":44.0,"key":"SMITH"},{"data":"hexamod:TimeWarp","floor":55.0,"key":"SMITH"},{"data":"hexamod:Again","floor":55.0,"key":"SMITH"},{"data":"hexamod:TimeOfNeed","floor":59.0,"key":"SMITH"},{"data":"hexamod:SpectralAdrenaline","floor":59.0,"key":"SMITH"},{"data":"hexamod:GhostOfSpireFuture","floor":61.0,"key":"SMITH"},{"data":"hexamod:HauntingEcho","floor":61.0,"key":"SMITH"},{"floor":69.0,"key":"DIG"},{"data":"hexamod:AdvancingGuard","floor":72.0,"key":"SMITH"},{"data":"hexamod:CrushingStance","floor":72.0,"key":"SMITH"},{"floor":78.0,"key":"REST"},{"data":"hexamod:SkipABeat","floor":88,"key":"SMITH"},{"data":"hexamod:ShieldOfDarkness","floor":88,"key":"SMITH"},{"floor":95,"key":"REST"}],"circlet_count":0,"master_deck":["hexamod:Defend+1","hexamod:Defend","hexamod:Defend","hexamod:Defend+1","hexamod:Float+1","hexamod:SwordOfDarkness+1","hexamod:FastForward+1","hexamod:CrushingStance+1","hexamod:StepThrough+1","hexamod:TimeOfNeed+1","hexamod:RadiantFlame+1","hexamod:GhostOfSpirePast+1","hexamod:PhantomCloak+1","hexamod:HauntingEcho+1","hexamod:Rewind+1","hexamod:CatchUp+1","hexamod:HexaLevel+1","hexamod:SpectralAdrenaline+1","hexamod:ShieldOfDarkness+1","hexamod:AdvancingGuard+1","hexamod:GhostflameInferno+1","hexamod:ShieldOfDarkness+1","hexamod:Again+1","hexamod:TimeWarp+1","hexamod:GhostOfSpireFuture+1","hexamod:SkipABeat+1","hexamod:Float+1","ReplayTheSpireMod:Splinters"],"relics":["hexamod:SpiritBrand","downfall:HeartsMalice","infinitespire:Bottled Soul","Whetstone","Question Card","Replay:Arrowhead","Odd Mushroom","ChewingGum","hubris:Icosahedron","ReplayFunnel","Incense Burner","Replay:Grab Bag","infinitespire:Cupcake","Cursed Key","hubris:Stopwatch","hubris:Backtick","hexamod:InflammatoryLetter","hubris:SlimyHat","MawBank","downfall:HeartBlessingRed","downfall:HeartBlessingGreen","downfall:HeartBlessingBlue","hexamod:MatchstickCase","Letter Opener","Chameleon Ring","Turnip","Black Star","ReplayTheSpireMod:Ninjato","Spirit Poop","Vajra","Membership Card","Centennial Puzzle","Replay:Ancient Bell","Replay:Rubber Ducky","hubris:BottledRain","Replay:Towering Pillar of Hats","HandDrill","hubris:GlazedTorus","Coffee Dripper"],"acts_visited":["Exordium","TheCity","TheBeyond","Exordium","TheCity","TheBeyond","Exordium"],"potions_floor_usage":[92,94,97,101,101,101],"damage_taken":[{"damage":0.0,"enemies":"Jaw Worm","floor":2.0,"turns":1.0},{"damage":0.0,"enemies":"2 Louse","floor":4.0,"turns":1.0},{"damage":0.0,"enemies":"3 Sentries","floor":6.0,"turns":1.0},{"damage":0.0,"enemies":"Replay:BlueRogue","floor":8.0,"turns":5.0},{"damage":0.0,"enemies":"downfall:FleeingMerchant","floor":9.0,"turns":4.0},{"damage":12.0,"enemies":"Lagavulin","floor":10.0,"turns":5.0},{"damage":0.0,"enemies":"Small Slimes","floor":11.0,"turns":2.0},{"damage":1.0,"enemies":"Blue Slaver","floor":12.0,"turns":3.0},{"damage":7.0,"enemies":"The Mushroom Lair","floor":13.0,"turns":5.0},{"damage":1.0,"enemies":"2 Fungi Beasts","floor":14.0,"turns":3.0},{"damage":0.0,"enemies":"Large Slime","floor":15.0,"turns":6.0},{"damage":31.0,"enemies":"downfall:Silent","floor":16.0,"turns":6.0},{"damage":23.0,"enemies":"downfall:Silent","floor":19.0,"turns":6.0},{"damage":0.0,"enemies":"downfall:FleeingMerchant","floor":21.0,"turns":4.0},{"damage":21.0,"enemies":"Nightmare","floor":25.0,"turns":7.0},{"damage":0.0,"enemies":"Spheric Guardian","floor":26.0,"turns":4.0},{"damage":0.0,"enemies":"Chosen","floor":28.0,"turns":3.0},{"damage":5.0,"enemies":"Snecko","floor":29.0,"turns":4.0},{"damage":1.0,"enemies":"Snake Plant","floor":31.0,"turns":5.0},{"damage":0.0,"enemies":"Chosen and Byrds","floor":32.0,"turns":4.0},{"damage":17.0,"enemies":"downfall:Watcher","floor":33.0,"turns":9.0},{"damage":4.0,"enemies":"3 Darklings","floor":36.0,"turns":4.0},{"damage":2.0,"enemies":"Orb Walker","floor":38.0,"turns":3.0},{"damage":0.0,"enemies":"downfall:FleeingMerchant","floor":40.0,"turns":4.0},{"damage":9.0,"enemies":"Jaw Worm Horde","floor":42.0,"turns":4.0},{"damage":2.0,"enemies":"4 Shapes","floor":43.0,"turns":5.0},{"damage":0.0,"enemies":"Writhing Mass","floor":46.0,"turns":6.0},{"damage":0.0,"enemies":"Maw","floor":48.0,"turns":6.0},{"damage":15.0,"enemies":"Jaw Worm Horde","floor":49.0,"turns":6.0},{"damage":0.0,"enemies":"downfall:Ironclad","floor":50.0,"turns":10.0},{"damage":0.0,"enemies":"infinitespire:Voidling","floor":53.0,"turns":2.0},{"damage":0.0,"enemies":"Replay:BlueRogue","floor":54.0,"turns":4.0},{"damage":2.0,"enemies":"Lagavulin","floor":56.0,"turns":4.0},{"damage":8.0,"enemies":"Jaw Worm","floor":57.0,"turns":2.0},{"damage":0.0,"enemies":"Small Slimes","floor":62.0,"turns":2.0},{"damage":0.0,"enemies":"3 Louse","floor":65.0,"turns":2.0},{"damage":0.0,"enemies":"Gremlin Gang","floor":66.0,"turns":3.0},{"damage":13.0,"enemies":"Fading Forest","floor":67.0,"turns":11.0},{"damage":8.0,"enemies":"Book of Stabbing","floor":70.0,"turns":5.0},{"damage":67.0,"enemies":"Slavers","floor":73.0,"turns":5.0},{"damage":12.0,"enemies":"Gremlin Leader","floor":75.0,"turns":7.0},{"damage":0.0,"enemies":"3 Byrds","floor":76.0,"turns":3.0},{"damage":0.0,"enemies":"Chosen","floor":79.0,"turns":3.0},{"damage":1.0,"enemies":"3 Cultists","floor":83.0,"turns":4.0},{"damage":46.0,"enemies":"Collector","floor":84.0,"turns":9.0},{"damage":0,"enemies":"R_Hoarder","floor":87,"turns":6},{"damage":0,"enemies":"3 Shapes","floor":90,"turns":4},{"damage":0,"enemies":"Orb Walker","floor":91,"turns":4},{"damage":7,"enemies":"Nemesis","floor":92,"turns":7},{"damage":29,"enemies":"Mind Bloom Boss Battle","floor":93,"turns":5},{"damage":0,"enemies":"Writhing Mass","floor":94,"turns":2},{"damage":0,"enemies":"4 Shapes","floor":96,"turns":4},{"damage":1,"enemies":"Spire Growth","floor":97,"turns":3},{"damage":0,"enemies":"Writhing Mass","floor":98,"turns":4},{"damage":0,"enemies":"Maw","floor":100,"turns":5},{"damage":41,"enemies":"hubris:GrandSnecko","floor":101,"turns":16}],"seed_played":"-1274309879934893814","potions_obtained":[{"floor":6.0,"key":"Elixir"},{"floor":10.0,"key":"Swift Potion"},{"floor":11.0,"key":"Dexterity Potion"},{"floor":12.0,"key":"Fruit Juice"},{"floor":13.0,"key":"SkillPotion"},{"floor":15.0,"key":"infinitespire:BlackPotion"},{"floor":25.0,"key":"Energy Potion"},{"floor":33.0,"key":"Cursed Concoction"},{"floor":38.0,"key":"Energy Potion"},{"floor":42.0,"key":"SkillPotion"},{"floor":43.0,"key":"hexamod:DoubleChargePotion"},{"floor":56.0,"key":"LiquidBronze"},{"floor":62.0,"key":"Dexterity Potion"},{"floor":76.0,"key":"GamblersBrew"},{"floor":83.0,"key":"PowerPotion"},{"floor":86,"key":"LiquidBronze"},{"floor":86,"key":"Toxic Potion"},{"floor":92,"key":"SpeedPotion"},{"floor":93,"key":"SmokeBomb"},{"floor":96,"key":"Swift Potion"},{"floor":97,"key":"SneckoOil"},{"floor":101,"key":"Venom Potion"}],"is_trial":false,"path_per_floor":["R","M","?","M","?","E","T","E","$","E","M","M","?","M","M","B",null,"R","?","?","$","?","R","T","NM","M","R","M","M","?","M","M","B",null,"R","M","R","M","?","$","T","M","M","R","?","M","?","M","M","B",null,"R","M","E","R","E","M","T","R","?","R","M","?","$","M","M","B",null,"R","E","?","R","E","$","E","M","?","R","M","?","?","?","M","B",null,"R","E","R","$","M","M","E","?","M","R","M","M","M","?","M","B",null],"character_chosen":"THE_SPIRIT","items_purchased":["hubris:SlimyHat","hexamod:AdvancingGuard","Chameleon Ring","Turnip","Vajra","Regen Potion","Membership Card","Centennial Puzzle","HandDrill","Slimebound:ThreeZeroPotion","Flashbang"],"campfire_rested":3,"item_purchase_floors":[40,40,64,64,74,74,74,74,89,89,99],"current_hp_per_floor":[70,70,70,70,58,58,58,58,58,46,46,45,43,42,42,11,75,75,52,52,52,38,38,38,17,17,39,39,34,34,33,33,16,75,75,71,71,69,69,69,69,60,58,58,58,58,58,58,43,43,75,75,75,75,85,83,75,75,75,75,75,75,75,75,75,75,62,85,85,77,77,77,10,10,25,25,25,50,50,50,81,81,80,34,85,85,85,85,85,85,85,78,49,49,74,74,73,73,73,73,39,85,85],"gold":213,"neow_bonus":"THREE_ENEMY_KILL","is_daily":false,"chose_seed":false,"campfire_upgraded":20,"win_rate":0.0,"timestamp":1608237486,"path_taken":["R","M","?","M","?","E","T","E","?","E","M","M","?","M","M","BOSS","R","?","?","$","?","R","T","NM","M","R","M","M","?","M","M","BOSS","R","?","R","M","?","$","T","M","M","R","?","?","?","M","M","BOSS","R","M","E","R","E","M","T","R","?","R","M","?","?","M","M","BOSS","R","E","?","R","E","$","E","?","?","R","M","?","?","?","M","BOSS","R","E","R","?","M","M","E","?","?","R","M","M","M","?","M","BOSS"],"items_purchased_type":["Relic","Card","Relic","Relic","Relic","Potion","Relic","Relic","Relic","Potion","Potion"],"build_version":"2020-12-13","purchased_purges":6,"victory":false,"max_hp_per_floor":[70,70,70,70,70,70,70,70,70,70,70,70,75,75,75,75,75,75,75,75,75,75,75,75,75,75,75,75,75,75,75,75,75,75,75,75,75,75,75,75,75,75,75,75,75,75,75,75,75,75,75,75,75,75,85,85,85,85,85,85,85,85,85,85,85,85,85,85,85,85,85,85,85,85,85,85,85,85,85,85,85,85,85,85,85,85,85,85,85,85,85,85,85,85,85,85,85,85,85,85,85,85,85],"card_choices":[{"not_picked":["hexamod:ChargedBarrage","hexamod:BurningTouch"],"picked":"hexamod:SwordOfDarkness","floor":2.0},{"not_picked":["hexamod:Rewind","hexamod:HeatCrush"],"picked":"hexamod:FastForward","floor":4.0},{"not_picked":["hexamod:RainOfEmbers","hexamod:FirstSeal"],"picked":"hexamod:CrushingStance","floor":6.0},{"not_picked":["hexamod:SearingWound","hexamod:InspiringFlames","hexamod:RainOfEmbers"],"picked":"SKIP","floor":8.0},{"not_picked":["hexamod:GhostOfSpirePresent","hexamod:GhostflameBarrier","hexamod:Hexaguard"],"picked":"hexamod:StepThrough","floor":9.0},{"not_picked":["hexamod:FourthSeal","hexamod:SpectersWail","hexamod:ExtraCrispy"],"picked":"hexamod:TimeOfNeed","floor":10.0},{"not_picked":["hexamod:ThirdSeal","hexamod:ShieldOfDarkness","hexamod:GhostOfSpireFuture"],"picked":"hexamod:RadiantFlame","floor":11.0},{"not_picked":["hexamod:GhostShield","hexamod:SwordOfDarkness","hexamod:RainOfEmbers"],"picked":"hexamod:GhostOfSpirePast","floor":12.0},{"not_picked":["hexamod:ChargedBarrage","hexamod:Hexaguard","hexamod:ThermalTransfer"],"picked":"hexamod:PhantomCloak","floor":13.0},{"not_picked":["hexamod:PhantomFireball","hexamod:NightmareStrike","hexamod:BurningTouch","hexamod:PhantomCloak"],"picked":"SKIP","floor":14.0},{"not_picked":["hexamod:GhostOfSpirePresent","hexamod:SpectersWail","hexamod:SixthSeal"],"picked":"hexamod:HauntingEcho","floor":15.0},{"not_picked":["hexamod:AdvancingGuard+1","hexamod:GhostOfSpirePast","hexamod:NightmareGuise","hexamod:TimeOfNeed"],"picked":"SKIP","floor":21.0},{"not_picked":["hexamod:SwordOfDarkness","hexamod:HauntingEcho","hexamod:PhantomFireball"],"picked":"hexamod:Rewind","floor":25.0},{"not_picked":["hexamod:FastForward","hexamod:PhantomCloak","hexamod:GhostShield","hexamod:SoulSteal"],"picked":"SKIP","floor":26.0},{"not_picked":["hexamod:FirstSeal","hexamod:CrushingStance","hexamod:HauntingEcho","hexamod:NightmareGuise"],"picked":"SKIP","floor":28.0},{"not_picked":["hexamod:ThermalTransfer","hexamod:FastForward","hexamod:GhostShield+1","hexamod:WildfireWeapon"],"picked":"SKIP","floor":29.0},{"not_picked":["hexamod:EtherealExpedition","hexamod:ThirdSeal","hexamod:Hexaguard"],"picked":"hexamod:CatchUp","floor":31.0},{"not_picked":["hexamod:AdvancingGuard","hexamod:HauntingEcho","hexamod:ExtraCrispy","hexamod:GhostOfSpirePresent"],"picked":"SKIP","floor":32.0},{"not_picked":["hexamod:TurnItUp","hexamod:UnleashSpirits","hexamod:VolcanoVisage"],"picked":"hexamod:HexaLevel","floor":33.0},{"not_picked":["hexamod:HeatCrush+1","hexamod:HeatMetal","hexamod:InspiringFlames+1","hexamod:Rewind+1"],"picked":"SKIP","floor":36.0},{"not_picked":["hexamod:HauntingEcho","hexamod:SwordOfDarkness","hexamod:AdvancingGuard"],"picked":"hexamod:SpectralAdrenaline","floor":38.0},{"not_picked":["hexamod:GhostLash+1","hexamod:GhostShield+1","hexamod:DynamicBlow"],"picked":"hexamod:ShieldOfDarkness+1","floor":40.0},{"not_picked":["hexamod:GhostflameBarrier+1","hexamod:SwordOfDarkness","hexamod:Hexaguard+1"],"picked":"hexamod:GhostflameInferno","floor":42.0},{"not_picked":["hexamod:ChargedBarrage+1","hexamod:GhostflameBarrier+1","hexamod:HeatShield","hexamod:FastForward+1"],"picked":"SKIP","floor":43.0},{"not_picked":["hexamod:HauntingEcho","hexamod:GhostflameBarrier","hexamod:ShieldOfDarkness","hexamod:PhantomFireball+1"],"picked":"SKIP","floor":46.0},{"not_picked":["hexamod:NecessarySacrifice","hexamod:ShieldOfDarkness+1","hexamod:SpectralAdrenaline+1"],"picked":"hexamod:Again","floor":48.0},{"not_picked":["hexamod:ShieldOfDarkness","hexamod:ThirdSeal","hexamod:StepThrough+1","hexamod:NightmareGuise+1"],"picked":"SKIP","floor":49.0},{"not_picked":["hexamod:FifthSeal","hexamod:HexaLevel","hexamod:UnleashSpirits"],"picked":"hexamod:TimeWarp","floor":50.0},{"not_picked":["hexamod:ChargedBarrage","hexamod:InspiringFlames","hexamod:RadiantFlame","hexamod:NightmareStrike"],"picked":"SKIP","floor":53.0},{"not_picked":["hexamod:VolcanoVisage","hexamod:ThermalTransfer","hexamod:SpectersWail","hexamod:FifthSeal"],"picked":"SKIP","floor":54.0},{"not_picked":["hexamod:HeatMetal","hexamod:FirstSeal","hexamod:CatchUp","hexamod:BacktrackSmack"],"picked":"SKIP","floor":56.0},{"not_picked":["hexamod:NecessarySacrifice","hexamod:ShieldOfDarkness","hexamod:BurningTouch","hexamod:Firestarter"],"picked":"SKIP","floor":57.0},{"not_picked":["hexamod:ThermalTransfer","hexamod:RainOfEmbers","hexamod:StepThrough"],"picked":"hexamod:GhostOfSpireFuture","floor":60.0},{"not_picked":["hexamod:FastForward","hexamod:GhostOfSpirePast","hexamod:BacktrackSmack","hexamod:HexaLevel"],"picked":"SKIP","floor":62.0},{"not_picked":["hexamod:GhostflameBarrier","hexamod:SpectersWail","hexamod:Haunt","hexamod:TimeOfNeed"],"picked":"SKIP","floor":65.0},{"not_picked":["hexamod:FastForward","hexamod:RainOfEmbers","hexamod:SwordOfDarkness","hexamod:SpectersWail"],"picked":"SKIP","floor":66.0},{"not_picked":["hexamod:ShieldOfDarkness+1","hexamod:NightmareStrike","hexamod:RainOfEmbers+1","hexamod:Hexaguard"],"picked":"SKIP","floor":70.0},{"not_picked":["hexamod:SwordOfDarkness","hexamod:CatchUp+1","hexamod:DynamicBlow+1","hexamod:Hexaguard"],"picked":"SKIP","floor":73.0},{"not_picked":["hexamod:EmpoweredFlame","hexamod:GhostflameBarrier","hexamod:FirstSeal"],"picked":"hexamod:SkipABeat","floor":75.0},{"not_picked":["hexamod:NightmareStrike","hexamod:GhostOfSpirePast","hexamod:CatchUp","hexamod:PhantomCloak+1"],"picked":"SKIP","floor":76.0},{"not_picked":["hexamod:NightmareStrike","hexamod:GhostOfSpirePast","hexamod:CatchUp","hexamod:PhantomCloak+1"],"picked":"SKIP","floor":76.0},{"not_picked":["hexamod:GhostLash+1","hexamod:CrushingStance","hexamod:HauntingEcho+1","hexamod:Hexaguard"],"picked":"SKIP","floor":79.0},{"not_picked":["hexamod:Incineration+1","hexamod:Hexaguard","hexamod:InspiringFlames","hexamod:NightmareGuise"],"picked":"SKIP","floor":83.0},{"not_picked":["hubris:Sloth","Spreading Infection","Normality"],"picked":"hubris:Lust","floor":85},{"not_picked":["ReplayTheSpireMod:Faulty Equipment","Spreading Infection","hubris:Gluttony"],"picked":"ReplayTheSpireMod:Splinters","floor":85},{"not_picked":["hubris:Disease","ReplayTheSpireMod:IOU","CurseOfTheBell"],"picked":"CommonCold","floor":85},{"not_picked":["hexamod:FastForward","hexamod:PhantomFireball+1","hexamod:SwordOfDarkness","hexamod:Incineration+1"],"picked":"SKIP","floor":87},{"not_picked":["hexamod:CatchUp+1","hexamod:SpectersWail+1","hexamod:DynamicBlow","hexamod:ShieldOfDarkness+1"],"picked":"SKIP","floor":90},{"not_picked":["hexamod:SecondSeal","hexamod:NightmareStrike","hexamod:Firestarter","hexamod:NightmareGuise"],"picked":"SKIP","floor":91},{"not_picked":["hexamod:SpectersWail+1","hexamod:HauntingEcho+1","hexamod:GhostOfSpireFuture+1","hexamod:NightmareGuise+1"],"picked":"SKIP","floor":92},{"not_picked":["hexamod:SpectersWail+1","hexamod:HauntingEcho+1","hexamod:GhostOfSpireFuture+1","hexamod:NightmareGuise+1"],"picked":"SKIP","floor":92},{"not_picked":["hexamod:HauntingEcho+1","hexamod:ThermalTransfer","hexamod:StepThrough","hexamod:FastForward+1"],"picked":"SKIP","floor":96},{"not_picked":["hexamod:BacktrackSmack","hexamod:ThermalTransfer+1","hexamod:GhostLash","hexamod:BurningTouch"],"picked":"SKIP","floor":97},{"not_picked":["hexamod:BurningTouch+1","hexamod:TimeOfNeed","hexamod:GhostShield","hexamod:ThermalTransfer+1"],"picked":"SKIP","floor":98},{"not_picked":["hexamod:StepThrough","hexamod:SpectersWail","hexamod:AdvancingGuard","hexamod:Hexaguard"],"picked":"SKIP","floor":100}],"player_experience":897799,"relics_obtained":[{"floor":6.0,"key":"Whetstone"},{"floor":8.0,"key":"Question Card"},{"floor":10.0,"key":"Replay:Arrowhead"},{"floor":13.0,"key":"Odd Mushroom"},{"floor":24.0,"key":"ReplayFunnel"},{"floor":25.0,"key":"Incense Burner"},{"floor":41.0,"key":"MawBank"},{"floor":58.0,"key":"hexamod:MatchstickCase"},{"floor":60.0,"key":"Letter Opener"},{"floor":69.0,"key":"ReplayTheSpireMod:Ninjato"},{"floor":93,"key":"hubris:GlazedTorus"}],"event_choices":[{"cards_removed":["hexamod:Strike"],"damage_healed":0.0,"max_hp_gain":0.0,"max_hp_loss":0.0,"gold_gain":0.0,"event_name":"The Cleric","player_choice":"Card Removal","floor":3.0,"gold_loss":0.0,"damage_taken":0.0},{"damage_healed":0.0,"max_hp_gain":0.0,"max_hp_loss":0.0,"gold_gain":0.0,"event_name":"Scrap Ooze","player_choice":"Success","floor":5.0,"gold_loss":0.0,"damage_taken":12.0,"relics_obtained":["infinitespire:Bottled Soul"]},{"damage_healed":0.0,"max_hp_gain":0.0,"max_hp_loss":0.0,"gold_gain":0.0,"event_name":"Mushrooms","player_choice":"Fought Mushrooms","floor":13.0,"gold_loss":0.0,"damage_taken":0.0},{"damage_healed":0.0,"max_hp_gain":0.0,"max_hp_loss":0.0,"gold_gain":0.0,"cards_transformed":["hexamod:Sear"],"event_name":"Transmorgrifier","player_choice":"Transformed","floor":30.0,"gold_loss":0.0,"damage_taken":0.0,"cards_obtained":["hexamod:SoulSteal"]},{"damage_healed":0.0,"max_hp_gain":0.0,"max_hp_loss":0.0,"gold_gain":0.0,"event_name":"Transmorgrifier","player_choice":"Ignored","floor":45.0,"gold_loss":0.0,"damage_taken":0.0},{"cards_removed":["ReplayTheSpireMod:Splinters"],"damage_healed":0.0,"max_hp_gain":0.0,"max_hp_loss":0.0,"gold_gain":0.0,"event_name":"Bonfire Elementals","player_choice":"Offered Curse","floor":71.0,"gold_loss":0.0,"damage_taken":0.0,"relics_obtained":["Spirit Poop"]},{"damage_healed":0.0,"max_hp_gain":0.0,"max_hp_loss":0.0,"gold_gain":0.0,"event_name":"Duplicator","player_choice":"Copied","floor":82.0,"gold_loss":0.0,"damage_taken":0.0,"cards_obtained":["hexamod:Float"]}],"is_beta":false,"boss_relics":[{"not_picked":["Black Star","hubris:BlackHole"],"picked":"ChewingGum"},{"not_picked":["hubris:HollowSoul","Coffee Dripper"],"picked":"Replay:Grab Bag"},{"not_picked":["Sozu","ReplayTheSpireMod:DimensionalGlitch"],"picked":"infinitespire:Cupcake"},{"not_picked":["Runic Dome","hubris:RunicObelisk"],"picked":"Cursed Key"},{"not_picked":["Pandora\u0027s Box","Kintsugi"],"picked":"hubris:Stopwatch"},{"not_picked":["Ring of Chaos","hubris:ScarierMask"],"picked":"hubris:Backtick"},{"not_picked":["hubris:GrandSneckoEye","hubris:CrackedHourglass","Honey Jar"]},{"not_picked":["hubris:BlackHole","Snecko Eye"],"picked":"Black Star"},{"not_picked":["Sozu","Velvet Choker"],"picked":"Replay:Ancient Bell"},{"not_picked":["Nunchaku","Pen Nib"],"picked":"Replay:Rubber Ducky"},{"not_picked":["Snack Pack","infinitespire:FocusingShard"],"picked":"hubris:BottledRain"},{"not_picked":["Replay:Kaleidoscope","infinitespire:Joker Card"],"picked":"Replay:Towering Pillar of Hats"},{"not_picked":["Replay:Bronze Core","hubris:ScarierMask"],"picked":"Coffee Dripper"}],"items_purged_floors":[9,40,64,74,89,99],"is_endless":true,"potions_floor_spawned":[6,10,11,12,13,15,19,25,33,38,42,43,46,53,56,57,62,73,76,83,92,93,96,97,101],"ascension_level":1}}