{"host":"ss2ocoam53r2lno0","time":1608249057,"event":{"mods":["Act Like it!","BaseMod","ChefMod","Colored Powertips","Displayed Cursed Tome","Downfall","Googly Eyes","Hallownest","Highlight Path","Minty Spire (QoL Compilation)","Rare Cards Sparkle","Robot Space Explorer","Shade Mod","Shop Mod","Spicy Shops","StSLib"],"gold_per_floor":[116,32,207,207,207,245,245,279,279,293,314,345,345,55,55,176,176,199,199,42,42,42,42,76,76,76,76,1,36,36,36,36,132,132,132,132],"floor_reached":35,"playtime":1724,"items_purged":["Doubt"],"score":553,"play_id":"e1e5dd35-5329-4b98-a4f4-64f839704734","local_time":"20201218005057","is_ascension_mode":true,"campfire_choices":[{"data":"chefmod:DimSum","floor":7.0,"key":"SMITH"},{"data":"chefmod:GroceryDelivery","floor":13.0,"key":"SMITH"},{"data":"chefmod:CandyBowl","floor":15.0,"key":"SMITH"},{"data":"chefmod:CandyBowl","floor":23.0,"key":"SMITH"},{"floor":25.0,"key":"REST"},{"data":"chefmod:GroceryDelivery","floor":27.0,"key":"SMITH"},{"floor":32.0,"key":"REST"}],"circlet_count":0,"master_deck":["chefmod:Strike","chefmod:Strike","chefmod:Defend","chefmod:Defend","chefmod:Defend","chefmod:QuickThaw","chefmod:TodaysSpecial","chefmod:FireUp","chefmod:DimSum+1","chefmod:FireUp","chefmod:GroceryDelivery+1","chefmod:CandyBowl+1","chefmod:CandyBowl+1","chefmod:GroceryDelivery+1","chefmod:SaveForLater"],"relics":["chefmod:OldKettle","NeowsBlessing","Calipers","Bloody Idol","Vajra","WingedGreaves","Juzu Bracelet","Bottled Flame","Letter Opener","Art of War","Empty Cage","chefmod:CookieJar","chefmod:WoodenSpoon","Bronze Scales","Oddly Smooth Stone"],"acts_visited":["Exordium","TheCity","TheBeyond"],"potions_floor_usage":[33,33],"damage_taken":[{"damage":0.0,"enemies":"Small Slimes","floor":1.0,"turns":1.0},{"damage":0.0,"enemies":"Gremlin Nob","floor":6.0,"turns":1.0},{"damage":0.0,"enemies":"Lagavulin","floor":8.0,"turns":2.0},{"damage":0.0,"enemies":"Cultist","floor":10.0,"turns":2.0},{"damage":0.0,"enemies":"2 Louse","floor":11.0,"turns":2.0},{"damage":21.0,"enemies":"3 Sentries","floor":12.0,"turns":8.0},{"damage":21.0,"enemies":"The Guardian","floor":16.0,"turns":12.0},{"damage":9.0,"enemies":"Chosen","floor":18.0,"turns":6.0},{"damage":58.0,"enemies":"Slavers","floor":24.0,"turns":8.0},{"damage":26.0,"enemies":"Book of Stabbing","floor":29.0,"turns":5.0},{"damage":43,"enemies":"Collector","floor":33,"turns":9},{"damage":80,"enemies":"3 Darklings","floor":35,"turns":4}],"seed_played":"3376703945623603000","potions_obtained":[{"floor":1.0,"key":"Block Potion"},{"floor":6.0,"key":"SpeedPotion"},{"floor":11.0,"key":"Dexterity Potion"}],"is_trial":false,"path_per_floor":["M","$","?","?","?","E","R","E","T","M","M","E","R","$","R","B",null,"M","?","$","?","?","R","E","R","T","R","$","E","$","?","R","B",null,"M"],"character_chosen":"THE_CHEF","items_purchased":["Calipers","chefmod:CandyBowl","Art of War","chefmod:CookieJar"],"campfire_rested":2,"item_purchase_floors":[2,14,14,20],"current_hp_per_floor":[76,76,76,70,70,70,70,70,70,70,70,49,49,49,49,28,70,61,61,61,61,61,61,8,29,29,29,29,8,8,8,29,32,70,0,0],"gold":132,"neow_bonus":"THREE_ENEMY_KILL","is_daily":false,"chose_seed":false,"campfire_upgraded":5,"win_rate":0.0,"timestamp":1608249057,"path_taken":["M","$","?","?","?","E","R","E","T","M","M","E","R","$","R","BOSS","M","?","$","?","?","R","E","R","T","R","$","E","?","?","R","BOSS","M"],"items_purchased_type":["Relic","Card","Relic","Relic"],"build_version":"2020-12-13","purchased_purges":1,"victory":false,"max_hp_per_floor":[76,76,76,70,70,70,70,70,70,70,70,70,70,70,70,70,70,70,70,70,70,70,70,70,70,70,70,70,70,70,70,70,70,70,70,70],"card_choices":[{"not_picked":["chefmod:Granita","chefmod:FiveAlarmChili"],"picked":"chefmod:FireUp","floor":1.0},{"not_picked":["chefmod:IcePick","chefmod:Mince"],"picked":"chefmod:DimSum","floor":6.0},{"not_picked":["chefmod:Defrost","chefmod:LiquidNitrogen","chefmod:TonkotsuRamen"],"picked":"SKIP","floor":8.0},{"not_picked":["chefmod:IcePick","chefmod:Gelato","chefmod:HotSoup"],"picked":"SKIP","floor":10.0},{"not_picked":["chefmod:Chop","chefmod:DinoKale"],"picked":"chefmod:FireUp","floor":11.0},{"not_picked":["chefmod:FireUp","chefmod:ZaruSoba"],"picked":"chefmod:GroceryDelivery","floor":12.0},{"not_picked":["chefmod:OrderUp","chefmod:RisingDough"],"picked":"chefmod:CandyBowl","floor":16.0},{"not_picked":["chefmod:Gelato","chefmod:BaoBuns","chefmod:IcePick+1"],"picked":"SKIP","floor":18.0},{"not_picked":["chefmod:FullBurn","chefmod:FryPan"],"picked":"chefmod:SaveForLater","floor":24.0},{"not_picked":["chefmod:Gelato","chefmod:FireUp","chefmod:Granita"],"picked":"SKIP","floor":29.0}],"player_experience":572200,"relics_obtained":[{"floor":6.0,"key":"WingedGreaves"},{"floor":8.0,"key":"Juzu Bracelet"},{"floor":9.0,"key":"Bottled Flame"},{"floor":12.0,"key":"Letter Opener"},{"floor":24.0,"key":"chefmod:WoodenSpoon"},{"floor":26.0,"key":"Bronze Scales"},{"floor":29.0,"key":"Oddly Smooth Stone"}],"event_choices":[{"damage_healed":0.0,"max_hp_gain":0.0,"max_hp_loss":0.0,"gold_gain":175.0,"event_name":"Liars Game","player_choice":"AGREE","floor":3.0,"gold_loss":0.0,"damage_taken":0.0,"cards_obtained":["Doubt"]},{"damage_healed":0.0,"max_hp_gain":0.0,"max_hp_loss":6.0,"gold_gain":0.0,"event_name":"Golden Idol","player_choice":"Lose Max HP","floor":4.0,"gold_loss":0.0,"damage_taken":0.0,"relics_obtained":["Golden Idol"]},{"damage_healed":0.0,"max_hp_gain":0.0,"max_hp_loss":0.0,"gold_gain":0.0,"event_name":"WeMeetAgain","player_choice":"Gave Potion","floor":5.0,"gold_loss":0.0,"damage_taken":0.0,"relics_obtained":["Vajra"]},{"damage_healed":0.0,"max_hp_gain":0.0,"max_hp_loss":0.0,"gold_gain":0.0,"event_name":"Forgotten Altar","player_choice":"Gave Idol","floor":19.0,"relics_lost":["Golden Idol"],"gold_loss":0.0,"damage_taken":0.0,"relics_obtained":["Bloody Idol"]},{"damage_healed":0.0,"max_hp_gain":0.0,"max_hp_loss":0.0,"gold_gain":0.0,"event_name":"The Library","player_choice":"Read","floor":21.0,"gold_loss":0.0,"damage_taken":0.0,"cards_obtained":["chefmod:GroceryDelivery"]},{"cards_removed":["chefmod:Strike"],"damage_healed":0.0,"max_hp_gain":0.0,"max_hp_loss":0.0,"gold_gain":0.0,"event_name":"Back to Basics","player_choice":"Elegance","floor":22.0,"gold_loss":0.0,"damage_taken":0.0},{"damage_healed":0.0,"max_hp_gain":0.0,"max_hp_loss":0.0,"gold_gain":0.0,"event_name":"Vampires","player_choice":"Ignored","floor":31.0,"gold_loss":0.0,"damage_taken":0.0}],"is_beta":false,"boss_relics":[{"not_picked":["sneckomod:SneckoTalon","SacredBark"],"picked":"Empty Cage"},{"not_picked":["Runic Dome","Calling Bell"],"picked":"chefmod:OldKettle"}],"items_purged_floors":[28],"is_endless":false,"potions_floor_spawned":[1,6,11,24],"killed_by":"3 Darklings","ascension_level":2}}