{"host":"2o3sockympbxxanu","time":1608183784,"event":{"mods":["BaseMod","Colored Map","Colored Powertips","Downfall","Marisa£®ÏF”Í°°ƒß¿Ì…≥£©","Minty Spire (QoL Compilation)","StSLib"],"gold_per_floor":[99,126,126,126,126,126,126,57,77,109,128,139,239,259,272,272,272],"floor_reached":16,"playtime":887,"items_purged":[],"score":135,"play_id":"4b9910ad-83e0-40d0-9f01-3f28aa76b2fc","local_time":"20201217134304","is_ascension_mode":false,"campfire_choices":[{"data":"Slimebound:CorrosiveSpit","floor":1,"key":"SMITH"},{"data":"Slimebound:GoopSpray","floor":3,"key":"SMITH"},{"data":"Slimebound:ItLooksTasty","floor":5,"key":"SMITH"}],"circlet_count":0,"master_deck":["Slimebound:Strike_Slimebound","Slimebound:Strike_Slimebound","Slimebound:Strike_Slimebound","Slimebound:Tackle","Slimebound:Defend_Slimebound","Slimebound:Defend_Slimebound","Slimebound:Defend_Slimebound","Slimebound:Defend_Slimebound","Slimebound:Split","Slimebound:CorrosiveSpit+1","Slimebound:GoopSpray+1","Slimebound:ItLooksTasty+1","Slimebound:SplitBruiser","Slimebound:DouseInSlime","Slimebound:RollThrough","Slimebound:LevelUp","Slimebound:Gluttony","Slimebound:SplitLeeching","Slimebound:Schlurp","Slimebound:SplitLeeching","Slimebound:LeechingTouch"],"relics":["Slimebound:AbsorbEndCombat","downfall:HeartsMalice","Ancient Tea Set","Oddly Smooth Stone"],"acts_visited":["Exordium"],"potions_floor_usage":[15,16],"damage_taken":[{"damage":0,"enemies":"3 Sentries","floor":2,"turns":1},{"damage":0,"enemies":"downfall:FleeingMerchant","floor":4,"turns":1},{"damage":0,"enemies":"Jaw Worm","floor":6,"turns":1},{"damage":13,"enemies":"downfall:FleeingMerchant","floor":8,"turns":4},{"damage":17,"enemies":"2 Louse","floor":9,"turns":3},{"damage":40,"enemies":"Gremlin Nob","floor":10,"turns":4},{"damage":0,"enemies":"Cultist","floor":11,"turns":3},{"damage":17,"enemies":"Red Slaver","floor":12,"turns":2},{"damage":17,"enemies":"2 Fungi Beasts","floor":14,"turns":3},{"damage":11,"enemies":"Exordium Wildlife","floor":15,"turns":3},{"damage":20,"enemies":"downfall:Silent","floor":16,"turns":2}],"seed_played":"-1013925772013035119","potions_obtained":[{"floor":9,"key":"hexamod:EctoCoolerPotion"},{"floor":10,"key":"Fire Potion"},{"floor":11,"key":"hexamod:EctoCoolerPotion"},{"floor":12,"key":"SteroidPotion"}],"is_trial":false,"path_per_floor":["R","E","R","$","R","M","T","$","M","E","M","M","?","M","M","B"],"character_chosen":"SLIMEBOUND","items_purchased":["Slimebound:RollThrough"],"campfire_rested":0,"item_purchase_floors":[8],"current_hp_per_floor":[60,60,60,60,60,60,60,57,48,22,26,17,17,14,15,0,0],"gold":272,"neow_bonus":"THREE_ENEMY_KILL","is_daily":false,"chose_seed":false,"campfire_upgraded":3,"win_rate":0.0,"timestamp":1608183784,"path_taken":["R","E","R","$","R","M","T","$","M","E","M","M","?","M","M","BOSS"],"items_purchased_type":["Card"],"build_version":"2020-12-13","purchased_purges":0,"victory":false,"max_hp_per_floor":[60,60,60,60,60,60,60,60,60,60,60,60,60,60,60,60,60],"card_choices":[{"not_picked":["Slimebound:ViciousTackle","Slimebound:SplitLeeching"],"picked":"Slimebound:GoopSpray","floor":2},{"not_picked":["Slimebound:Chomp","Slimebound:SlimeBarrage"],"picked":"Slimebound:ItLooksTasty","floor":4},{"not_picked":["Slimebound:SlimeBarrage","Slimebound:LeechEnergy"],"picked":"Slimebound:SplitBruiser","floor":6},{"not_picked":["Slimebound:SlimeTap","Slimebound:Repurpose"],"picked":"Slimebound:DouseInSlime","floor":8},{"not_picked":["Slimebound:DisruptingSlam","Slimebound:FinishingTackle"],"picked":"Slimebound:LevelUp","floor":9},{"not_picked":["Slimebound:MegaLick","Slimebound:PressTheAttack"],"picked":"Slimebound:Gluttony","floor":10},{"not_picked":["Slimebound:GoopSpray","Slimebound:Schlurp"],"picked":"Slimebound:SplitLeeching","floor":11},{"not_picked":["Slimebound:ViciousTackle","Slimebound:OneTwoCombo"],"picked":"Slimebound:Schlurp","floor":12},{"not_picked":["Slimebound:LevelUp","Slimebound:PressTheAttack"],"picked":"Slimebound:SplitLeeching","floor":14},{"not_picked":["Slimebound:PressTheAttack","Slimebound:SlimeSpikes"],"picked":"Slimebound:LeechingTouch","floor":15}],"player_experience":229283,"relics_obtained":[{"floor":2,"key":"Ancient Tea Set"},{"floor":10,"key":"Oddly Smooth Stone"}],"event_choices":[],"is_beta":false,"boss_relics":[],"items_purged_floors":[],"is_endless":false,"potions_floor_spawned":[9,10,11,12,14],"killed_by":"downfall:Silent","ascension_level":0}}