{"host":"i41n6wh529970c2c","time":1608231048,"event":{"mods":["Act Like it!","BaseMod","BetterRewards","Friendly Minions","Gold Saver","Hermit","Minty Spire (QoL Compilation)","Replay The Spire","Shop Mod","StSLib"],"gold_per_floor":[860,935,954,954,973,1007,1007,1038,1038,1106,1120,1154,1154,295,295,392,392,403,403,417,417,417,417,452,452,498,52,63,77,95,120,120,224,224,243,257,257,271,291,291,322,322,373,373,389,419,419,447,447,447],"floor_reached":51,"playtime":3638,"items_purged":["Defend_P","Strike_P","Strike_P"],"score":1142,"play_id":"386cc3f0-6fca-4b2c-8645-65442650f73b","local_time":"20201217135048","is_ascension_mode":true,"campfire_choices":[{"floor":7.0,"key":"REST"},{"floor":13.0,"key":"REST"},{"data":"Eruption","floor":15.0,"key":"SMITH"},{"data":"ConjureBlade","floor":23.0,"key":"SMITH"},{"floor":32.0,"key":"REST"},{"data":"Replay:DivineShield","floor":40.0,"key":"SMITH"},{"floor":47,"key":"REST"},{"floor":49,"key":"REST"}],"circlet_count":1,"master_deck":["Strike_P+1","Defend_P+1","Defend_P+1","Eruption+1","Vigilance","ClearTheMind+1","Collect","Steam","Replay:DivineShield+1","LikeWater+1","JustLucky+1","LikeWater+1","LikeWater+1","ConjureBlade+1","AbeCurse","EmptyMind+1","Necronomicurse","ConjureBlade+1","BattleHymn+1","JustLucky+1","LessonLearned+1","Parasite","ClearTheMind+1","MentalFortress+1","Alpha"],"relics":["HolyWater","Unceasing Top","Ancient Tea Set","Centennial Puzzle","Question Card","Akabeko","Molten Egg 2","Replay:Kaleidoscope","HandDrill","Toy Ornithopter","Circlet","Replay:Grab Bag","Philosopher\u0027s Stone","Abe\u0027s Treasure","Empty Cage","Durian","Necronomicon","Happy Flower","Gremlin Food","Replay:Bottled Eggs","Shuriken","Replay:Bronze Core","Lantern","Torii","Regal Pillow","Smiling Mask","Bottled Tornado"],"acts_visited":["Exordium","TheCity","TheBeyond"],"potions_floor_usage":[46],"damage_taken":[{"damage":0.0,"enemies":"Jaw Worm","floor":1.0,"turns":4.0},{"damage":7.0,"enemies":"Small Slimes","floor":3.0,"turns":3.0},{"damage":0.0,"enemies":"Cultist","floor":5.0,"turns":2.0},{"damage":9.0,"enemies":"3 Sentries","floor":6.0,"turns":10.0},{"damage":25.0,"enemies":"Gremlin Nob","floor":8.0,"turns":4.0},{"damage":0.0,"enemies":"Red Slaver","floor":11.0,"turns":4.0},{"damage":0.0,"enemies":"3 Sentries","floor":12.0,"turns":6.0},{"damage":3.0,"enemies":"The Guardian","floor":16.0,"turns":10.0},{"damage":0.0,"enemies":"Shell Parasite","floor":18.0,"turns":4.0},{"damage":3.0,"enemies":"Chosen","floor":20.0,"turns":3.0},{"damage":28.0,"enemies":"Gremlin Leader","floor":24.0,"turns":6.0},{"damage":0.0,"enemies":"3 Cultists","floor":28.0,"turns":5.0},{"damage":7.0,"enemies":"Centurion and Healer","floor":29.0,"turns":5.0},{"damage":24.0,"enemies":"Chosen and Byrds","floor":30.0,"turns":5.0},{"damage":10.0,"enemies":"Slavers","floor":31.0,"turns":6.0},{"damage":30.0,"enemies":"Automaton","floor":33.0,"turns":9.0},{"damage":4.0,"enemies":"Orb Walker","floor":35.0,"turns":3.0},{"damage":23.0,"enemies":"3 Shapes","floor":36.0,"turns":11.0},{"damage":8.0,"enemies":"3 Darklings","floor":38.0,"turns":4.0},{"damage":1.0,"enemies":"Writhing Mass","floor":39.0,"turns":5.0},{"damage":24.0,"enemies":"Reptomancer","floor":41.0,"turns":6.0},{"damage":2,"enemies":"Maw","floor":45,"turns":5},{"damage":0,"enemies":"R_Hoarder","floor":46,"turns":6},{"damage":29,"enemies":"Nemesis","floor":48,"turns":5},{"damage":49,"enemies":"Time Eater","floor":50,"turns":6}],"seed_played":"7818786708905871484","potions_obtained":[{"floor":3.0,"key":"PowerPotion"},{"floor":8.0,"key":"PowerPotion"},{"floor":12.0,"key":"Weak Potion"},{"floor":16.0,"key":"SpeedPotion"},{"floor":24.0,"key":"Explosive Potion"},{"floor":33.0,"key":"StancePotion"},{"floor":41.0,"key":"FairyPotion"},{"floor":45,"key":"Explosive Potion"}],"is_trial":false,"path_per_floor":["M","?","M","?","M","E","R","E","T","T","M","E","R","$","R","B",null,"M","T","M","?","?","R","E","?","T","$","M","M","M","E","R","B",null,"M","M","?","M","M","R","E","T","T","?","M","E","R","E","R","B",null],"character_chosen":"WATCHER","items_purchased":["Ancient Tea Set","HandDrill","LikeWater","Toy Ornithopter","Dead Branch","Strength Potion","SteroidPotion","Replay:Bottled Eggs","BattleHymn"],"campfire_rested":5,"item_purchase_floors":[0,14,14,14,14,14,14,27,27],"current_hp_per_floor":[37,26,19,19,19,10,30,5,5,5,5,5,25,25,25,42,67,67,72,69,69,53,53,50,50,50,50,60,53,29,19,40,10,72,68,45,45,37,41,41,17,17,17,17,15,20,56,27,63,14],"gold":447,"neow_bonus":"","is_daily":false,"chose_seed":false,"campfire_upgraded":3,"win_rate":0.0,"timestamp":1608231048,"path_taken":["M","?","M","?","M","E","R","E","T","?","?","E","R","$","R","BOSS","M","?","M","?","?","R","E","?","T","$","?","?","M","E","R","BOSS","M","?","?","M","M","R","E","?","T","?","M","E","R","E","R","BOSS"],"items_purchased_type":["Relic","Relic","Card","Relic","Relic","Potion","Potion","Relic","Card"],"build_version":"2020-12-13","purchased_purges":3,"victory":true,"max_hp_per_floor":[67,67,67,67,67,67,67,67,67,67,67,67,67,67,67,67,67,67,72,72,72,72,72,72,72,72,72,72,72,72,72,72,72,72,72,72,72,72,72,72,72,72,72,72,72,72,72,72,72,72],"card_choices":[{"not_picked":["JustLucky","Swivel"],"picked":"Collect","floor":1.0},{"not_picked":["Study","FollowUp","Evaluate"],"picked":"SKIP","floor":3.0},{"not_picked":["ClearTheMind","DeceiveReality"],"picked":"Replay:DivineShield","floor":5.0},{"not_picked":["Worship","Replay:Vibes"],"picked":"Consecrate","floor":6.0},{"not_picked":["Evaluate","FlurryOfBlows"],"picked":"LikeWater","floor":8.0},{"not_picked":["Consecrate+1","Nirvana","Prostrate"],"picked":"JustLucky+1","floor":11.0},{"not_picked":["Perseverance","Consecrate+1","Fasting2"],"picked":"LikeWater","floor":12.0},{"not_picked":["MasterReality","Alpha","Devotion"],"picked":"ConjureBlade","floor":16.0},{"not_picked":["FollowUp+1","Pray","Replay:Anticipation"],"picked":"EmptyMind","floor":18.0},{"not_picked":["TalkToTheHand+1","SashWhip+1","Replay:Anticipation","Wallop+1"],"picked":"SKIP","floor":20.0},{"not_picked":["Vengeance","Adaptation","Evaluate","CutThroughFate+1"],"picked":"SKIP","floor":24.0},{"not_picked":["Replay:ManipulateFuture","Evaluate","Halt+1","Replay:AtTheReady"],"picked":"SKIP","floor":28.0},{"not_picked":["ClearTheMind","TalkToTheHand+1","SignatureMove+1"],"picked":"JustLucky+1","floor":29.0},{"not_picked":["Replay:ManipulateFuture","FollowUp+1","Replay:BluntJabs+1","CrushJoints+1"],"picked":"SKIP","floor":30.0},{"not_picked":["Replay:Cycle+1","InnerPeace","SashWhip+1","CrushJoints+1"],"picked":"SKIP","floor":31.0},{"not_picked":["Brilliance+1","Judgement","Devotion"],"picked":"LessonLearned+1","floor":33.0},{"not_picked":["Evaluate","Consecrate+1","FollowUp+1","Swivel+1"],"picked":"SKIP","floor":35.0},{"not_picked":["ThirdEye","Study+1","Replay:BluntJabs+1","Prostrate+1"],"picked":"SKIP","floor":36.0},{"not_picked":["Vengeance+1","FlurryOfBlows+1","WreathOfFlame","EmptyFist+1"],"picked":"SKIP","floor":38.0},{"not_picked":["Replay:ManipulateFuture","Replay:DivineShield","FollowUp+1","ForeignInfluence+1"],"picked":"SKIP","floor":39.0},{"not_picked":["Crescendo","Halt+1","Replay:ManipulateFuture+1"],"picked":"ClearTheMind+1","floor":41.0},{"not_picked":["InnerPeace+1","Replay:BluntJabs+1","Replay:AtTheReady+1","Pray+1"],"picked":"SKIP","floor":45},{"not_picked":["Replay:Cycle+1","Halt","Wallop+1"],"picked":"MentalFortress+1","floor":46},{"not_picked":["WheelKick+1","Consecrate+1","Replay:Hum"],"picked":"Alpha","floor":48}],"player_experience":828697,"relics_obtained":[{"floor":6.0,"key":"Centennial Puzzle"},{"floor":8.0,"key":"Question Card"},{"floor":9.0,"key":"Akabeko"},{"floor":10.0,"key":"Molten Egg 2"},{"floor":12.0,"key":"Replay:Kaleidoscope"},{"floor":19.0,"key":"Durian"},{"floor":22.0,"key":"Necronomicon"},{"floor":24.0,"key":"Happy Flower"},{"floor":26.0,"key":"Gremlin Food"},{"floor":31.0,"key":"Shuriken"},{"floor":41.0,"key":"Lantern"},{"floor":42.0,"key":"Torii"},{"floor":43.0,"key":"Regal Pillow"},{"floor":46,"key":"Smiling Mask"},{"floor":48,"key":"Bottled Tornado"}],"event_choices":[{"damage_healed":0.0,"max_hp_gain":0.0,"max_hp_loss":0.0,"gold_gain":75.0,"event_name":"World of Goop","player_choice":"Gather Gold","floor":2.0,"gold_loss":0.0,"damage_taken":11.0},{"damage_healed":0.0,"max_hp_gain":0.0,"max_hp_loss":0.0,"gold_gain":0.0,"event_name":"Ghosts","player_choice":"Ignored","floor":21.0,"gold_loss":0.0,"damage_taken":0.0},{"damage_healed":0.0,"max_hp_gain":0.0,"max_hp_loss":0.0,"gold_gain":0.0,"event_name":"Cursed Tome","player_choice":"Obtained Book","floor":22.0,"gold_loss":0.0,"damage_taken":16.0},{"damage_healed":0.0,"max_hp_gain":0.0,"max_hp_loss":0.0,"gold_gain":0.0,"event_name":"Duplicator","player_choice":"Copied","floor":25.0,"gold_loss":0.0,"damage_taken":0.0,"cards_obtained":["ConjureBlade"]},{"damage_healed":0.0,"max_hp_gain":0.0,"max_hp_loss":0.0,"gold_gain":0.0,"event_name":"Tomb of Lord Red Mask","player_choice":"Ignored","floor":37.0,"gold_loss":0.0,"damage_taken":0.0}],"is_beta":false,"boss_relics":[{"not_picked":["ChewingGum","Busted Crown"],"picked":"Replay:Grab Bag"},{"not_picked":["Fusion Hammer","Cursed Key"],"picked":"Philosopher\u0027s Stone"},{"not_picked":["Runic Dome","Ectoplasm"],"picked":"Abe\u0027s Treasure"},{"not_picked":["VioletLotus","Runic Pyramid"],"picked":"HolyWater"},{"not_picked":["Astrolabe","Snecko Eye"],"picked":"Empty Cage"},{"not_picked":["Honey Jar","Tiny House"],"picked":"Replay:Bronze Core"}],"items_purged_floors":[0,14,27],"is_endless":false,"potions_floor_spawned":[3,8,12,16,18,24,33,41,45],"ascension_level":2}}