{"host":"7gewg82ormp6yt4e","time":1608208138,"event":{"mods":["BaseMod","Block Reminder","Colored Map","Colored Powertips","DeckTracker","Highlight Path","Minty Spire (QoL Compilation)","Relic Stats","StSLib"],"gold_per_floor":[117,136,136,61,61,92,92,130,130,130,130,146,146,177,177,270,270,295,345,363,92,112,112,148,148,227,248,248,248,283,293,293,365,365,385,385,385,396,449,449,476,476,503,538,538,567,176,188,188,188,188,188,188,42,70,70],"floor_reached":57,"playtime":3510,"items_purged":["Pain","Slice+1"],"score":2984,"play_id":"1d04d85c-0bcd-44bd-9e34-8b7094419fda","local_time":"20201217212858","is_ascension_mode":true,"campfire_choices":[{"data":"Noxious Fumes","floor":7.0,"key":"SMITH"},{"data":"Neutralize","floor":11.0,"key":"SMITH"},{"floor":15.0,"key":"REST"},{"floor":23.0,"key":"REST"},{"floor":32.0,"key":"REST"},{"floor":40.0,"key":"REST"},{"floor":42.0,"key":"RECALL"},{"floor":45.0,"key":"REST"},{"floor":49.0,"key":"REST"},{"floor":53.0,"key":"REST"}],"circlet_count":0,"master_deck":["AscendersBane","Defend_G+1","Defend_G+1","Defend_G+1","Defend_G+1","Defend_G+1","Survivor","Neutralize+1","Cloak And Dagger","Quick Slash","Noxious Fumes+1","Crippling Poison+1","Deadly Poison+1","Corpse Explosion+1","Burst+1","Distraction+1","Slice+1","Catalyst+1","Deadly Poison+1","Calculated Gamble+1","Deflect+1","Leg Sweep+1","Dodge and Roll+1","Backflip+1","Burst+1","Prepared+1","Madness+1","Madness+1","Choke+1","Setup+1","Prepared+1","Catalyst+1","Malaise+1","Catalyst+1","Noxious Fumes"],"relics":["Ring of the Snake","NeowsBlessing","WarpedTongs","Bloody Idol","Toxic Egg 2","Matryoshka","PreservedInsect","Molten Egg 2","Lizard Tail","Astrolabe","OrangePellets","Turnip","Toy Ornithopter","The Courier","MutagenicStrength","Blood Vial","Runic Dome","The Specimen","Ginger","Anchor","Bottled Flame","CaptainsWheel","Art of War"],"acts_visited":["Exordium","TheCity","TheBeyond","TheEnding"],"potions_floor_usage":[56,56],"damage_taken":[{"damage":0.0,"enemies":"2 Louse","floor":1.0,"turns":1.0},{"damage":0.0,"enemies":"Cultist","floor":2.0,"turns":1.0},{"damage":0.0,"enemies":"Gremlin Nob","floor":6.0,"turns":1.0},{"damage":6.0,"enemies":"Lagavulin","floor":8.0,"turns":8.0},{"damage":0.0,"enemies":"Small Slimes","floor":12.0,"turns":3.0},{"damage":17.0,"enemies":"3 Sentries","floor":14.0,"turns":8.0},{"damage":25.0,"enemies":"Slime Boss","floor":16.0,"turns":8.0},{"damage":10.0,"enemies":"Spheric Guardian","floor":18.0,"turns":5.0},{"damage":0.0,"enemies":"Chosen","floor":20.0,"turns":3.0},{"damage":8.0,"enemies":"Sentry and Sphere","floor":22.0,"turns":5.0},{"damage":0.0,"enemies":"Book of Stabbing","floor":24.0,"turns":3.0},{"damage":10.0,"enemies":"Snecko","floor":27.0,"turns":3.0},{"damage":0.0,"enemies":"Slavers","floor":30.0,"turns":1.0},{"damage":12.0,"enemies":"Cultist and Chosen","floor":31.0,"turns":4.0},{"damage":26.0,"enemies":"Automaton","floor":33.0,"turns":7.0},{"damage":5.0,"enemies":"Orb Walker","floor":35.0,"turns":4.0},{"damage":19.0,"enemies":"3 Shapes","floor":38.0,"turns":4.0},{"damage":20.0,"enemies":"2 Orb Walkers","floor":39.0,"turns":3.0},{"damage":0.0,"enemies":"Reptomancer","floor":41.0,"turns":3.0},{"damage":18.0,"enemies":"Nemesis","floor":44.0,"turns":3.0},{"damage":21.0,"enemies":"Reptomancer","floor":46.0,"turns":4.0},{"damage":5.0,"enemies":"Spire Growth","floor":48.0,"turns":5.0},{"damage":41.0,"enemies":"Awakened One","floor":50.0,"turns":15.0},{"damage":31.0,"enemies":"Time Eater","floor":51.0,"turns":12.0},{"damage":38,"enemies":"Shield and Spear","floor":55,"turns":8},{"damage":28,"enemies":"The Heart","floor":56,"turns":8}],"seed_played":"7009062747304602338","potions_obtained":[{"floor":6.0,"key":"LiquidBronze"},{"floor":8.0,"key":"GamblersBrew"},{"floor":12.0,"key":"Swift Potion"},{"floor":22.0,"key":"SpeedPotion"},{"floor":24.0,"key":"LiquidMemories"},{"floor":38.0,"key":"Explosive Potion"},{"floor":41.0,"key":"Strength Potion"},{"floor":44.0,"key":"DistilledChaos"},{"floor":46.0,"key":"Ancient Potion"},{"floor":55,"key":"SpeedPotion"}],"is_trial":false,"path_per_floor":["M","M","?","$","?","E","R","E","T","?","R","M","?","E","R","B",null,"M","?","M","$","M","R","E","?","T","M","?","?","E","M","R","B",null,"M","?","?","M","?","R","E","R","T","E","R","E","$","M","R","B","B",null,"R","$","E","B",null],"character_chosen":"THE_SILENT","items_purchased":["OrangePellets","Calculated Gamble+1","Deflect+1","CaptainsWheel","Malaise+1","DuplicationPotion"],"campfire_rested":7,"item_purchase_floors":[21,21,21,47,47,54],"current_hp_per_floor":[59,59,59,59,59,59,59,53,53,46,46,46,51,34,53,28,56,46,46,46,46,38,57,57,57,57,47,47,47,57,52,65,44,60,62,50,50,38,25,44,56,56,61,50,65,49,49,51,65,24,32,57,65,65,32,16],"gold":70,"neow_bonus":"THREE_ENEMY_KILL","is_daily":false,"chose_seed":false,"campfire_upgraded":2,"win_rate":0.0,"timestamp":1608208138,"path_taken":["M","M","?","$","?","E","R","E","T","?","R","M","?","E","R","BOSS","M","?","M","?","?","R","E","?","T","M","?","?","E","M","R","BOSS","M","?","?","?","?","R","E","R","T","E","R","E","$","M","R","BOSS","BOSS","R","$","E","BOSS"],"items_purchased_type":["Relic","Card","Card","Relic","Card","Potion"],"build_version":"2020-12-13","purchased_purges":2,"victory":true,"max_hp_per_floor":[66,66,66,66,60,60,60,60,60,60,60,60,65,65,65,65,65,65,65,65,65,65,65,65,65,65,65,65,65,65,65,65,65,65,65,65,65,65,65,65,65,65,65,65,65,65,65,65,65,65,65,65,65,65,65,65],"relic_stats":{"counters":[26,130],"Astrolabe":["Distraction","Slice","Slice"],"PreservedInsect":367,"Ginger":[5],"WarpedTongs":[73],"Blood Vial":18,"OrangePellets":[6],"Lizard Tail":32,"Bloody Idol":60,"Turnip":[5],"Art of War":[5],"obtain_stats":[{"NeowsBlessing":0,"The Specimen":39,"Golden Idol":5,"Astrolabe":17,"PreservedInsect":9,"The Courier":26,"Ginger":41,"WarpedTongs":3,"Blood Vial":30,"OrangePellets":21,"Runic Dome":34,"Lizard Tail":14,"Anchor":44,"Bottled Flame":46,"CaptainsWheel":47,"Matryoshka":8,"MutagenicStrength":28,"Bloody Idol":29,"Molten Egg 2":9,"Turnip":24,"Art of War":55,"Toxic Egg 2":6,"Toy Ornithopter":26,"Ring of the Snake":0},{"NeowsBlessing":0,"The Specimen":18,"Golden Idol":2,"Astrolabe":7,"PreservedInsect":4,"The Courier":11,"Ginger":19,"WarpedTongs":2,"Blood Vial":13,"OrangePellets":9,"Runic Dome":15,"Lizard Tail":6,"Anchor":20,"Bottled Flame":21,"CaptainsWheel":21,"Matryoshka":4,"MutagenicStrength":12,"Bloody Idol":12,"Molten Egg 2":4,"Turnip":11,"Art of War":25,"Toxic Egg 2":3,"Toy Ornithopter":11,"Ring of the Snake":0},{"NeowsBlessing":0,"The Specimen":72,"Golden Idol":2,"Astrolabe":30,"PreservedInsect":11,"The Courier":46,"Ginger":75,"WarpedTongs":2,"Blood Vial":50,"OrangePellets":38,"Runic Dome":61,"Lizard Tail":22,"Anchor":78,"Bottled Flame":82,"CaptainsWheel":82,"Matryoshka":11,"MutagenicStrength":49,"Bloody Idol":49,"Molten Egg 2":11,"Turnip":46,"Art of War":122,"Toxic Egg 2":3,"Toy Ornithopter":46,"Ring of the Snake":0}],"Toy Ornithopter":20,"Ring of the Snake":[52]},"card_choices":[{"not_picked":["Deflect","Acrobatics"],"picked":"Cloak And Dagger","floor":1.0},{"not_picked":["PiercingWail","Dodge and Roll"],"picked":"Quick Slash","floor":2.0},{"not_picked":["Skewer","Distraction+1"],"picked":"Noxious Fumes","floor":6.0},{"not_picked":["Prepared+1","Quick Slash"],"picked":"Crippling Poison+1","floor":8.0},{"not_picked":["Blur+1","Outmaneuver+1"],"picked":"Deadly Poison+1","floor":12.0},{"not_picked":["Prepared+1","Infinite Blades"],"picked":"Corpse Explosion+1","floor":14.0},{"not_picked":["Wraith Form v2","Die Die Die+1"],"picked":"Burst+1","floor":16.0},{"not_picked":["Dash+1","Underhanded Strike+1"],"picked":"Catalyst+1","floor":18.0},{"not_picked":["Concentrate+1","Endless Agony+1"],"picked":"Deadly Poison+1","floor":20.0},{"not_picked":["Noxious Fumes","Cloak And Dagger+1","Eviscerate+1"],"picked":"SKIP","floor":22.0},{"not_picked":["Blade Dance+1","Setup+1"],"picked":"Leg Sweep+1","floor":24.0},{"not_picked":["Deadly Poison+1","Distraction+1","Skewer+1"],"picked":"SKIP","floor":27.0},{"not_picked":["Skewer+1","Expertise+1"],"picked":"Dodge and Roll+1","floor":30.0},{"not_picked":["Outmaneuver+1","Flying Knee+1"],"picked":"Backflip+1","floor":31.0},{"not_picked":["Bullet Time+1","Doppelganger+1"],"picked":"Burst+1","floor":33.0},{"not_picked":["Dagger Throw+1","Escape Plan+1"],"picked":"Prepared+1","floor":35.0},{"not_picked":["Dagger Throw+1","Escape Plan+1","Poisoned Stab+1"],"picked":"SKIP","floor":38.0},{"not_picked":["Terror+1","Underhanded Strike+1"],"picked":"Setup+1","floor":39.0},{"not_picked":["Slice+1","Poisoned Stab+1"],"picked":"Prepared+1","floor":41.0},{"not_picked":["Endless Agony+1","Heel Hook+1","Backstab+1"],"picked":"SKIP","floor":44.0},{"not_picked":["Cloak And Dagger+1","All Out Attack+1"],"picked":"Catalyst+1","floor":46.0},{"not_picked":["Unload+1","Backflip+1"],"picked":"Catalyst+1","floor":48.0},{"not_picked":["Deadly Poison+1","Flying Knee+1"],"picked":"Noxious Fumes","floor":55}],"player_experience":2382760,"relics_obtained":[{"floor":6.0,"key":"Toxic Egg 2"},{"floor":8.0,"key":"Matryoshka"},{"floor":9.0,"key":"PreservedInsect"},{"floor":9.0,"key":"Molten Egg 2"},{"floor":14.0,"key":"Lizard Tail"},{"floor":24.0,"key":"Turnip"},{"floor":26.0,"key":"Toy Ornithopter"},{"floor":26.0,"key":"The Courier"},{"floor":30.0,"key":"Blood Vial"},{"floor":39.0,"key":"The Specimen"},{"floor":41.0,"key":"Ginger"},{"floor":44.0,"key":"Anchor"},{"floor":46.0,"key":"Bottled Flame"},{"floor":55,"key":"Art of War"}],"event_choices":[{"damage_healed":0.0,"max_hp_gain":0.0,"max_hp_loss":0.0,"gold_gain":0.0,"event_name":"Accursed Blacksmith","player_choice":"Rummage","floor":3.0,"gold_loss":0.0,"damage_taken":0.0,"relics_obtained":["WarpedTongs"],"cards_obtained":["Pain"]},{"damage_healed":0.0,"max_hp_gain":0.0,"max_hp_loss":6.0,"gold_gain":0.0,"event_name":"Golden Idol","player_choice":"Lose Max HP","floor":5.0,"gold_loss":0.0,"damage_taken":0.0,"relics_obtained":["Golden Idol"]},{"cards_removed":["Strike_G"],"damage_healed":0.0,"max_hp_gain":0.0,"max_hp_loss":0.0,"gold_gain":0.0,"event_name":"Golden Wing","player_choice":"Card Removal","floor":10.0,"gold_loss":0.0,"damage_taken":7.0},{"damage_healed":0.0,"max_hp_gain":5.0,"max_hp_loss":0.0,"gold_gain":0.0,"event_name":"Big Fish","player_choice":"Donut","floor":13.0,"gold_loss":0.0,"damage_taken":0.0},{"damage_healed":0.0,"max_hp_gain":0.0,"max_hp_loss":0.0,"gold_gain":50.0,"event_name":"Golden Shrine","player_choice":"Pray","floor":19.0,"gold_loss":0.0,"damage_taken":0.0},{"damage_healed":0.0,"max_hp_gain":0.0,"max_hp_loss":0.0,"gold_gain":0.0,"event_name":"Back to Basics","player_choice":"Simplicity","floor":25.0,"gold_loss":0.0,"damage_taken":0.0,"cards_upgraded":["Strike_G","Defend_G","Defend_G","Defend_G","Defend_G","Defend_G"]},{"damage_healed":0.0,"max_hp_gain":0.0,"max_hp_loss":0.0,"gold_gain":0.0,"event_name":"Drug Dealer","player_choice":"Inject Mutagens","floor":28.0,"gold_loss":0.0,"damage_taken":0.0,"relics_obtained":["MutagenicStrength"]},{"damage_healed":0.0,"max_hp_gain":0.0,"max_hp_loss":0.0,"gold_gain":0.0,"event_name":"Forgotten Altar","player_choice":"Gave Idol","floor":29.0,"relics_lost":["Golden Idol"],"gold_loss":0.0,"damage_taken":0.0,"relics_obtained":["Bloody Idol"]},{"damage_healed":0.0,"max_hp_gain":0.0,"max_hp_loss":0.0,"gold_gain":0.0,"event_name":"Winding Halls","player_choice":"Embrace Madness","floor":36.0,"gold_loss":0.0,"damage_taken":12.0,"cards_obtained":["Madness","Madness"]},{"damage_healed":0.0,"max_hp_gain":0.0,"max_hp_loss":0.0,"gold_gain":0.0,"cards_transformed":["Strike_G"],"event_name":"Transmorgrifier","player_choice":"Transformed","floor":37.0,"gold_loss":0.0,"damage_taken":0.0,"cards_obtained":["Choke"]},{"damage_healed":0.0,"max_hp_gain":0.0,"max_hp_loss":0.0,"gold_gain":0.0,"event_name":"Mysterious Sphere","player_choice":"Fight","floor":39.0,"gold_loss":0.0,"damage_taken":0.0}],"is_beta":false,"boss_relics":[{"not_picked":["Cursed Key","Sozu"],"picked":"Astrolabe"},{"not_picked":["WristBlade","Black Star"],"picked":"Runic Dome"}],"items_purged_floors":[4,54],"is_endless":false,"potions_floor_spawned":[6,8,12,16,22,24,27,38,41,44,46,55],"ascension_level":20}}