{"host":"sav7uxregyirlf69","time":1608186341,"event":{"mods":["AchievementEnabler","BaseMod","Colored Map","DeckTracker","Keyboard Shortcuts","Minty Spire (QoL Compilation)","READ ME - Guardian Mod","StSLib","SuperFastMode"],"gold_per_floor":[14,14,14,14,14,14,33,33,33,33,51,76,76,1,1,99,99,112,112,112,127,27,27,59,59,59,93,93,121,139,139,139,139,139],"floor_reached":33,"playtime":449,"items_purged":["Strike_G","Strike_G"],"score":578,"play_id":"46db6386-3da9-4b26-9220-c96945424386","local_time":"20201217152541","is_ascension_mode":true,"campfire_choices":[{"data":"Phantasmal Killer","floor":6.0,"key":"SMITH"},{"data":"Neutralize","floor":8.0,"key":"SMITH"},{"data":"Cloak And Dagger","floor":10.0,"key":"SMITH"},{"data":"Blade Dance","floor":13.0,"key":"SMITH"},{"data":"Cloak And Dagger","floor":15.0,"key":"SMITH"},{"data":"Finisher","floor":23.0,"key":"SMITH"},{"data":"Corpse Explosion","floor":25.0,"key":"SMITH"},{"floor":28.0,"key":"REST"},{"floor":32.0,"key":"RECALL"}],"circlet_count":0,"master_deck":["AscendersBane","Strike_G+1","Strike_G","Strike_G+1","Defend_G+1","Defend_G","Defend_G","Defend_G","Defend_G+1","Survivor","Neutralize+1","Phantasmal Killer+1","Blade Dance+1","Cloak And Dagger+1","Cloak And Dagger+1","Corpse Explosion+1","Escape Plan","Finisher+1","Escape Plan","Cloak And Dagger+1"],"relics":["Ring of the Snake","Bloody Idol","Ornamental Fan","WristBlade","War Paint","Singing Bowl","MealTicket","Torii"],"acts_visited":["Exordium","TheCity"],"potions_floor_usage":[33],"damage_taken":[{"damage":0.0,"enemies":"2 Louse","floor":1.0,"turns":3.0},{"damage":2.0,"enemies":"Jaw Worm","floor":7.0,"turns":2.0},{"damage":0.0,"enemies":"Small Slimes","floor":11.0,"turns":3.0},{"damage":0.0,"enemies":"Exordium Wildlife","floor":12.0,"turns":2.0},{"damage":29.0,"enemies":"The Guardian","floor":16.0,"turns":15.0},{"damage":0.0,"enemies":"Shell Parasite","floor":18.0,"turns":2.0},{"damage":0.0,"enemies":"2 Thieves","floor":21.0,"turns":3.0},{"damage":21.0,"enemies":"Gremlin Leader","floor":24.0,"turns":3.0},{"damage":17.0,"enemies":"Slavers","floor":27.0,"turns":2.0},{"damage":4.0,"enemies":"Book of Stabbing","floor":29.0,"turns":3.0},{"damage":1.0,"enemies":"Snecko","floor":30.0,"turns":3.0},{"damage":55,"enemies":"Automaton","floor":33,"turns":6}],"seed_played":"-391729375697241768","potions_obtained":[{"floor":11.0,"key":"CunningPotion"},{"floor":16.0,"key":"Regen Potion"},{"floor":21.0,"key":"SpeedPotion"},{"floor":27.0,"key":"Ancient Potion"}],"is_trial":false,"path_per_floor":["M","?","?","$","?","R","M","R","T","R","M","M","R","$","R","B",null,"M","?","?","M","$","R","E","R","T","E","R","E","M","?","R","B"],"character_chosen":"THE_SILENT","items_purchased":[],"campfire_rested":1,"item_purchase_floors":[],"current_hp_per_floor":[59,59,59,59,41,41,39,39,39,39,39,39,39,39,39,10,48,48,48,48,58,58,58,47,47,47,37,55,56,62,53,53,0,0],"gold":139,"neow_bonus":"THREE_RARE_CARDS","is_daily":false,"chose_seed":false,"campfire_upgraded":7,"win_rate":0.0,"timestamp":1608186341,"path_taken":["M","?","?","?","?","R","M","R","T","R","M","M","R","$","R","BOSS","M","?","?","M","?","R","E","R","T","E","R","E","?","?","R","BOSS"],"items_purchased_type":[],"build_version":"2020-12-13","purchased_purges":2,"victory":false,"max_hp_per_floor":[66,60,60,60,60,60,60,60,60,60,60,60,60,60,60,60,60,60,60,60,60,60,60,60,60,60,62,62,62,64,64,64,64,64],"card_choices":[{"not_picked":["Malaise","Bullet Time"],"picked":"Phantasmal Killer","floor":0.0},{"not_picked":["Prepared","Dodge and Roll"],"picked":"Blade Dance","floor":1.0},{"not_picked":["Dash","Caltrops"],"picked":"Cloak And Dagger","floor":7.0},{"not_picked":["Sucker Punch","Backflip"],"picked":"Cloak And Dagger","floor":11.0},{"not_picked":["Masterful Stab","Slice","Concentrate"],"picked":"SKIP","floor":12.0},{"not_picked":["Storm of Steel","Glass Knife"],"picked":"Corpse Explosion","floor":16.0},{"not_picked":["Poisoned Stab","Underhanded Strike"],"picked":"Escape Plan","floor":18.0},{"not_picked":["Outmaneuver","Setup","Deflect"],"picked":"SKIP","floor":21.0},{"not_picked":["Dagger Spray","Heel Hook"],"picked":"Escape Plan","floor":24.0},{"not_picked":["Dagger Spray","Dash","Skewer"],"picked":"Singing Bowl","floor":27.0},{"not_picked":["Finisher+1","Poisoned Stab"],"picked":"Cloak And Dagger+1","floor":29.0},{"not_picked":["Skewer","Underhanded Strike+1","Riddle With Holes"],"picked":"Singing Bowl","floor":30.0}],"player_experience":940481,"relics_obtained":[{"floor":9.0,"key":"Ornamental Fan"},{"floor":24.0,"key":"War Paint"},{"floor":26.0,"key":"Singing Bowl"},{"floor":27.0,"key":"MealTicket"},{"floor":29.0,"key":"Torii"}],"event_choices":[{"damage_healed":0.0,"max_hp_gain":0.0,"max_hp_loss":6.0,"gold_gain":0.0,"event_name":"Golden Idol","player_choice":"Lose Max HP","floor":2.0,"gold_loss":0.0,"damage_taken":0.0,"relics_obtained":["Golden Idol"]},{"damage_healed":0.0,"max_hp_gain":0.0,"max_hp_loss":0.0,"gold_gain":0.0,"event_name":"Liars Game","player_choice":"Ignored","floor":3.0,"gold_loss":0.0,"damage_taken":0.0},{"damage_healed":0.0,"max_hp_gain":0.0,"max_hp_loss":0.0,"gold_gain":0.0,"event_name":"Shining Light","player_choice":"Entered Light","floor":5.0,"gold_loss":0.0,"damage_taken":18.0,"cards_upgraded":["Strike_G","Strike_G"]},{"damage_healed":0.0,"max_hp_gain":0.0,"max_hp_loss":0.0,"gold_gain":0.0,"event_name":"The Library","player_choice":"Read","floor":19.0,"gold_loss":0.0,"damage_taken":0.0,"cards_obtained":["Finisher"]},{"damage_healed":0.0,"max_hp_gain":0.0,"max_hp_loss":0.0,"gold_gain":0.0,"event_name":"Forgotten Altar","player_choice":"Gave Idol","floor":20.0,"relics_lost":["Golden Idol"],"gold_loss":0.0,"damage_taken":0.0,"relics_obtained":["Bloody Idol"]},{"damage_healed":0.0,"max_hp_gain":0.0,"max_hp_loss":0.0,"gold_gain":0.0,"event_name":"Wheel of Change","player_choice":"Damaged","floor":31.0,"gold_loss":0.0,"damage_taken":9.0}],"is_beta":false,"boss_relics":[{"not_picked":["Busted Crown","Runic Dome"],"picked":"WristBlade"}],"items_purged_floors":[14,22],"is_endless":false,"potions_floor_spawned":[11,16,21,27,29,30],"killed_by":"Automaton","ascension_level":20}}