{"host":"f14d6hm2349s9jse","time":1608171562,"event":{"mods":["2.2 Compatiblity","BaseMod","Minty Spire (QoL Compilation)","StSLib","The Blackbeard"],"gold_per_floor":[114,128,128,147,163,205,205,205,229,267,317,356,356,408,408,523,573,603,635,690,605,605,704,738,791,791,791,827,879,879,645,645,793,793,849,849,989,504,504,600,600,722,745,745,344,416,481,577,577,657,657,657,328,386,426,426,426],"floor_reached":55,"playtime":3780,"items_purged":["Decay"],"score":989,"play_id":"9effec0f-7a0f-4b31-b627-4cb94cfabc88","local_time":"20201216211922","is_ascension_mode":false,"campfire_choices":[{"data":"blackbeard:BuriedTreasure","floor":7,"key":"SMITH"},{"floor":13,"key":"REST"},{"data":"blackbeard:PirateStrength","floor":15,"key":"SMITH"},{"floor":27,"key":"REST"},{"floor":30,"key":"REST"},{"data":"blackbeard:BoostMorale","floor":32,"key":"SMITH"},{"floor":41,"key":"RECALL"},{"floor":44,"key":"DIG"},{"floor":49,"key":"REST"},{"floor":52,"key":"DIG"}],"circlet_count":0,"master_deck":["blackbeard:BlackbeardStrike","blackbeard:BlackbeardStrike","blackbeard:BlackbeardStrike","blackbeard:IntimidatingStrike","blackbeard:BlackbeardDefend","blackbeard:BlackbeardDefend","blackbeard:BlackbeardDefend","blackbeard:BlackbeardDefend","blackbeard:Cutlass","blackbeard:ArmorUp+1","blackbeard:PowderKeg","blackbeard:ReapersScythe","blackbeard:BuriedTreasure+1","blackbeard:PirateHook","blackbeard:Rum","blackbeard:GoldenCannonball","blackbeard:PirateStrength+1","blackbeard:PowerHungry","blackbeard:Eyepatch","blackbeard:JollyRoger","blackbeard:CloakAndCannonball+1","blackbeard:BoostMorale+1","blackbeard:ArmorUp","blackbeard:GhostInTheRum+1","blackbeard:Bandana","blackbeard:Parrot","blackbeard:GoldenDefense","Madness","Madness","blackbeard:DelayedPain","Apotheosis","blackbeard:FishingNets","blackbeard:Eyepatch","blackbeard:RearmingStrike","blackbeard:ReapersScythe","blackbeard:BlindAttacks","blackbeard:Fencing+1","blackbeard:GoldenDefense+1","blackbeard:AgileStrike+1","blackbeard:AgileStrike","blackbeard:ChaoticDefense","blackbeard:WiseDefense"],"relics":["blackbeard:LoadTheCannons","NeowsBlessing","blackbeard:WhitePearl","Strawberry","Centennial Puzzle","Shuriken","Tiny House","Red Mask","HornCleat","Happy Flower","Question Card","Boot","blackbeard:HipFlask","Velvet Choker","Shovel","Anchor","Vajra","Pocketwatch","MealTicket","Bottled Flame","Lantern","Nunchaku","blackbeard:CannonballsOfSteel","Sundial","blackbeard:MagicalCauldron"],"acts_visited":["Exordium","TheCity","TheBeyond","TheEnding"],"potions_floor_usage":[12,18,25,55],"damage_taken":[{"damage":0,"enemies":"Jaw Worm","floor":1,"turns":1},{"damage":0,"enemies":"Cultist","floor":2,"turns":1},{"damage":0,"enemies":"2 Louse","floor":4,"turns":2},{"damage":3,"enemies":"2 Fungi Beasts","floor":5,"turns":3},{"damage":10,"enemies":"Lagavulin","floor":6,"turns":6},{"damage":5,"enemies":"Looter","floor":10,"turns":3},{"damage":0,"enemies":"Gremlin Nob","floor":11,"turns":3},{"damage":24,"enemies":"Exordium Thugs","floor":12,"turns":5},{"damage":11,"enemies":"Lagavulin","floor":14,"turns":5},{"damage":21,"enemies":"Hexaghost","floor":16,"turns":8},{"damage":8,"enemies":"2 Thieves","floor":18,"turns":4},{"damage":9,"enemies":"Chosen","floor":19,"turns":5},{"damage":38,"enemies":"Masked Bandits","floor":20,"turns":6},{"damage":0,"enemies":"Snake Plant","floor":24,"turns":3},{"damage":15,"enemies":"Book of Stabbing","floor":25,"turns":4},{"damage":3,"enemies":"Cultist and Chosen","floor":28,"turns":6},{"damage":20,"enemies":"Slavers","floor":29,"turns":5},{"damage":13,"enemies":"Champ","floor":33,"turns":8},{"damage":4,"enemies":"3 Darklings","floor":35,"turns":7},{"damage":8,"enemies":"Mind Bloom Boss Battle","floor":37,"turns":6},{"damage":0,"enemies":"Giant Head","floor":40,"turns":7},{"damage":21,"enemies":"Nemesis","floor":42,"turns":9},{"damage":2,"enemies":"Giant Head","floor":46,"turns":5},{"damage":9,"enemies":"3 Shapes","floor":47,"turns":7},{"damage":28,"enemies":"Reptomancer","floor":48,"turns":9},{"damage":33,"enemies":"Awakened One","floor":50,"turns":9},{"damage":40,"enemies":"Shield and Spear","floor":54,"turns":7},{"damage":92,"enemies":"The Heart","floor":55,"turns":6}],"seed_played":"2476380593576652121","potions_obtained":[{"floor":2,"key":"Ancient Potion"},{"floor":4,"key":"ColorlessPotion"},{"floor":10,"key":"Energy Potion"},{"floor":12,"key":"Energy Potion"},{"floor":17,"key":"FearPotion"},{"floor":19,"key":"LiquidMemories"},{"floor":25,"key":"ColorlessPotion"},{"floor":37,"key":"SkillPotion"}],"is_trial":false,"path_per_floor":["M","M","?","M","M","E","R","?","T","M","E","M","R","E","R","B",null,"M","M","?","?","?","?","M","E","T","R","M","E","R","$","R","B",null,"M","?","?","$","?","E","R","E","T","R","$","E","M","E","R","B",null,"R","$","E","B"],"character_chosen":"BLACKBEARD_CLASS","items_purchased":["blackbeard:HipFlask","blackbeard:Bandana","Apotheosis","Anchor","Vajra","blackbeard:RearmingStrike","blackbeard:ReapersScythe","blackbeard:BlindAttacks","Lantern","FairyPotion","blackbeard:AgileStrike","blackbeard:ChaoticDefense"],"campfire_rested":4,"item_purchase_floors":[31,31,38,38,38,45,45,45,45,53,53,53],"current_hp_per_floor":[75,75,75,75,72,62,62,62,69,64,64,40,64,53,53,32,87,79,70,32,32,32,32,32,17,17,43,40,20,46,46,46,33,87,83,72,64,64,64,64,64,43,43,43,58,56,47,19,45,12,87,87,87,47,0,0,0],"gold":426,"neow_bonus":"THREE_ENEMY_KILL","is_daily":false,"chose_seed":false,"campfire_upgraded":3,"win_rate":0.0,"timestamp":1608171562,"path_taken":["M","M","?","M","M","E","R","?","T","?","E","M","R","E","R","BOSS","M","M","?","?","?","?","?","E","T","R","?","E","R","$","R","BOSS","M","?","?","$","?","E","R","E","T","R","?","E","M","E","R","BOSS","R","$","E","BOSS"],"items_purchased_type":["Relic","Card","Card","Relic","Relic","Card","Card","Card","Relic","Potion","Card","Card"],"build_version":"2020-12-13","purchased_purges":1,"victory":false,"max_hp_per_floor":[75,75,75,75,75,75,75,75,82,82,82,82,82,82,82,82,87,87,87,87,87,87,87,87,87,87,87,87,87,87,87,87,87,87,87,87,87,87,87,87,87,87,87,87,87,87,87,87,87,87,87,87,87,87,87,87,87],"card_choices":[{"not_picked":["blackbeard:Shrapnel","blackbeard:Sword"],"picked":"blackbeard:ArmorUp","floor":1},{"not_picked":["blackbeard:DeadlyArsenal","blackbeard:GoldenDefense"],"picked":"blackbeard:PowderKeg","floor":2},{"not_picked":["blackbeard:Toast","blackbeard:DeadlyArsenal","blackbeard:BeatUp"],"picked":"SKIP","floor":4},{"not_picked":["blackbeard:PowderKeg","blackbeard:GoldenDefense"],"picked":"blackbeard:BuriedTreasure","floor":5},{"not_picked":["blackbeard:FishingNets","blackbeard:DeadlyArsenal"],"picked":"blackbeard:PirateHook","floor":6},{"not_picked":["blackbeard:SmithingHammer","blackbeard:VengefulSpirit"],"picked":"blackbeard:Rum","floor":10},{"not_picked":["blackbeard:Sword","blackbeard:Toast","blackbeard:SwordDance"],"picked":"SKIP","floor":11},{"not_picked":["blackbeard:JollyRoger","blackbeard:Dagger"],"picked":"blackbeard:GoldenCannonball","floor":12},{"not_picked":["blackbeard:GoldenDefense","blackbeard:Sharpening"],"picked":"blackbeard:PirateStrength","floor":14},{"not_picked":["blackbeard:ReapersScythe","blackbeard:TheDrunkenSailor"],"picked":"blackbeard:PowerHungry","floor":16},{"not_picked":["blackbeard:GoldenDefense","blackbeard:RearmingStrike"],"picked":"blackbeard:Eyepatch","floor":17},{"not_picked":["blackbeard:Sword","blackbeard:Spear"],"picked":"blackbeard:JollyRoger","floor":18},{"not_picked":["blackbeard:Spear","blackbeard:Fencing","blackbeard:Dagger+1"],"picked":"SKIP","floor":19},{"not_picked":["blackbeard:BeatUp+1","blackbeard:SwordDance"],"picked":"blackbeard:Fencing+1","floor":20},{"not_picked":["blackbeard:SmithingHammer","blackbeard:Spear+1"],"picked":"blackbeard:CloakAndCannonball+1","floor":24},{"not_picked":["blackbeard:BuriedTreasure+1","blackbeard:GoldenCannonball"],"picked":"blackbeard:BoostMorale","floor":25},{"not_picked":["blackbeard:RearmingStrike+1","blackbeard:BuriedTreasure","blackbeard:BeatUp"],"picked":"blackbeard:ArmorUp","floor":28},{"not_picked":["blackbeard:Halberd","blackbeard:DoubleBottom","blackbeard:WiseDefense"],"picked":"blackbeard:GhostInTheRum+1","floor":29},{"not_picked":["blackbeard:PowerHungry","blackbeard:UndeadForm","blackbeard:MegaUpgrade"],"picked":"blackbeard:Parrot","floor":33},{"not_picked":["blackbeard:Shrapnel","blackbeard:GoldenStrike","blackbeard:SmithingHammer"],"picked":"blackbeard:GoldenDefense","floor":35},{"not_picked":["blackbeard:Sharpening+1","blackbeard:Shrapnel","blackbeard:BlindAttacks"],"picked":"blackbeard:DelayedPain","floor":37},{"not_picked":["blackbeard:PowderKeg+1","blackbeard:Rum+1","blackbeard:RearmingStrike+1"],"picked":"blackbeard:FishingNets","floor":40},{"not_picked":["blackbeard:SmithingHammer+1","blackbeard:ArmorUp","blackbeard:GoldenStrike+1"],"picked":"blackbeard:Eyepatch","floor":42},{"not_picked":["blackbeard:CannonballSupply","blackbeard:TacticalRetreat","blackbeard:CatONineTails+1"],"picked":"blackbeard:Fencing+1","floor":46},{"not_picked":["blackbeard:TheDrunkenSailor","blackbeard:DoubleBottom+1","blackbeard:ArmorUp+1"],"picked":"blackbeard:GoldenDefense+1","floor":47},{"not_picked":["blackbeard:PowderKeg","blackbeard:FishingNets","blackbeard:Shrapnel+1"],"picked":"blackbeard:AgileStrike+1","floor":48},{"not_picked":["blackbeard:Shrapnel","blackbeard:TacticalRetreat+1","blackbeard:Sharpening+1"],"picked":"blackbeard:WiseDefense","floor":54}],"player_experience":2463875,"relics_obtained":[{"floor":6,"key":"blackbeard:WhitePearl"},{"floor":9,"key":"Strawberry"},{"floor":11,"key":"Centennial Puzzle"},{"floor":14,"key":"Shuriken"},{"floor":20,"key":"Red Mask"},{"floor":25,"key":"Happy Flower"},{"floor":26,"key":"Question Card"},{"floor":29,"key":"Boot"},{"floor":37,"key":"Shovel"},{"floor":40,"key":"Pocketwatch"},{"floor":42,"key":"MealTicket"},{"floor":44,"key":"Bottled Flame"},{"floor":46,"key":"Nunchaku"},{"floor":48,"key":"blackbeard:CannonballsOfSteel"},{"floor":52,"key":"Sundial"},{"floor":54,"key":"blackbeard:MagicalCauldron"}],"event_choices":[{"damage_healed":0,"gold_gain":0,"cards_transformed":["blackbeard:BlackbeardStrike"],"player_choice":"Change","damage_taken":0,"max_hp_gain":0,"max_hp_loss":0,"event_name":"Living Wall","floor":3,"gold_loss":0,"cards_obtained":["blackbeard:ReapersScythe"]},{"damage_healed":0,"gold_gain":0,"player_choice":"Ignored","damage_taken":0,"max_hp_gain":0,"max_hp_loss":0,"event_name":"NoteForYourself","floor":8,"gold_loss":0},{"damage_healed":0,"gold_gain":0,"player_choice":"Fought Bandits","damage_taken":0,"max_hp_gain":0,"max_hp_loss":0,"event_name":"Masked Bandits","floor":20,"gold_loss":0},{"damage_healed":0,"gold_gain":0,"player_choice":"Obtained Relic","damage_taken":0,"relics_obtained":["HornCleat"],"max_hp_gain":0,"max_hp_loss":0,"event_name":"Addict","floor":21,"gold_loss":85},{"damage_healed":0,"gold_gain":0,"player_choice":"Smashed Altar","damage_taken":0,"max_hp_gain":0,"max_hp_loss":0,"event_name":"Forgotten Altar","floor":22,"gold_loss":0,"cards_obtained":["Decay"]},{"damage_healed":0,"gold_gain":99,"player_choice":"Stole From Cult","damage_taken":0,"max_hp_gain":0,"max_hp_loss":0,"event_name":"Nest","floor":23,"gold_loss":0},{"damage_healed":0,"gold_gain":0,"player_choice":"Embrace Madness","damage_taken":11,"max_hp_gain":0,"max_hp_loss":0,"event_name":"Winding Halls","floor":36,"gold_loss":0,"cards_obtained":["Madness","Madness"]},{"damage_healed":0,"gold_gain":0,"player_choice":"Fight","damage_taken":0,"max_hp_gain":0,"max_hp_loss":0,"event_name":"MindBloom","floor":37,"gold_loss":0},{"cards_removed":["blackbeard:Fencing"],"damage_healed":0,"gold_gain":0,"player_choice":"Removed Skill","damage_taken":0,"max_hp_gain":0,"max_hp_loss":0,"event_name":"Falling","floor":39,"gold_loss":0}],"is_beta":false,"boss_relics":[{"not_picked":["SacredBark","Ectoplasm"],"picked":"Tiny House"},{"not_picked":["Runic Dome","blackbeard:LoadTheGoldenCannons"],"picked":"Velvet Choker"}],"items_purged_floors":[53],"is_endless":false,"potions_floor_spawned":[2,4,10,12,19,20,25,29,33,37,40,46,54],"killed_by":"The Heart","ascension_level":0}}