{"host":"usewcu4ohw2wtmxk","time":1608190446,"event":{"mods":["AchievementEnabler","BaseMod","BetterRewards","Colored Powertips","Minty Spire (QoL Compilation)","Permanent Neow","Quick Restart","Relic Sorter","Relic Stats","Shop Mod","StSLib"],"gold_per_floor":[111,129,129,149,167,167,167,195,221,221,247,247,172,172,172,172,172],"floor_reached":16,"playtime":326,"items_purged":[],"score":216,"play_id":"1478d635-5641-4143-8b2d-97296403925e","local_time":"20201217153406","is_ascension_mode":true,"campfire_choices":[{"data":"Blade Dance","floor":6.0,"key":"SMITH"},{"floor":10,"key":"REST"},{"floor":12,"key":"REST"},{"data":"Envenom","floor":15,"key":"SMITH"}],"circlet_count":0,"master_deck":["AscendersBane","Strike_G","Strike_G","Strike_G","Defend_G","Defend_G","Defend_G","Defend_G","Defend_G","Survivor","Neutralize","Dagger Spray","Blade Dance","Blade Dance+1","Envenom+1","Infinite Blades"],"relics":["Black Star","Happy Flower","MealTicket","Bronze Scales","Nunchaku","Dream Catcher","The Courier"],"acts_visited":["Exordium"],"potions_floor_usage":[8,8],"damage_taken":[{"damage":1.0,"enemies":"Small Slimes","floor":1.0,"turns":4.0},{"damage":2.0,"enemies":"Jaw Worm","floor":2.0,"turns":7.0},{"damage":1.0,"enemies":"2 Louse","floor":4.0,"turns":3.0},{"damage":6.0,"enemies":"Looter","floor":5.0,"turns":4.0},{"damage":37,"enemies":"Lagavulin","floor":8,"turns":9},{"damage":17,"enemies":"3 Sentries","floor":11,"turns":6},{"damage":18,"enemies":"The Guardian","floor":16,"turns":7}],"seed_played":"-5708204129905607406","potions_obtained":[{"floor":2.0,"key":"Dexterity Potion"},{"floor":4.0,"key":"Swift Potion"},{"floor":11,"key":"SteroidPotion"}],"is_trial":false,"path_per_floor":["M","M","?","M","M","R","?","E","T","R","E","R","?","T","R","B"],"character_chosen":"THE_SILENT","items_purchased":[],"campfire_rested":2,"item_purchase_floors":[],"current_hp_per_floor":[58,56,49,48,42,42,42,5,5,24,7,26,26,26,26,8,8],"gold":172,"neow_bonus":"BOSS_RELIC","is_daily":false,"chose_seed":false,"campfire_upgraded":2,"win_rate":0.0,"timestamp":1608190446,"path_taken":["M","M","?","M","M","R","?","E","T","R","E","R","?","?","R","BOSS"],"items_purchased_type":[],"build_version":"2020-12-13","purchased_purges":0,"victory":false,"max_hp_per_floor":[66,66,66,66,66,66,66,66,66,66,66,66,66,66,66,66,66],"relic_stats":{"Nunchaku":[1],"Dream Catcher":1,"Happy Flower":[4],"counters":[7,40],"Bronze Scales":[36],"MealTicket":0,"Black Star":2,"obtain_stats":[{"Nunchaku":11,"Dream Catcher":11,"Happy Flower":8,"Bronze Scales":9,"MealTicket":8,"The Courier":14,"Black Star":0,"Ring of the Snake":0},{"Nunchaku":6,"Dream Catcher":6,"Happy Flower":5,"Bronze Scales":5,"MealTicket":5,"The Courier":6,"Black Star":0,"Ring of the Snake":0},{"Nunchaku":33,"Dream Catcher":33,"Happy Flower":27,"Bronze Scales":27,"MealTicket":27,"The Courier":33,"Black Star":0,"Ring of the Snake":0}]},"card_choices":[{"not_picked":["Poisoned Stab","Distraction","Quick Slash"],"picked":"SKIP","floor":1.0},{"not_picked":["Flying Knee","Prepared"],"picked":"Dagger Spray","floor":2.0},{"not_picked":["Choke","Underhanded Strike"],"picked":"Blade Dance","floor":4.0},{"not_picked":["Distraction","Backflip"],"picked":"Blade Dance","floor":5.0},{"not_picked":["Skewer","Poisoned Stab","Quick Slash"],"picked":"SKIP","floor":8},{"not_picked":["Tactician","Wraith Form v2"],"picked":"Envenom","floor":11},{"not_picked":["Skewer","Terror"],"picked":"Infinite Blades","floor":12}],"player_experience":276117,"relics_obtained":[{"floor":8,"key":"Happy Flower"},{"floor":8,"key":"MealTicket"},{"floor":9,"key":"Bronze Scales"},{"floor":11,"key":"Nunchaku"},{"floor":11,"key":"Dream Catcher"},{"floor":14,"key":"The Courier"}],"event_choices":[{"cards_removed":["Strike_G"],"damage_healed":0.0,"max_hp_gain":0.0,"max_hp_loss":0.0,"gold_gain":0.0,"event_name":"Golden Wing","player_choice":"Card Removal","floor":3.0,"gold_loss":0.0,"damage_taken":7.0},{"damage_healed":0.0,"max_hp_gain":0.0,"max_hp_loss":0.0,"gold_gain":0.0,"event_name":"Shining Light","player_choice":"Ignored","floor":7.0,"gold_loss":0.0,"damage_taken":0.0},{"cards_removed":["Strike_G"],"damage_healed":0,"gold_gain":0,"player_choice":"Card Removal","damage_taken":0,"max_hp_gain":0,"max_hp_loss":0,"event_name":"The Cleric","floor":13,"gold_loss":75}],"is_beta":false,"boss_relics":[],"items_purged_floors":[],"is_endless":false,"potions_floor_spawned":[2,4,11],"killed_by":"The Guardian","ascension_level":20}}