{"host":"rqd50iigewdjy74u","time":1608205368,"event":{"mods":["AchievementEnabler","BaseMod","BetterRewards","Custom Start","Minty Spire (QoL Compilation)","StSLib"],"gold_per_floor":[118,118,118,141,156,179,219,219,246,261,280,128,128,148,148,278,278,301,315,340,340,340,351,378,392,439,439,471,487,501,534,534,636,636,652,706,269,288,302,302,332,410,434,434,90,104,154,174,174,174],"floor_reached":51,"playtime":2614,"items_purged":["Go for the Eyes","Dualcast"],"score":853,"play_id":"079d685c-e536-47d3-8954-a87f66e43c1b","local_time":"20201217054248","is_ascension_mode":true,"campfire_choices":[{"data":"Aggregate","floor":15,"key":"SMITH"},{"data":"Double Energy","floor":32,"key":"SMITH"},{"data":"Double Energy","floor":40,"key":"SMITH"},{"data":"Fission","floor":44,"key":"SMITH"},{"data":"Defragment","floor":49,"key":"SMITH"}],"circlet_count":0,"master_deck":["Strike_B+1","Strike_B+1","Defend_B+1","Defend_B+1","Zap","Gash","Beam Cell","Double Energy+1","Glacier","Chill","Aggregate+1","Stack","Ball Lightning","Electrodynamics","Barrage","Rainbow","Capacitor+1","Electrodynamics+1","Stack+1","Chaos+1","Ball Lightning+1","Static Discharge","Compile Driver","Cold Snap+1","Gash","Loop+1","Tempest+1","Double Energy+1","Fission+1","Gash+1","Barrage+1","Double Energy","Static Discharge","White Noise+1","Fusion+1","Leap+1","Defragment+1","White Noise+1","Doom and Gloom+1"],"relics":["Cracked Core","Bloody Idol","Anchor","Pen Nib","Lee\u0027s Waffle","Girya","Astrolabe","Bag of Preparation","Tiny Chest","Toy Ornithopter","Mummified Hand","Coffee Dripper","Incense Burner","Membership Card","Bag of Marbles","Question Card","Juzu Bracelet","HornCleat","Oddly Smooth Stone","Sling","Happy Flower","Strawberry","Blood Vial"],"acts_visited":["Exordium","TheCity","TheBeyond"],"potions_floor_usage":[16,23,33,33,33,45,48,50],"damage_taken":[{"damage":0,"enemies":"Jaw Worm","floor":1,"turns":3},{"damage":12,"enemies":"Small Slimes","floor":4,"turns":3},{"damage":0,"enemies":"Cultist","floor":5,"turns":2},{"damage":0,"enemies":"Looter","floor":6,"turns":2},{"damage":14,"enemies":"Gremlin Nob","floor":7,"turns":4},{"damage":14,"enemies":"Exordium Thugs","floor":10,"turns":3},{"damage":0,"enemies":"Lots of Slimes","floor":11,"turns":5},{"damage":10,"enemies":"Looter","floor":14,"turns":3},{"damage":36,"enemies":"Slime Boss","floor":16,"turns":6},{"damage":0,"enemies":"Chosen","floor":18,"turns":5},{"damage":10,"enemies":"3 Byrds","floor":19,"turns":3},{"damage":0,"enemies":"Cultist and Chosen","floor":20,"turns":4},{"damage":9,"enemies":"Centurion and Healer","floor":23,"turns":5},{"damage":29,"enemies":"Book of Stabbing","floor":24,"turns":5},{"damage":25,"enemies":"Shelled Parasite and Fungi","floor":25,"turns":4},{"damage":11,"enemies":"Gremlin Leader","floor":28,"turns":4},{"damage":8,"enemies":"Snecko","floor":29,"turns":4},{"damage":9,"enemies":"Snake Plant","floor":30,"turns":3},{"damage":28,"enemies":"Book of Stabbing","floor":31,"turns":4},{"damage":32,"enemies":"Champ","floor":33,"turns":8},{"damage":0,"enemies":"3 Shapes","floor":35,"turns":3},{"damage":22,"enemies":"2 Orb Walkers","floor":36,"turns":4},{"damage":8,"enemies":"Orb Walker","floor":38,"turns":2},{"damage":21,"enemies":"4 Shapes","floor":39,"turns":4},{"damage":10,"enemies":"Reptomancer","floor":41,"turns":3},{"damage":0,"enemies":"Jaw Worm Horde","floor":46,"turns":3},{"damage":9,"enemies":"Writhing Mass","floor":48,"turns":3},{"damage":68,"enemies":"Time Eater","floor":50,"turns":10}],"seed_played":"2580759856890301315","potions_obtained":[{"floor":1,"key":"FairyPotion"},{"floor":5,"key":"Energy Potion"},{"floor":10,"key":"Strength Potion"},{"floor":16,"key":"EssenceOfSteel"},{"floor":24,"key":"FocusPotion"},{"floor":31,"key":"AttackPotion"},{"floor":33,"key":"EssenceOfSteel"},{"floor":36,"key":"GamblersBrew"},{"floor":38,"key":"Fruit Juice"}],"is_trial":false,"path_per_floor":["M","?","?","M","M","M","E","?","T","M","M","$","T","M","R","B",null,"M","M","M","?","?","M","E","M","T","?","E","M","M","E","R","B",null,"M","?","$","M","M","R","E","T","T","R","$","M","T","M","R","B",null],"character_chosen":"DEFECT","items_purchased":["Gash","Beam Cell","Lee\u0027s Waffle","Membership Card","Bag of Marbles","Question Card","Double Energy","Static Discharge","Sling","Happy Flower","Strawberry","Defragment","SkillPotion"],"campfire_rested":0,"item_purchase_floors":[0,0,12,37,37,37,37,37,45,45,45,45,45],"current_hp_per_floor":[75,57,57,45,45,45,31,31,31,17,17,82,82,72,72,36,82,82,72,72,72,72,68,44,24,29,29,23,20,16,29,29,17,82,82,65,65,62,46,46,41,46,51,51,68,73,78,81,81,20],"gold":174,"neow_bonus":"","is_daily":false,"chose_seed":false,"campfire_upgraded":5,"win_rate":0.0,"timestamp":1608205368,"path_taken":["M","?","?","?","M","M","E","?","T","M","M","$","?","M","R","BOSS","M","?","M","?","?","M","E","M","T","?","E","M","M","E","R","BOSS","M","?","$","M","M","R","E","?","T","R","$","M","?","M","R","BOSS"],"items_purchased_type":["Card","Card","Relic","Relic","Relic","Relic","Card","Card","Relic","Relic","Relic","Card","Potion"],"build_version":"2020-12-13","purchased_purges":2,"victory":true,"max_hp_per_floor":[75,75,75,75,75,75,75,75,75,75,75,82,82,82,82,82,82,82,82,82,82,82,82,82,82,82,82,82,82,82,82,82,82,82,82,82,82,82,82,82,82,82,82,82,94,94,94,94,94,94],"card_choices":[{"not_picked":["Leap","Coolheaded"],"picked":"Double Energy","floor":1},{"not_picked":["Steam","Sweeping Beam"],"picked":"Glacier","floor":4},{"not_picked":["Hologram","Melter"],"picked":"Chill","floor":5},{"not_picked":["Cold Snap","BootSequence"],"picked":"Aggregate","floor":6},{"not_picked":["Auto Shields","Turbo"],"picked":"Stack","floor":7},{"not_picked":["Reprogram","Storm"],"picked":"Ball Lightning","floor":10},{"not_picked":["Stack","Coolheaded"],"picked":"Electrodynamics","floor":11},{"not_picked":["Recycle","Turbo"],"picked":"Barrage","floor":14},{"not_picked":["Reboot","Multi-Cast"],"picked":"Rainbow","floor":16},{"not_picked":["Reinforced Body","Storm"],"picked":"Chaos+1","floor":18},{"not_picked":["Coolheaded","Cold Snap"],"picked":"Ball Lightning+1","floor":19},{"not_picked":["Rip and Tear","Rebound+1"],"picked":"Static Discharge","floor":20},{"not_picked":["Go for the Eyes","Streamline+1"],"picked":"Compile Driver","floor":23},{"not_picked":["Consume","Leap"],"picked":"Cold Snap+1","floor":24},{"not_picked":["Heatsinks","Hologram"],"picked":"Go for the Eyes","floor":25},{"not_picked":["Turbo","Biased Cognition"],"picked":"Gash","floor":28},{"not_picked":["Stack+1","Barrage"],"picked":"Loop+1","floor":29},{"not_picked":["Gash+1","Force Field+1"],"picked":"Tempest+1","floor":30},{"not_picked":["Recycle","Steam Power"],"picked":"Double Energy","floor":31},{"not_picked":["Rainbow","Thunder Strike"],"picked":"Fission","floor":33},{"not_picked":["Loop","Lockon"],"picked":"Gash+1","floor":35},{"not_picked":["Steam+1","Consume"],"picked":"Barrage+1","floor":36},{"not_picked":["Leap+1","Coolheaded+1","Go for the Eyes"],"picked":"White Noise+1","floor":38},{"not_picked":["Tempest","Turbo+1","Barrage"],"picked":"Fusion+1","floor":39},{"not_picked":["Steam+1","Biased Cognition","Self Repair"],"picked":"Leap+1","floor":41},{"not_picked":["Barrage","Double Energy","Sunder"],"picked":"White Noise+1","floor":46},{"not_picked":["Scrape+1","Cold Snap+1","Barrage"],"picked":"Doom and Gloom+1","floor":48}],"player_experience":54247,"relics_obtained":[{"floor":7,"key":"Anchor"},{"floor":9,"key":"Pen Nib"},{"floor":13,"key":"Girya"},{"floor":24,"key":"Bag of Preparation"},{"floor":26,"key":"Tiny Chest"},{"floor":28,"key":"Toy Ornithopter"},{"floor":31,"key":"Mummified Hand"},{"floor":36,"key":"Incense Burner"},{"floor":41,"key":"Juzu Bracelet"},{"floor":42,"key":"HornCleat"},{"floor":43,"key":"Oddly Smooth Stone"},{"floor":47,"key":"Blood Vial"}],"event_choices":[{"damage_healed":0,"gold_gain":0,"player_choice":"Take Damage","damage_taken":18,"relics_obtained":["Golden Idol"],"max_hp_gain":0,"max_hp_loss":0,"event_name":"Golden Idol","floor":2,"gold_loss":0},{"cards_removed":["Defend_B"],"damage_healed":0,"gold_gain":0,"player_choice":"Offered Basic","damage_taken":0,"max_hp_gain":0,"max_hp_loss":0,"event_name":"Bonfire Elementals","floor":3,"gold_loss":0},{"damage_healed":0,"gold_gain":0,"player_choice":"Ignored","damage_taken":0,"max_hp_gain":0,"max_hp_loss":0,"event_name":"Liars Game","floor":8,"gold_loss":0},{"damage_healed":0,"gold_gain":0,"player_choice":"Ignored","damage_taken":0,"max_hp_gain":0,"max_hp_loss":0,"event_name":"The Mausoleum","floor":21,"gold_loss":0},{"damage_healed":0,"gold_gain":0,"player_choice":"Gave Idol","damage_taken":0,"relics_obtained":["Bloody Idol"],"max_hp_gain":0,"max_hp_loss":0,"event_name":"Forgotten Altar","floor":22,"relics_lost":["Golden Idol"],"gold_loss":0},{"damage_healed":0,"gold_gain":0,"player_choice":"Simplicity","damage_taken":0,"max_hp_gain":0,"max_hp_loss":0,"event_name":"Back to Basics","floor":27,"gold_loss":0,"cards_upgraded":["Strike_B","Strike_B","Defend_B","Defend_B"]},{"damage_healed":0,"gold_gain":0,"player_choice":"Fight","damage_taken":0,"max_hp_gain":0,"max_hp_loss":0,"event_name":"Mysterious Sphere","floor":36,"gold_loss":0}],"is_beta":false,"boss_relics":[{"not_picked":["Inserter","FrozenCore"],"picked":"Astrolabe"},{"not_picked":["Empty Cage","Fusion Hammer"],"picked":"Coffee Dripper"}],"items_purged_floors":[37,45],"is_endless":false,"potions_floor_spawned":[1,5,10,16,18,20,24,29,31,33,36,38,39,46],"ascension_level":1}}