{"host":"bbjnqymry46jz0fa","time":1608213533,"event":{"mods":["BaseMod","DeckTracker","Minty Spire (QoL Compilation)","Quick Restart","StSLib","SuperFastMode"],"gold_per_floor":[117,117,117,1,15,45,45,65,65,78,96,96,111,261,261,261,261],"floor_reached":16,"playtime":265,"items_purged":["Defend_G"],"score":254,"play_id":"f29fc22d-b267-4886-b8fb-2a4ada1f32ae","local_time":"20201217225853","is_ascension_mode":true,"campfire_choices":[{"data":"Noxious Fumes","floor":7,"key":"SMITH"},{"data":"Tactician","floor":15,"key":"SMITH"}],"circlet_count":0,"master_deck":["AscendersBane","Strike_G","Strike_G","Strike_G","Defend_G+1","Defend_G","Defend_G","Defend_G","Survivor+1","Neutralize","Poisoned Stab","Well Laid Plans","Noxious Fumes+1","Escape Plan","Tactician+1","Backflip","Doubt"],"relics":["Ring of the Snake","NeowsBlessing","White Beast Statue"],"acts_visited":["Exordium"],"potions_floor_usage":[16,16],"damage_taken":[{"damage":0,"enemies":"Cultist","floor":1,"turns":1},{"damage":0,"enemies":"Small Slimes","floor":5,"turns":1},{"damage":0,"enemies":"Gremlin Nob","floor":6,"turns":1},{"damage":8,"enemies":"Jaw Worm","floor":8,"turns":4},{"damage":0,"enemies":"3 Louse","floor":10,"turns":3},{"damage":5,"enemies":"Blue Slaver","floor":11,"turns":5},{"damage":1,"enemies":"2 Fungi Beasts","floor":13,"turns":4},{"damage":18,"enemies":"The Guardian","floor":16,"turns":5}],"seed_played":"6059454854155992362","potions_obtained":[{"floor":1,"key":"PowerPotion"},{"floor":8,"key":"BlessingOfTheForge"}],"is_trial":false,"path_per_floor":["M","?","?","$","M","E","R","M","T","M","M","?","M","?","R","B"],"character_chosen":"THE_SILENT","items_purchased":["Well Laid Plans"],"campfire_rested":0,"item_purchase_floors":[4],"current_hp_per_floor":[59,59,39,39,39,39,39,31,31,31,26,19,18,18,18,0,0],"gold":261,"neow_bonus":"THREE_ENEMY_KILL","is_daily":false,"chose_seed":false,"campfire_upgraded":2,"win_rate":0.0,"timestamp":1608213533,"path_taken":["M","?","?","?","M","E","R","M","T","M","M","?","?","?","R","BOSS"],"items_purchased_type":["Card"],"build_version":"2020-12-13","purchased_purges":1,"victory":false,"max_hp_per_floor":[66,66,66,66,66,66,66,66,66,66,66,66,66,66,66,66,66],"card_choices":[{"not_picked":["Expertise","Slice"],"picked":"Poisoned Stab","floor":1},{"not_picked":["Riddle With Holes","Underhanded Strike"],"picked":"Noxious Fumes","floor":5},{"not_picked":["Slice","Flying Knee","Infinite Blades"],"picked":"SKIP","floor":6},{"not_picked":["Outmaneuver","Heel Hook"],"picked":"Escape Plan","floor":8},{"not_picked":["PiercingWail","Acrobatics"],"picked":"Tactician","floor":10},{"not_picked":["Blade Dance","Endless Agony"],"picked":"Backflip","floor":11},{"not_picked":["Backflip","Bullet Time","Predator"],"picked":"SKIP","floor":13}],"player_experience":713213,"relics_obtained":[{"floor":6,"key":"White Beast Statue"}],"event_choices":[{"cards_removed":["Strike_G"],"damage_healed":0,"gold_gain":0,"player_choice":"Forget","damage_taken":0,"max_hp_gain":0,"max_hp_loss":0,"event_name":"Living Wall","floor":2,"gold_loss":0},{"damage_healed":0,"gold_gain":0,"player_choice":"Entered Light","damage_taken":20,"max_hp_gain":0,"max_hp_loss":0,"event_name":"Shining Light","floor":3,"gold_loss":0,"cards_upgraded":["Defend_G","Survivor"]},{"cards_removed":["Strike_G"],"damage_healed":0,"gold_gain":0,"player_choice":"Card Removal","damage_taken":7,"max_hp_gain":0,"max_hp_loss":0,"event_name":"Golden Wing","floor":12,"gold_loss":0},{"damage_healed":0,"gold_gain":150,"player_choice":"AGREE","damage_taken":0,"max_hp_gain":0,"max_hp_loss":0,"event_name":"Liars Game","floor":14,"gold_loss":0,"cards_obtained":["Doubt"]}],"is_beta":false,"boss_relics":[],"items_purged_floors":[4],"is_endless":false,"potions_floor_spawned":[1,8,10,11,13],"killed_by":"The Guardian","ascension_level":20}}