{"host":"htqwg582tjjtn9p7","time":1608219100,"event":{"mods":["2.2 Compatiblity","AchievementEnabler","Act Like it!","Aspiration","BaseMod","Better Third Choice","Colored Map","Conspire","Curses Come First","Displayed Cursed Tome","Energized Spire","Force Act Four","GifTheSpireLib","Hermit","Highlight Path","JesterMod","Mad Scientist","Minty Spire (QoL Compilation)","Pale of the Ancients","Permanent Neow","Random Character Button","Relic Stats","Replay The Spire","Robot Space Explorer","Somnambulant","Spicy Shops","Spikes Relics","StSLib","Stuff the Spire","The Blue Laboratory","The Disciple","The Dragon Tamer","The Forsaken","The Gatherer","The Judge","The Jungle","The Runesmith","The Servant 0.9.4"],"gold_per_floor":[18,35,35,35,53,53,88,100,126,126,158,42,42,81,81,154,104,120,100,119,0,0,0,0,0],"floor_reached":24,"playtime":1627,"items_purged":[],"score":379,"play_id":"8e346481-3a8c-4973-b135-5c76a7e8095f","local_time":"20201217163140","is_ascension_mode":true,"campfire_choices":[{"floor":6,"key":"REST"},{"floor":10,"key":"REST"},{"floor":15,"key":"REST"},{"floor":23,"key":"REST"}],"circlet_count":0,"master_deck":["AscendersBane","Strike_G","Strike_G","Strike_G","Strike_G","Strike_G","Defend_G","Defend_G","Defend_G","Defend_G","Defend_G","Survivor","Neutralize","BlessedFruit","BlessedFruit","Quick Slash","Backflip","Dagger Throw","Reflex","ReplayTheSpireMod:Scrap Shanks","Cloak And Dagger","Cloak And Dagger","Storm of Steel","Strike_G","Slice","Acrobatics+1","Escape Plan"],"relics":["Ring of the Snake","HeavenlyBonsai","Ring of Fangs","Ring of Panic","Rawhide","theForsaken:Gavel","ReplayTheSpireMod:Shallot","StuffTheSpire:OldFever","energizedSpire:HugeHouse","Strawberry"],"acts_visited":["Exordium","TheCity"],"potions_floor_usage":[16],"damage_taken":[{"damage":10,"enemies":"Jaw Worm","floor":1,"turns":8},{"damage":7,"enemies":"Small Slimes","floor":2,"turns":4},{"damage":3,"enemies":"Cultist","floor":5,"turns":4},{"damage":55,"enemies":"3 Sentries","floor":7,"turns":15},{"damage":1,"enemies":"Blue Slaver","floor":8,"turns":8},{"damage":29,"enemies":"Lagavulin","floor":11,"turns":8},{"damage":8,"enemies":"conspire:MimicChest","floor":14,"turns":9},{"damage":3,"enemies":"The Guardian","floor":16,"turns":16},{"damage":31,"enemies":"conspire:FuzzyDice","floor":18,"turns":16},{"damage":20,"enemies":"Spheric Guardian","floor":20,"turns":7},{"damage":16,"enemies":"Gremlin Leader","floor":24,"turns":5}],"seed_played":"772914497335755438","potions_obtained":[{"floor":1,"key":"blueLaboratory:PhilterOfMotion"},{"floor":16,"key":"blueLaboratory:AbyssPotion"},{"floor":19,"key":"SneckoOil"}],"is_trial":false,"path_per_floor":["M","M","?","$","M","R","E","M","T","R","E","$","?","?","R","B",null,"M","?","M","?","?","R","E"],"character_chosen":"THE_SILENT","items_purchased":["ReplayTheSpireMod:Scrap Shanks","Cloak And Dagger"],"campfire_rested":4,"item_purchase_floors":[12,12],"current_hp_per_floor":[51,46,46,46,45,66,13,14,14,36,9,9,9,3,27,26,64,35,35,17,17,24,50,35,35],"gold":0,"neow_bonus":"ONE_RARE_RELIC","is_daily":false,"chose_seed":false,"campfire_upgraded":0,"win_rate":0.0,"timestamp":1608219100,"path_taken":["M","M","?","$","M","R","E","M","T","R","E","$","?","?","R","BOSS","M","?","?","?","?","R","E"],"items_purchased_type":["Card","Card"],"build_version":"2020-12-13","purchased_purges":0,"victory":false,"max_hp_per_floor":[68,70,70,70,72,72,74,76,76,76,78,78,78,80,80,82,77,79,79,81,81,88,88,89,89],"relic_stats":{"counters":[11,100],"obtain_stats":[{"Ring of Fangs":3,"ReplayTheSpireMod:Shallot":11,"Strawberry":22,"Rawhide":7,"energizedSpire:HugeHouse":17,"HeavenlyBonsai":0,"Ring of Panic":3,"theForsaken:Gavel":9,"StuffTheSpire:OldFever":14,"Ring of the Snake":0},{"Ring of Fangs":2,"ReplayTheSpireMod:Shallot":6,"Strawberry":10,"Rawhide":4,"energizedSpire:HugeHouse":8,"HeavenlyBonsai":0,"Ring of Panic":2,"theForsaken:Gavel":5,"StuffTheSpire:OldFever":7,"Ring of the Snake":0},{"Ring of Fangs":12,"ReplayTheSpireMod:Shallot":47,"Strawberry":95,"Rawhide":31,"energizedSpire:HugeHouse":72,"HeavenlyBonsai":0,"Ring of Panic":12,"theForsaken:Gavel":39,"StuffTheSpire:OldFever":56,"Ring of the Snake":0}],"Ring of the Snake":[22]},"card_choices":[{"not_picked":["StuffTheSpire:Incantation","Well Laid Plans"],"picked":"Quick Slash","floor":1},{"not_picked":["Riddle With Holes","Pace"],"picked":"Poisoned Stab","floor":2},{"not_picked":["Terror","StuffTheSpire:BumpUp"],"picked":"Backflip","floor":5},{"not_picked":["Choke","aspiration:Lunge"],"picked":"Dagger Throw","floor":7},{"not_picked":["Slice","Acrobatics"],"picked":"Reflex","floor":8},{"not_picked":["Outmaneuver","Bane","Dodge and Roll"],"picked":"SKIP","floor":11},{"not_picked":["Bane","Slice"],"picked":"Cloak And Dagger","floor":14},{"not_picked":["Burst","After Image"],"picked":"Storm of Steel","floor":16},{"not_picked":["Quick Slash","StuffTheSpire:Shiver"],"picked":"Acrobatics+1","floor":18},{"not_picked":["Outmaneuver","Heel Hook+1"],"picked":"Escape Plan","floor":20}],"player_experience":1690925,"relics_obtained":[{"floor":3,"key":"Ring of Fangs"},{"floor":3,"key":"Ring of Panic"},{"floor":7,"key":"Rawhide"},{"floor":9,"key":"theForsaken:Gavel"},{"floor":11,"key":"ReplayTheSpireMod:Shallot"},{"floor":14,"key":"StuffTheSpire:OldFever"}],"event_choices":[{"damage_healed":0,"gold_gain":0,"player_choice":"Bought 1 Potion","damage_taken":0,"max_hp_gain":0,"max_hp_loss":0,"event_name":"The Woman in Blue","floor":19,"gold_loss":0},{"damage_healed":0,"gold_gain":0,"player_choice":"Paid Fearfully","damage_taken":0,"max_hp_gain":0,"max_hp_loss":0,"event_name":"Masked Bandits","floor":21,"gold_loss":119},{"damage_healed":0,"gold_gain":0,"player_choice":"Gave Potion","damage_taken":0,"relics_obtained":["Strawberry"],"max_hp_gain":0,"max_hp_loss":0,"event_name":"WeMeetAgain","floor":22,"gold_loss":0}],"is_beta":false,"boss_relics":[{"not_picked":["SacredBark","energizedSpire:OgreHead"],"picked":"energizedSpire:HugeHouse"}],"items_purged_floors":[],"is_endless":false,"potions_floor_spawned":[1,16,20],"killed_by":"Gremlin Leader","ascension_level":15}}