{"host":"wukocnei7dgudpva","time":1608171085,"event":{"mods":["AchievementEnabler","BaseMod","Colored Map","Minty Spire (QoL Compilation)","Permanent Neow","StSLib","SuperFastMode"],"gold_per_floor":[369,141,141,117,117,117,152,152,152,152,165,115,115,43,43,139,139,151,169,169,181,91,109,109,119,146,164,164,239,252,270,270,366,366,379,392,405,375,386,386,402,402,402,402,402,402,420,122,122,122,122],"floor_reached":50,"playtime":2747,"items_purged":["Normality"],"score":444,"play_id":"f1cee3a4-d3ef-458d-9d17-70520468f3f4","local_time":"20201217111125","is_ascension_mode":false,"campfire_choices":[{"floor":6.0,"key":"RECALL"},{"floor":8.0,"key":"REST"},{"data":"Dualcast","floor":10.0,"key":"SMITH"},{"data":"Cold Snap","floor":13.0,"key":"SMITH"},{"data":"Defragment","floor":15.0,"key":"SMITH"},{"floor":24.0,"key":"REST"},{"floor":28.0,"key":"REST"},{"floor":32.0,"key":"REST"},{"floor":40.0,"key":"REST"},{"data":"Electrodynamics","floor":42.0,"key":"SMITH"},{"data":"Static Discharge","floor":44.0,"key":"SMITH"},{"data":"Ball Lightning","floor":49.0,"key":"SMITH"}],"circlet_count":0,"master_deck":["Strike_B","Strike_B+1","Defend_B","Defend_B","Defend_B","Defend_B+1","Zap+1","Dualcast+1","Ball Lightning","Ball Lightning","Cold Snap+1","Tempest+1","Defragment+1","Conserve Battery+1","Ball Lightning+1","Conserve Battery+1","Redo+1","Electrodynamics+1","Defragment+1","Static Discharge+1","Leap+1","Hologram+1"],"relics":["Cracked Core","Omamori","Toxic Egg 2","Meat on the Bone","Shuriken","Nuclear Battery","Philosopher\u0027s Stone","Ice Cream","Incense Burner"],"acts_visited":["Exordium","TheCity","TheBeyond"],"potions_floor_usage":[],"damage_taken":[{"damage":3.0,"enemies":"Small Slimes","floor":1.0,"turns":3.0},{"damage":16.0,"enemies":"Lagavulin","floor":7.0,"turns":5.0},{"damage":0.0,"enemies":"Jaw Worm","floor":11.0,"turns":1.0},{"damage":14.0,"enemies":"The Guardian","floor":16.0,"turns":5.0},{"damage":0.0,"enemies":"Spheric Guardian","floor":18.0,"turns":1.0},{"damage":15.0,"enemies":"2 Thieves","floor":19.0,"turns":3.0},{"damage":14.0,"enemies":"Sentry and Sphere","floor":21.0,"turns":3.0},{"damage":13.0,"enemies":"Centurion and Healer","floor":23.0,"turns":5.0},{"damage":1.0,"enemies":"Shelled Parasite and Fungi","floor":25.0,"turns":4.0},{"damage":14.0,"enemies":"3 Cultists","floor":27.0,"turns":5.0},{"damage":11.0,"enemies":"Snecko","floor":30.0,"turns":4.0},{"damage":22.0,"enemies":"Shelled Parasite and Fungi","floor":31.0,"turns":4.0},{"damage":64.0,"enemies":"Automaton","floor":33.0,"turns":12.0},{"damage":6.0,"enemies":"Orb Walker","floor":35.0,"turns":2.0},{"damage":10.0,"enemies":"3 Shapes","floor":36.0,"turns":3.0},{"damage":12.0,"enemies":"Spire Growth","floor":37.0,"turns":4.0},{"damage":4.0,"enemies":"3 Darklings","floor":39.0,"turns":2.0},{"damage":0.0,"enemies":"Sphere and 2 Shapes","floor":41.0,"turns":2.0},{"damage":0.0,"enemies":"Transient","floor":46.0,"turns":1.0},{"damage":1.0,"enemies":"Jaw Worm Horde","floor":47.0,"turns":2.0},{"damage":77,"enemies":"Awakened One","floor":50,"turns":7}],"seed_played":"-5122904327117389847","potions_obtained":[{"floor":1.0,"key":"DistilledChaos"},{"floor":7.0,"key":"SteroidPotion"},{"floor":11.0,"key":"EssenceOfSteel"},{"floor":19.0,"key":"GamblersBrew"},{"floor":30.0,"key":"SpeedPotion"},{"floor":31.0,"key":"LiquidBronze"},{"floor":33.0,"key":"LiquidMemories"},{"floor":37.0,"key":"Fire Potion"},{"floor":38.0,"key":"DuplicationPotion"},{"floor":38.0,"key":"SmokeBomb"},{"floor":47.0,"key":"Ancient Potion"}],"is_trial":false,"path_per_floor":["M","$","?","$","?","R","E","R","T","R","M","?","R","$","R","B",null,"M","M","$","M","?","M","R","M","T","M","R","?","M","M","R","B",null,"M","M","M","?","M","R","M","R","T","R","?","M","M","$","R","B"],"character_chosen":"DEFECT","items_purchased":["Omamori","Ball Lightning","Defragment","Incense Burner"],"campfire_rested":5,"item_purchase_floors":[2,4,14,48],"current_hp_per_floor":[72,72,57,57,54,54,38,60,60,60,60,60,60,60,60,46,75,75,60,60,46,46,45,67,66,66,52,74,67,56,46,68,16,75,69,59,47,47,43,65,65,65,65,65,75,75,74,74,74,0,0],"gold":122,"neow_bonus":"TWO_FIFTY_GOLD","is_daily":false,"chose_seed":false,"campfire_upgraded":6,"win_rate":0.0,"timestamp":1608171085,"path_taken":["M","$","?","$","?","R","E","R","T","R","?","?","R","?","R","BOSS","M","M","$","M","?","?","R","M","T","M","R","?","M","M","R","BOSS","M","?","M","?","?","R","M","R","T","R","?","M","M","$","R","BOSS"],"items_purchased_type":["Relic","Card","Card","Relic"],"build_version":"2020-12-13","purchased_purges":1,"victory":false,"max_hp_per_floor":[75,75,75,75,75,75,75,75,75,75,75,75,75,75,75,75,75,75,75,75,75,75,75,75,75,75,75,75,75,75,75,75,75,75,75,75,75,75,75,75,75,75,75,75,75,75,75,75,75,75,75],"card_choices":[{"not_picked":["Gash","Beam Cell"],"picked":"Ball Lightning","floor":1.0},{"not_picked":["Rip and Tear","Steam Power+1"],"picked":"Cold Snap","floor":7.0},{"not_picked":["Heatsinks","Scrape"],"picked":"Tempest+1","floor":11.0},{"not_picked":["Barrage","Sweeping Beam+1"],"picked":"Conserve Battery+1","floor":18.0},{"not_picked":["Stack+1","Tempest+1"],"picked":"Ball Lightning","floor":19.0},{"not_picked":["Self Repair","Stack+1"],"picked":"Conserve Battery+1","floor":21.0},{"not_picked":["Steam+1","Go for the Eyes"],"picked":"Redo+1","floor":23.0},{"not_picked":["Steam+1","Buffer","Compile Driver"],"picked":"SKIP","floor":25.0},{"not_picked":["Storm+1","Beam Cell","Skim+1"],"picked":"SKIP","floor":27.0},{"not_picked":["Redo+1","Skim+1","White Noise+1"],"picked":"SKIP","floor":30.0},{"not_picked":["Streamline","Rebound","Steam+1"],"picked":"SKIP","floor":31.0},{"not_picked":["All For One","Biased Cognition"],"picked":"Electrodynamics","floor":33.0},{"not_picked":["Redo+1","Auto Shields+1","Genetic Algorithm+1"],"picked":"SKIP","floor":35.0},{"not_picked":["Storm+1","Undo+1"],"picked":"Defragment+1","floor":36.0},{"not_picked":["Ball Lightning+1","Storm+1"],"picked":"Static Discharge","floor":37.0},{"not_picked":["Stack+1","Streamline+1","Skim+1"],"picked":"SKIP","floor":39.0},{"not_picked":["Genetic Algorithm+1","Self Repair+1"],"picked":"Leap+1","floor":41.0},{"not_picked":["Sweeping Beam","Heatsinks+1"],"picked":"Hologram+1","floor":47.0}],"player_experience":253896,"relics_obtained":[{"floor":7.0,"key":"Meat on the Bone"},{"floor":9.0,"key":"Shuriken"},{"floor":43.0,"key":"Ice Cream"}],"event_choices":[{"damage_healed":0.0,"max_hp_gain":0.0,"max_hp_loss":0.0,"gold_gain":0.0,"event_name":"Shining Light","player_choice":"Entered Light","floor":3.0,"gold_loss":0.0,"damage_taken":15.0,"cards_upgraded":["Strike_B","Zap"]},{"damage_healed":0.0,"max_hp_gain":0.0,"max_hp_loss":0.0,"gold_gain":0.0,"event_name":"Scrap Ooze","player_choice":"Success","floor":5.0,"gold_loss":0.0,"damage_taken":3.0,"relics_obtained":["Toxic Egg 2"]},{"cards_removed":["Strike_B"],"damage_healed":0.0,"max_hp_gain":0.0,"max_hp_loss":0.0,"gold_gain":0.0,"event_name":"The Cleric","player_choice":"Card Removal","floor":12.0,"gold_loss":50.0,"damage_taken":0.0},{"cards_removed":["Strike_B"],"damage_healed":0.0,"max_hp_gain":0.0,"max_hp_loss":0.0,"gold_gain":0.0,"event_name":"Designer","player_choice":"Upgrade and Remove","floor":22.0,"gold_loss":90.0,"damage_taken":0.0,"cards_upgraded":["Defend_B"]},{"damage_healed":0.0,"max_hp_gain":0.0,"max_hp_loss":0.0,"gold_gain":75.0,"event_name":"FaceTrader","player_choice":"Touch","floor":29.0,"gold_loss":0.0,"damage_taken":7.0},{"damage_healed":0.0,"max_hp_gain":0.0,"max_hp_loss":0.0,"gold_gain":0.0,"event_name":"The Woman in Blue","player_choice":"Bought 2 Potions","floor":38.0,"gold_loss":0.0,"damage_taken":0.0},{"damage_healed":19.0,"max_hp_gain":0.0,"max_hp_loss":0.0,"gold_gain":0.0,"event_name":"Winding Halls","player_choice":"Writhe","floor":45.0,"gold_loss":0.0,"damage_taken":0.0,"cards_obtained":["Writhe"]}],"is_beta":false,"boss_relics":[{"not_picked":["Pandora\u0027s Box","Empty Cage"],"picked":"Nuclear Battery"},{"not_picked":["Coffee Dripper","Sozu"],"picked":"Philosopher\u0027s Stone"}],"items_purged_floors":[2],"is_endless":false,"potions_floor_spawned":[1,7,11,19,30,31,33,37,46,47],"killed_by":"Awakened One","ascension_level":0}}