{"host":"Crutt","time":1608191066,"event":{"mods":["2.2 Compatiblity","Aspiration","Bard","BaseMod","Better Altar","Better Skull","Better Third Choice","Googly Eyes","Hermit","Jedi Mod","Jorbs\u0027s Wanderer Trilogy","Minty Spire (QoL Compilation)","Optimize The Spire","Potionbrewer","Spicy Shops","StSLib","The Construct","The Cursed","The Disciple","The Hierophant","The Runesmith","The Showman","The Witch","thorton","vexMod"],"gold_per_floor":[111,121,134,134,59,89,89,116,116,116,72,72,82,82,82,178,178,196,209,61,73,73,73,106,106,132,148,148,7,25,50,50,151,151,174,190,0,15,15,42,42,79,132,132,167,194,223,239,239,239,239,239,34,69,69],"floor_reached":56,"playtime":3278,"items_purged":["potionbrewer:PotionbrewerStrike"],"score":2150,"play_id":"12d3eb47-478a-4d54-8cbe-cdbb1108645a","local_time":"20201217014426","is_ascension_mode":true,"campfire_choices":[{"data":"potionbrewer:TheFinalStraw","floor":7,"key":"SMITH"},{"floor":10,"key":"REST"},{"data":"potionbrewer:CausticBarrier","floor":15,"key":"SMITH"},{"data":"potionbrewer:QuickStep","floor":23,"key":"SMITH"},{"floor":25,"key":"REST"},{"floor":28,"key":"REST"},{"data":"potionbrewer:Fuel","floor":32,"key":"SMITH"},{"floor":41,"key":"REST"},{"floor":44,"key":"RECALL"},{"floor":49,"key":"REST"},{"data":"Neutralize","floor":52,"key":"SMITH"}],"circlet_count":0,"master_deck":["AscendersBane","potionbrewer:PotionbrewerDefend","potionbrewer:PotionbrewerDefend","potionbrewer:PotionbrewerDefend","potionbrewer:Collect","potionbrewer:ChemicalSpill+1","potionbrewer:CausticBarrier+1","potionbrewer:TheFinalStraw+1","potionbrewer:Shovel","potionbrewer:Prototype","potionbrewer:Contingency","potionbrewer:ChemicalWeapons","potionbrewer:Prototype","potionbrewer:QuickStep+1","potionbrewer:ChainReaction+1","potionbrewer:Prototype","potionbrewer:QuickStep+1","potionbrewer:Contingency+1","potionbrewer:Fuel+1","potionbrewer:Brandish+1","potionbrewer:Prototype","aspiration:Lunge","Neutralize+1","Deadly Poison"],"relics":["potionbrewer:PotionKit","Pear","Akabeko","construct:BoolHorns","betterThird:SlimedRelic","SacredBark","potionbrewer:ToyAutogyro","Singing Bowl","vexMod:BarristanHead","CeramicFish","Philosopher\u0027s Stone","Red Mask","Bottled Flame","Vajra","Centennial Puzzle","potionbrewer:BunsenBurner","aspiration:ChemicalBlood","Runesmith:Locket"],"acts_visited":["Exordium","TheCity","TheBeyond","TheEnding"],"potions_floor_usage":[6,6,6,6,6,8,16,16,21,21,21,24,27,27,27,30,30,31,31,33,33,33,33,35,36,36,36,38,40,40,45,47,48,48,50,50,50,50,54,55,55,55,55,55],"damage_taken":[{"damage":0,"enemies":"Small Slimes","floor":1,"turns":4},{"damage":2,"enemies":"2 Louse","floor":2,"turns":2},{"damage":6,"enemies":"Cultist","floor":3,"turns":4},{"damage":12,"enemies":"Lagavulin","floor":6,"turns":8},{"damage":21,"enemies":"Gremlin Nob","floor":8,"turns":4},{"damage":1,"enemies":"Exordium Thugs","floor":13,"turns":3},{"damage":31,"enemies":"Slime Boss","floor":16,"turns":8},{"damage":0,"enemies":"Chosen","floor":18,"turns":3},{"damage":15,"enemies":"3 Byrds","floor":19,"turns":5},{"damage":0,"enemies":"Centurion and Healer","floor":21,"turns":6},{"damage":44,"enemies":"Gremlin Leader","floor":24,"turns":7},{"damage":9,"enemies":"Cultist and Chosen","floor":27,"turns":6},{"damage":0,"enemies":"Snake Plant","floor":30,"turns":4},{"damage":0,"enemies":"Book of Stabbing","floor":31,"turns":3},{"damage":0,"enemies":"Automaton","floor":33,"turns":6},{"damage":13,"enemies":"Orb Walker","floor":35,"turns":4},{"damage":0,"enemies":"3 Darklings","floor":36,"turns":6},{"damage":0,"enemies":"Jaw Worm Horde","floor":38,"turns":3},{"damage":35,"enemies":"Nemesis","floor":40,"turns":3},{"damage":0,"enemies":"Reptomancer","floor":42,"turns":4},{"damage":0,"enemies":"Giant Head","floor":45,"turns":5},{"damage":0,"enemies":"Reptomancer","floor":47,"turns":4},{"damage":0,"enemies":"Spire Growth","floor":48,"turns":4},{"damage":7,"enemies":"Awakened One","floor":50,"turns":7},{"damage":47,"enemies":"Shield and Spear","floor":54,"turns":4},{"damage":35,"enemies":"The Heart","floor":55,"turns":8}],"seed_played":"-6371088139877771311","potions_obtained":[{"floor":2,"key":"LiquidMemories"},{"floor":13,"key":"CultistPotion"},{"floor":19,"key":"Explosive Potion"},{"floor":24,"key":"jedi:StrikingPotion"},{"floor":31,"key":"Regen Potion"},{"floor":33,"key":"potionbrewer:NoxiousPotion"},{"floor":35,"key":"ColorlessPotion"},{"floor":47,"key":"DuplicationPotion"},{"floor":54,"key":"Dexterity Potion"},{"floor":55,"key":"potionbrewer:CleansingPotion"}],"is_trial":false,"path_per_floor":["M","M","M","?","$","E","R","E","T","R","?","$","M","?","R","B",null,"M","M","$","M","?","R","E","R","T","M","R","$","M","E","R","B",null,"M","M","?","M","$","E","R","E","T","R","E","?","E","M","R","B",null,"R","$","E","B",null],"character_chosen":"POTIONBREWER","items_purchased":["potionbrewer:ToyAutogyro","potionbrewer:Fuel","Block Potion","aspiration:ChemicalBlood","Energy Potion"],"campfire_rested":5,"item_purchase_floors":[20,29,29,53,53],"current_hp_per_floor":[68,66,60,53,53,51,51,30,30,55,44,44,43,51,51,20,69,69,54,54,54,54,54,10,35,35,26,51,51,53,55,55,91,91,78,80,80,82,82,49,78,78,78,78,80,80,82,84,103,96,101,101,101,56,21],"gold":69,"neow_bonus":"UPGRADE_CARD","is_daily":false,"chose_seed":false,"campfire_upgraded":5,"win_rate":0.0,"timestamp":1608191066,"path_taken":["M","M","M","?","$","E","R","E","T","R","?","$","M","?","R","BOSS","M","M","$","M","?","R","E","R","T","?","R","$","M","E","R","BOSS","M","M","?","M","$","E","R","E","T","R","E","?","E","?","R","BOSS","R","$","E","BOSS"],"items_purchased_type":["Relic","Card","Potion","Relic","Potion"],"build_version":"2020-12-07","purchased_purges":1,"victory":true,"max_hp_per_floor":[75,75,75,75,75,85,85,85,85,85,85,85,85,85,85,85,85,85,85,85,85,85,85,85,85,85,85,85,85,87,89,89,91,91,91,93,93,95,95,97,97,97,97,97,99,99,101,103,103,103,103,103,103,105,105],"card_choices":[{"not_picked":["potionbrewer:OneTwoPunch","potionbrewer:Smack"],"picked":"potionbrewer:CausticBarrier","floor":1},{"not_picked":["potionbrewer:TimeBomb","potionbrewer:BlindingSpray"],"picked":"potionbrewer:TheFinalStraw","floor":2},{"not_picked":["potionbrewer:Toxicity","potionbrewer:UnstableFormula"],"picked":"potionbrewer:Shovel","floor":3},{"not_picked":["potionbrewer:Smokescreen","potionbrewer:TimeBomb","potionbrewer:QuickStep"],"picked":"potionbrewer:Prototype","floor":6},{"not_picked":["potionbrewer:FortifiedSerum","potionbrewer:ChemicalWeapons"],"picked":"potionbrewer:Contingency","floor":8},{"not_picked":["potionbrewer:Smokescreen","potionbrewer:Biohazard"],"picked":"potionbrewer:ChemicalWeapons","floor":13},{"not_picked":["potionbrewer:AlchemistForm","potionbrewer:Transmute","potionbrewer:EquivalentExchange"],"picked":"potionbrewer:Prototype","floor":16},{"not_picked":["potionbrewer:TimeBomb","potionbrewer:OneTwoPunch"],"picked":"potionbrewer:QuickStep","floor":18},{"not_picked":["potionbrewer:Shovel","potionbrewer:TestFormula"],"picked":"potionbrewer:ChainReaction","floor":19},{"not_picked":["potionbrewer:WizBang","potionbrewer:Backhand","potionbrewer:Biohazard+1"],"picked":"potionbrewer:Prototype","floor":21},{"not_picked":["potionbrewer:Brandish+1","potionbrewer:FlashPowder"],"picked":"potionbrewer:QuickStep+1","floor":24},{"not_picked":["potionbrewer:QuickStep","potionbrewer:CausticBarrier"],"picked":"potionbrewer:Contingency+1","floor":27},{"not_picked":["potionbrewer:VolatileSolution","potionbrewer:Smokescreen","potionbrewer:Biohazard"],"picked":"Singing Bowl","floor":30},{"not_picked":["potionbrewer:Biohazard+1","potionbrewer:Toxicity","potionbrewer:AlchemistForm"],"picked":"Singing Bowl","floor":31},{"not_picked":["potionbrewer:Hoarder","potionbrewer:RefinedProcess","potionbrewer:TheFinalStraw"],"picked":"Singing Bowl","floor":33},{"not_picked":["potionbrewer:QuickStep","potionbrewer:PortableLab"],"picked":"potionbrewer:Brandish+1","floor":35},{"not_picked":["potionbrewer:Biohazard","potionbrewer:PortableLab+1","potionbrewer:Refill"],"picked":"Singing Bowl","floor":36},{"not_picked":["potionbrewer:OneTwoPunch+1","potionbrewer:VolatileSolution","potionbrewer:Smack+1","potionbrewer:Prototype"],"picked":"Singing Bowl","floor":38},{"not_picked":["potionbrewer:CausticBarrier","potionbrewer:BottomlessFlask","potionbrewer:DigDeep+1"],"picked":"Singing Bowl","floor":40},{"not_picked":["potionbrewer:VolatileSolution","potionbrewer:Refill","potionbrewer:FortifiedSerum"],"picked":"potionbrewer:Prototype","floor":42},{"not_picked":["potionbrewer:UnstableFormula","potionbrewer:Smokescreen+1","potionbrewer:Spark+1"],"picked":"Singing Bowl","floor":45},{"not_picked":["potionbrewer:Biohazard","potionbrewer:Toxicity","potionbrewer:IronFist"],"picked":"Singing Bowl","floor":47},{"not_picked":["potionbrewer:Brandish+1","potionbrewer:Smokescreen+1","potionbrewer:EquivalentExchange"],"picked":"Singing Bowl","floor":48},{"not_picked":["potionbrewer:WizBang+1","potionbrewer:HazardousMaterials","potionbrewer:BlindingSpray+1"],"picked":"Singing Bowl","floor":54}],"player_experience":3586259,"relics_obtained":[{"floor":6,"key":"Pear"},{"floor":8,"key":"Akabeko"},{"floor":9,"key":"construct:BoolHorns"},{"floor":24,"key":"Singing Bowl"},{"floor":26,"key":"vexMod:BarristanHead"},{"floor":31,"key":"CeramicFish"},{"floor":40,"key":"Bottled Flame"},{"floor":42,"key":"Vajra"},{"floor":45,"key":"Centennial Puzzle"},{"floor":47,"key":"potionbrewer:BunsenBurner"},{"floor":54,"key":"Runesmith:Locket"}],"event_choices":[{"cards_removed":["potionbrewer:PotionbrewerStrike"],"damage_healed":0,"gold_gain":0,"player_choice":"Card Removal","damage_taken":7,"max_hp_gain":0,"max_hp_loss":0,"event_name":"Golden Wing","floor":4,"gold_loss":0},{"damage_healed":0,"gold_gain":0,"player_choice":"Slimed","damage_taken":11,"max_hp_gain":0,"max_hp_loss":0,"event_name":"betterThird:BetterGoop","floor":11,"gold_loss":44},{"damage_healed":0,"gold_gain":0,"player_choice":"Upgraded","damage_taken":0,"max_hp_gain":0,"max_hp_loss":0,"event_name":"Upgrade Shrine","floor":22,"gold_loss":0,"cards_upgraded":["potionbrewer:ChainReaction"]},{"damage_healed":0,"gold_gain":0,"player_choice":"Paid","damage_taken":0,"relics_obtained":["Red Mask"],"max_hp_gain":0,"max_hp_loss":0,"event_name":"Tomb of Lord Red Mask","floor":37,"gold_loss":190}],"is_beta":true,"boss_relics":[{"not_picked":["Astrolabe","potionbrewer:BhaskarasWheel"],"picked":"SacredBark"},{"not_picked":["aspiration:BardSkillbook","vexMod:TanglingVine"],"picked":"Philosopher\u0027s Stone"}],"items_purged_floors":[5],"is_endless":false,"potions_floor_spawned":[2,13,19,24,31,33,35,36,47,54],"ascension_level":11}}