{"host":"wg33yb1rgt3nbe17","time":1608235759,"event":{"mods":["AchievementEnabler","BaseMod","Colored Map","Highlight Path","Minty Spire (QoL Compilation)","Permanent Neow","StSLib"],"gold_per_floor":[110,110,126,276,286,320,320,367,441,50,77,77,77,97,97,169,169,187,187,102,116,1,1,17,17,93,108,19,19,19,19,19,19,19],"floor_reached":33,"playtime":1116,"items_purged":["Doubt"],"score":495,"play_id":"1db6fa76-7795-419e-8ed4-b9626d64ad4f","local_time":"20201217150919","is_ascension_mode":true,"campfire_choices":[{"floor":7.0,"key":"REST"},{"floor":13.0,"key":"REST"},{"data":"Flex","floor":15.0,"key":"SMITH"},{"data":"Barricade","floor":23,"key":"SMITH"},{"data":"Juggernaut","floor":25,"key":"SMITH"},{"data":"Panacea","floor":32,"key":"SMITH"}],"circlet_count":0,"master_deck":["AscendersBane","Defend_R","Defend_R","Immolate","Seeing Red","Shrug It Off","True Grit","Intimidate","Barricade+1","Inflame","Panacea+1","Flex+1","Juggernaut+1","True Grit","Bite","Bite","Bite","Bite","Bite","Fire Breathing","Wild Strike+1","Body Slam","Offering","Evolve","Sever Soul","Decay","Shockwave"],"relics":["Black Blood","Gambling Chip","Nunchaku","StrikeDummy","Membership Card","Pear","Centennial Puzzle","Darkstone Periapt","Medical Kit","The Courier"],"acts_visited":["Exordium","TheCity"],"potions_floor_usage":[16,24,27,33,33],"damage_taken":[{"damage":12.0,"enemies":"Jaw Worm","floor":1.0,"turns":2.0},{"damage":0.0,"enemies":"2 Louse","floor":3.0,"turns":1.0},{"damage":0.0,"enemies":"Cultist","floor":5.0,"turns":3.0},{"damage":32.0,"enemies":"Gremlin Nob","floor":6.0,"turns":4.0},{"damage":14.0,"enemies":"3 Sentries","floor":8.0,"turns":7.0},{"damage":34.0,"enemies":"Lagavulin","floor":11.0,"turns":8.0},{"damage":11.0,"enemies":"Looter","floor":14.0,"turns":3.0},{"damage":38,"enemies":"The Guardian","floor":16,"turns":15},{"damage":34,"enemies":"Shell Parasite","floor":18,"turns":6},{"damage":26,"enemies":"Spheric Guardian","floor":21,"turns":5},{"damage":24,"enemies":"Centurion and Healer","floor":24,"turns":7},{"damage":21,"enemies":"Snecko","floor":27,"turns":5},{"damage":88,"enemies":"Collector","floor":33,"turns":5}],"seed_played":"2586664609781759761","potions_obtained":[{"floor":3.0,"key":"SkillPotion"},{"floor":6.0,"key":"ColorlessPotion"},{"floor":14.0,"key":"Ancient Potion"},{"floor":21,"key":"SkillPotion"},{"floor":24,"key":"Weak Potion"}],"is_trial":false,"path_per_floor":["M","?","M","?","M","E","R","E","T","$","E","?","R","M","R","B",null,"M","?","?","M","$","R","M","R","T","M","$","?","?","?","R","B"],"character_chosen":"IRONCLAD","items_purchased":["Membership Card","Pear","Panacea","Medical Kit","Dexterity Potion","Offering","Strength Potion"],"campfire_rested":2,"item_purchase_floors":[10,10,10,22,22,28,28],"current_hp_per_floor":[62,42,48,48,54,28,48,40,40,50,22,22,45,40,40,8,61,39,39,39,35,35,35,37,37,37,38,38,38,44,44,44,0,0],"gold":19,"neow_bonus":"TRANSFORM_TWO_CARDS","is_daily":false,"chose_seed":false,"campfire_upgraded":4,"win_rate":0.0,"timestamp":1608235759,"path_taken":["M","?","M","?","M","E","R","E","T","$","E","?","R","M","R","BOSS","M","?","?","M","?","R","M","R","T","?","$","?","?","?","R","BOSS"],"items_purchased_type":["Relic","Relic","Card","Relic","Potion","Card","Potion"],"build_version":"2020-12-13","purchased_purges":1,"victory":false,"max_hp_per_floor":[68,68,68,68,68,68,68,68,68,78,78,78,78,78,78,78,78,78,54,54,54,54,54,54,54,54,54,54,54,60,60,60,60,60],"card_choices":[{"not_picked":["Bloodletting","Evolve"],"picked":"Shrug It Off","floor":1.0},{"not_picked":["Headbutt","Thunderclap"],"picked":"True Grit","floor":3.0},{"not_picked":["Whirlwind","Dark Embrace"],"picked":"Intimidate","floor":5.0},{"not_picked":["Power Through","Carnage"],"picked":"Barricade","floor":6.0},{"not_picked":["Perfected Strike","Iron Wave"],"picked":"Inflame","floor":8.0},{"not_picked":["Havoc","Warcry"],"picked":"Rupture","floor":11.0},{"not_picked":["Second Wind","Combust"],"picked":"Flex","floor":14.0},{"not_picked":["Immolate","Brutality"],"picked":"Juggernaut","floor":16},{"not_picked":["Heavy Blade","Anger"],"picked":"True Grit","floor":18},{"not_picked":["Rage","Flex"],"picked":"Fire Breathing","floor":21},{"not_picked":["Perfected Strike","Body Slam"],"picked":"Wild Strike+1","floor":24},{"not_picked":["Shrug It Off","Pummel"],"picked":"Body Slam","floor":27}],"player_experience":512780,"relics_obtained":[{"floor":6.0,"key":"Gambling Chip"},{"floor":8.0,"key":"Nunchaku"},{"floor":9.0,"key":"StrikeDummy"},{"floor":11.0,"key":"Centennial Puzzle"},{"floor":26,"key":"The Courier"}],"event_choices":[{"damage_healed":0.0,"max_hp_gain":0.0,"max_hp_loss":0.0,"gold_gain":0.0,"event_name":"Shining Light","player_choice":"Entered Light","floor":2.0,"gold_loss":0.0,"damage_taken":20.0,"cards_upgraded":["Strike_R","Bash"]},{"damage_healed":0.0,"max_hp_gain":0.0,"max_hp_loss":0.0,"gold_gain":150.0,"event_name":"Liars Game","player_choice":"AGREE","floor":4.0,"gold_loss":0.0,"damage_taken":0.0,"cards_obtained":["Doubt"]},{"damage_healed":0.0,"max_hp_gain":0.0,"max_hp_loss":0.0,"gold_gain":0.0,"event_name":"Upgrade Shrine","player_choice":"Upgraded","floor":12.0,"gold_loss":0.0,"damage_taken":0.0,"cards_upgraded":["Rupture"]},{"damage_healed":0,"gold_gain":0,"player_choice":"Became a vampire","damage_taken":0,"max_hp_gain":0,"max_hp_loss":24,"event_name":"Vampires","floor":19,"gold_loss":0,"cards_obtained":["Bite","Bite","Bite","Bite","Bite"]},{"damage_healed":0,"gold_gain":0,"player_choice":"Obtained Relic","damage_taken":0,"relics_obtained":["Darkstone Periapt"],"max_hp_gain":0,"max_hp_loss":0,"event_name":"Addict","floor":20,"gold_loss":85},{"damage_healed":0,"gold_gain":0,"cards_transformed":["Bash","Rupture"],"player_choice":"Became Test Subject","damage_taken":0,"max_hp_gain":0,"max_hp_loss":0,"event_name":"Drug Dealer","floor":29,"gold_loss":0,"cards_obtained":["Evolve","Sever Soul"]},{"damage_healed":0,"gold_gain":0,"player_choice":"Smashed Altar","damage_taken":0,"max_hp_gain":0,"max_hp_loss":0,"event_name":"Forgotten Altar","floor":30,"gold_loss":0,"cards_obtained":["Decay"]},{"damage_healed":0,"gold_gain":0,"player_choice":"Read","damage_taken":0,"max_hp_gain":0,"max_hp_loss":0,"event_name":"The Library","floor":31,"gold_loss":0,"cards_obtained":["Shockwave"]}],"is_beta":false,"boss_relics":[{"not_picked":["Fusion Hammer","Coffee Dripper"],"picked":"Black Blood"}],"items_purged_floors":[10],"is_endless":false,"potions_floor_spawned":[3,6,14,21,24],"killed_by":"Collector","ascension_level":16}}