{"host":"xyexbe31ku0ov20l","time":1608203201,"event":{"mods":["AchievementEnabler","AlwaysNeverKeys","BaseMod","Bestiary","Block Reminder","Colored Map","Colored Powertips","Curses Come First","Displayed Cursed Tome","Minty Spire (QoL Compilation)","Permanent Neow","Quick Restart","Random Character Button","Rare Cards Sparkle","Relic Stats","StSLib"],"gold_per_floor":[365,12,69,19,75,123,32,52,52],"floor_reached":8,"playtime":1871,"items_purged":["Strike_R"],"score":81,"play_id":"4847f749-4cba-48d0-9da5-75d76b641ffb","local_time":"20201217030641","is_ascension_mode":true,"campfire_choices":[],"circlet_count":0,"master_deck":["Strike_R","Strike_R","Strike_R","Defend_R","Defend_R","Defend_R","Defend_R","Bash","Thunderclap","HandOfGreed","Combust","Shrug It Off","Cleave","Blood for Blood","Bloodletting","Dropkick","Whirlwind"],"relics":["Burning Blood","Membership Card","Dream Catcher","Happy Flower"],"acts_visited":["Exordium"],"potions_floor_usage":[],"damage_taken":[{"damage":4.0,"enemies":"Jaw Worm","floor":1.0,"turns":5.0},{"damage":1.0,"enemies":"2 Louse","floor":3.0,"turns":4.0},{"damage":16.0,"enemies":"Small Slimes","floor":5.0,"turns":5.0},{"damage":30.0,"enemies":"Gremlin Nob","floor":6.0,"turns":5.0},{"damage":27,"enemies":"3 Sentries","floor":8,"turns":4}],"seed_played":"-6069979584220214037","potions_obtained":[{"floor":5.0,"key":"Energy Potion"}],"is_trial":false,"path_per_floor":["M","$","M","?","M","E","$","E"],"character_chosen":"IRONCLAD","items_purchased":["Membership Card","HandOfGreed","Combust","Shrug It Off","Cleave","Whirlwind","Happy Flower"],"campfire_rested":0,"item_purchase_floors":[2,2,2,2,2,7,7],"current_hp_per_floor":[53,53,58,58,48,24,24,0,0],"gold":52,"neow_bonus":"TWO_FIFTY_GOLD","is_daily":false,"chose_seed":false,"campfire_upgraded":0,"win_rate":0.0,"timestamp":1608203201,"path_taken":["M","$","M","?","M","E","$","E"],"items_purchased_type":["Relic","Card","Card","Card","Card","Card","Relic"],"build_version":"2020-12-13","purchased_purges":1,"victory":false,"max_hp_per_floor":[80,80,80,80,80,80,80,80,80],"relic_stats":{"Dream Catcher":0,"Happy Flower":[1],"counters":[5,23],"obtain_stats":[{"Dream Catcher":6,"Happy Flower":7,"Membership Card":2,"Burning Blood":0},{"Dream Catcher":4,"Happy Flower":4,"Membership Card":1,"Burning Blood":0},{"Dream Catcher":19,"Happy Flower":19,"Membership Card":5,"Burning Blood":0}],"Burning Blood":24},"card_choices":[{"not_picked":["Heavy Blade","Shrug It Off"],"picked":"Thunderclap","floor":1.0},{"not_picked":["True Grit","Perfected Strike"],"picked":"Blood for Blood","floor":3.0},{"not_picked":["Sword Boomerang","Inflame"],"picked":"Bloodletting","floor":5.0},{"not_picked":["Offering","Cleave"],"picked":"Dropkick","floor":6.0}],"player_experience":2205285,"relics_obtained":[{"floor":6.0,"key":"Dream Catcher"}],"event_choices":[{"cards_removed":["Strike_R"],"damage_healed":0.0,"max_hp_gain":0.0,"max_hp_loss":0.0,"gold_gain":0.0,"event_name":"The Cleric","player_choice":"Card Removal","floor":4.0,"gold_loss":50.0,"damage_taken":0.0}],"is_beta":false,"boss_relics":[],"items_purged_floors":[2],"is_endless":false,"potions_floor_spawned":[5],"killed_by":"3 Sentries","ascension_level":9}}