{"host":"p6y17sixyu8q9v1f","time":1608191833,"event":{"mods":["BaseMod","Colored Map","Minty Spire (QoL Compilation)"],"gold_per_floor":[113,38,38,38,38,80,102,143,143,143,143,327,355,378,378,483,537,552,552,561,432,73,73,73],"floor_reached":23,"playtime":891,"items_purged":["Strike_B","Decay","Doubt"],"score":264,"play_id":"00c176bf-ccee-4944-bcea-c5556af32532","local_time":"20201217015713","is_ascension_mode":true,"campfire_choices":[{"data":"White Noise","floor":10,"key":"SMITH"},{"data":"Dualcast","floor":15,"key":"SMITH"}],"circlet_count":0,"master_deck":["Zap+1","Dualcast+1","Cold Snap+1","White Noise+1","Cold Snap","Coolheaded","Cold Snap","Conserve Battery","Amplify","Multi-Cast","Hologram","Fusion","Melter","Aggregate","Lockon","Self Repair","Mayhem","Glacier"],"relics":["Cracked Core","NeowsBlessing","Blue Candle","CeramicFish","Eternal Feather","Akabeko","Pandora\u0027s Box"],"acts_visited":["Exordium","TheCity"],"potions_floor_usage":[8,16,16],"damage_taken":[{"damage":0,"enemies":"Jaw Worm","floor":1,"turns":1},{"damage":0,"enemies":"Gremlin Nob","floor":6,"turns":1},{"damage":0,"enemies":"Small Slimes","floor":7,"turns":1},{"damage":31,"enemies":"Lagavulin","floor":8,"turns":7},{"damage":0,"enemies":"2 Louse","floor":13,"turns":2},{"damage":0,"enemies":"Looter","floor":14,"turns":2},{"damage":33,"enemies":"Slime Boss","floor":16,"turns":19},{"damage":38,"enemies":"Chosen","floor":18,"turns":6},{"damage":44,"enemies":"Slavers","floor":23,"turns":2}],"seed_played":"8130031397489341732","potions_obtained":[{"floor":1,"key":"Fire Potion"},{"floor":8,"key":"Ancient Potion"},{"floor":14,"key":"DuplicationPotion"}],"is_trial":false,"path_per_floor":["M","$","?","?","?","E","M","E","T","R","?","?","M","M","R","B",null,"M","?","?","$","$","E"],"character_chosen":"DEFECT","items_purchased":["Self Repair","Mayhem","Glacier"],"campfire_rested":0,"item_purchase_floors":[21,22,22],"current_hp_per_floor":[75,75,72,72,65,65,65,34,34,40,25,25,25,25,34,1,75,37,37,37,37,37,0,0],"gold":73,"neow_bonus":"THREE_ENEMY_KILL","is_daily":false,"chose_seed":false,"campfire_upgraded":2,"win_rate":0.0,"timestamp":1608191833,"path_taken":["M","$","?","?","?","E","M","E","T","R","?","?","M","M","R","BOSS","M","?","?","?","$","E"],"items_purchased_type":["Card","Card","Card"],"build_version":"2020-12-13","purchased_purges":3,"victory":false,"max_hp_per_floor":[75,75,75,75,75,75,75,75,75,75,75,75,75,75,75,75,75,75,75,75,75,75,75,75],"card_choices":[{"not_picked":["Glacier","Reprogram"],"picked":"Cold Snap","floor":1},{"not_picked":["Go for the Eyes","Hologram"],"picked":"White Noise","floor":6},{"not_picked":["Aggregate","Reboot"],"picked":"Cold Snap","floor":7},{"not_picked":["Gash","Hologram"],"picked":"Coolheaded","floor":8},{"not_picked":["Coolheaded","Hologram"],"picked":"Cold Snap","floor":13},{"not_picked":["Hologram","Lockon"],"picked":"Conserve Battery","floor":14},{"not_picked":["Creative AI","All For One"],"picked":"Amplify","floor":16},{"not_picked":["Hologram","Turbo+1","Ball Lightning"],"picked":"SKIP","floor":18}],"player_experience":759124,"relics_obtained":[{"floor":6,"key":"CeramicFish"},{"floor":8,"key":"Eternal Feather"},{"floor":9,"key":"Akabeko"}],"event_choices":[{"damage_healed":0,"gold_gain":0,"player_choice":"Success","damage_taken":3,"relics_obtained":["Blue Candle"],"max_hp_gain":0,"max_hp_loss":0,"event_name":"Scrap Ooze","floor":3,"gold_loss":0},{"damage_healed":0,"gold_gain":0,"player_choice":"Grow","damage_taken":0,"max_hp_gain":0,"max_hp_loss":0,"event_name":"Living Wall","floor":4,"gold_loss":0,"cards_upgraded":["Zap"]},{"cards_removed":["Strike_B"],"damage_healed":0,"gold_gain":0,"player_choice":"Card Removal","damage_taken":7,"max_hp_gain":0,"max_hp_loss":0,"event_name":"Golden Wing","floor":5,"gold_loss":0},{"damage_healed":0,"gold_gain":0,"player_choice":"Entered Light","damage_taken":15,"max_hp_gain":0,"max_hp_loss":0,"event_name":"Shining Light","floor":11,"gold_loss":0,"cards_upgraded":["Defend_B","Cold Snap"]},{"damage_healed":0,"gold_gain":175,"player_choice":"AGREE","damage_taken":0,"max_hp_gain":0,"max_hp_loss":0,"event_name":"Liars Game","floor":12,"gold_loss":0,"cards_obtained":["Doubt"]},{"damage_healed":0,"gold_gain":0,"player_choice":"Ignored","damage_taken":0,"max_hp_gain":0,"max_hp_loss":0,"event_name":"Ghosts","floor":19,"gold_loss":0},{"damage_healed":0,"gold_gain":0,"player_choice":"Smashed Altar","damage_taken":0,"max_hp_gain":0,"max_hp_loss":0,"event_name":"Forgotten Altar","floor":20,"gold_loss":0,"cards_obtained":["Decay"]}],"is_beta":false,"boss_relics":[{"not_picked":["Snecko Eye","Runic Dome"],"picked":"Pandora\u0027s Box"}],"items_purged_floors":[2,21,22],"is_endless":false,"potions_floor_spawned":[1,8,14],"killed_by":"Slavers","ascension_level":4}}