{"host":"l85rtarfuh0ld3b1","time":1608226358,"event":{"mods":["Act Like it!","BaseMod","BetterRewards","CapriCore","Chen","Decade(王小明)","Gensokyo","KinomotoSakuraMod(木之本樱)","Koishi","Marisa（F雨　魔理沙）","Minty Spire (QoL Compilation)","Nova Terra(诺娃・泰拉)","Permanent Neow","Reimu（博丽灵梦）","Remilia（蕾米莉亚）","Shop Mod","StSLib","TestMod","The Administrix","The Immortal","The Servant 0.9.4","【东方二次创作】八云紫mod"],"gold_per_floor":[114,130,130,80,154,154,231,4013,4059,4072,4098,4140,4171,4189,4189,4287,4287,4301,4149,4273,4273,4273,4273,4273,4306,4306,4306,4314,4314,3660,3692,3692,3790,3790,3818,3818,3694,3497,3521,3553,3553,3573,3596,3467,3467,3467,3497,3560,3560,3560,3560,3560,3240,3273,3273],"floor_reached":56,"playtime":2992,"items_purged":["Strike_MRS","Strike_MRS","Strike_MRS","Defend_MRS","Defend_MRS","Defend_MRS","Strike_MRS","Defend_MRS","Defend_MRS","MasterSpark","UpSweep","Defend_MRS","Defend_MRS","UpSweep","GalacticHalo+1","GalacticHalo+1","GalacticHalo+1","GalacticHalo+1","GalacticHalo+1","ManaConvection","ManaConvection+1","Gensokyo:AllTheWorldsEvil"],"score":3049,"play_id":"175c69eb-ed8d-4f65-ba53-688502a11c61","local_time":"20201218013238","is_ascension_mode":true,"campfire_choices":[{"data":"ManaRampage","floor":6,"key":"SMITH"},{"data":"WitchLeyline","floor":15,"key":"SMITH"},{"floor":23,"key":"RECALL"},{"data":"Contraction","floor":29,"key":"SMITH"}],"circlet_count":0,"master_deck":["SakuraCardTheFly+","SakuraCardTheBubbles+","SatelliteIllusion+1","AscendersBane","EscapeVelocity+1","Panache+1","Contraction+1","testmod-Wormhole+1","ManaRampage+1","Parasite","Parasite","WitchLeyline+1","ClowCardTheLight+1","Orbital+1","ManaConvection+1","Orbital+1","Gensokyo:ShootingStar+1","DarkMatter+1","StarDustReverie+1"],"relics":["MiniHakkero","testmod-TestBox","testmod-ObsoleteBoomerang","MerchantsRug","Frozen Egg 2","Mastiff:ReiMu","Gremlin Horn","SimpleLauncher","testmod-CrystalShield","Chemical X","Mummified Hand","SproutingBranch","testmod-HeartOfDaVinci","Singing Bowl","Brimstone","WingedGreaves","KSMOD_Cerberus","Blue Candle","ClockworkSouvenir","KSMOD_Compass","Tiny Chest","Membership Card","testmod-Acrobat","Dream Catcher","Matryoshka","BigShroomBag","ShroomBag","testmod-IndustrialRevolution","Toxic Egg 2","Unceasing Top","testmod-Charity","Juzu Bracelet","AntiCross","KSMOD_Yue","Medical Kit","testmod-Alchemist","Lizard Tail","KSMOD_SealedWand","Question Card","BreadOfAWashokuLover","Darkstone Periapt","KSMOD_SealedBook","White Beast Statue","AdministrixMod:PrescriptionBottle","Prayer Wheel","Golden Idol","AdministrixMod:GoldenChickadee","SkyOrb:ReiMu","KSMOD_SwordJade","CeramicFish","DataDisk","Coffee Dripper","RuthlessExorcism:ReiMu","testmod-Antiphasic","CheatingSign:ReiMu","TypeBBloodRedTea","FairyMaid","Gensokyo:RedStar","Cables","KneeBrace","Kunai","Koishi:LettersToReimu","Gungnir","testmod-Hope","KSMOD_GemBrooch","testmod-TurbochargingSystem","testmod-Fanaticism","AdministrixMod:CrackedTaijitu","Paper Frog","KSMOD_RollerSkates","Self Forming Clay","Bow_fan:ReiMu","Omamori","Paper Crane","Meat on the Bone","AdministrixMod:AbandonedRose","KSMOD_YukitosBentoBox","Ginger","HandmadeGrimoire","KSMOD_TomoyosHeart","Decadriver"],"acts_visited":["Exordium","Gensokyo:Gensokyoer","TheBeyond","TheEnding"],"potions_floor_usage":[0,0,0,0,0,0,0,0,0,0,0],"damage_taken":[{"damage":4,"enemies":"Jaw Worm","floor":1,"turns":1},{"damage":0,"enemies":"Small Slimes","floor":2,"turns":1},{"damage":0,"enemies":"Gremlin Nob","floor":7,"turns":1},{"damage":1,"enemies":"Cultist","floor":10,"turns":1},{"damage":2,"enemies":"3 Sentries","floor":12,"turns":1},{"damage":2,"enemies":"2 Fungi Beasts","floor":14,"turns":1},{"damage":3,"enemies":"Slime Boss","floor":16,"turns":1},{"damage":7,"enemies":"Gensokyo:CosmicMonolith","floor":18,"turns":1},{"damage":2,"enemies":"Gensokyo:CosmicMonolith","floor":20,"turns":1},{"damage":3,"enemies":"Gensokyo:Tenshi","floor":25,"turns":1},{"damage":1,"enemies":"Gensokyo:Reisen","floor":31,"turns":1},{"damage":0,"enemies":"Gensokyo:Eternal_Rivals","floor":33,"turns":1},{"damage":4,"enemies":"3 Shapes","floor":35,"turns":1},{"damage":4,"enemies":"Orb Walker","floor":39,"turns":1},{"damage":0,"enemies":"Nemesis","floor":40,"turns":1},{"damage":6,"enemies":"4 Shapes","floor":42,"turns":1},{"damage":0,"enemies":"Reptomancer","floor":47,"turns":1},{"damage":0,"enemies":"2 Orb Walkers","floor":48,"turns":1},{"damage":40,"enemies":"Time Eater","floor":50,"turns":2},{"damage":1,"enemies":"Shield and Spear","floor":54,"turns":1},{"damage":0,"enemies":"The Heart","floor":55,"turns":3}],"seed_played":"-2480227292642791070","potions_obtained":[{"floor":0,"key":"StarNLove"},{"floor":0,"key":"Fire Potion"},{"floor":0,"key":"Energy Potion"},{"floor":0,"key":"PowerPotion"},{"floor":0,"key":"DuplicationPotion"},{"floor":1,"key":"Energy Potion"},{"floor":2,"key":"Strength Potion"},{"floor":7,"key":"Weak Potion"},{"floor":10,"key":"FearPotion"},{"floor":12,"key":"Strength Potion"},{"floor":14,"key":"EssenceOfSteel"},{"floor":16,"key":"BottledSpark"},{"floor":18,"key":"StarNLove"},{"floor":20,"key":"DuplicationPotion"},{"floor":25,"key":"GamblersBrew"},{"floor":31,"key":"SneckoOil"},{"floor":33,"key":"SkillPotion"},{"floor":35,"key":"PowerPotion"},{"floor":39,"key":"Weak Potion"},{"floor":40,"key":"AttackPotion"},{"floor":42,"key":"SkillPotion"},{"floor":47,"key":"Dexterity Potion"},{"floor":48,"key":"BottledSpark"},{"floor":54,"key":"BottledSpark"}],"is_trial":false,"path_per_floor":["M","M","?","?","?","R","E","$","T","M","T","E","$","M","R","B",null,"M","$","?","?","?","R","T","E","T","?","?","R","$","E","R","B",null,"M","T","$","$","M","E","R","M","T","$","T","R","E","?","R","B",null,"R","$","E","B",null],"character_chosen":"MARISA","items_purchased":["MerchantsRug","Strange Spoon","Frozen Egg 2","Mastiff:ReiMu","Gremlin Horn","StrikeDummy","testmod-Faith","Mercury Hourglass","SimpleLauncher","Ancient Tea Set","ShootTheMoon","testmod-InfectionSource","testmod-CasingShield","testmod-CrystalShield","Chemical X","EscapeVelocity+1","Bag of Marbles","Mummified Hand","TheAbacus","SproutingBranch","testmod-HeartOfDaVinci","Panache+1","Singing Bowl","testmod-Motorcycle","Brimstone","Toy Ornithopter","Red Skull","Toolbox","Pen Nib","Oddly Smooth Stone","WingedGreaves","testmod-AssaultLearning","Magic Flower","Anchor","testmod-Register","HornCleat","Incense Burner","KSMOD_Cerberus","testmod-IWantAll","Koishi:TeethAndClaws","testmod-Justice","Uniform","Frozen Eye","ScarletDevilRocket","Ornamental Fan","testmod-Wormhole","Blue Candle","Boot","Lee\u0027s Waffle","War Paint","ClockworkSouvenir","KSMOD_Compass","CrazyTorch:ReiMu","Fruit Juice","Pan","Tiny Chest","Membership Card","testmod-Acrobat","Dream Catcher","MealTicket","OrangePellets","testmod-LifeArmor","Snake Skull","PureWhite:ReiMu","Sling","testmod-ThousandKnives","Ninja Scroll","Orrery","testmod-SpacePotion","HandDrill","Centennial Puzzle","Eternal Feather","EntropicBrew","Matryoshka","testmod-SpacePotion","BigShroomBag","Bronze Scales","TwistedFunnel","ManaRampage","Bottled Lightning","RomanBracelet","ShroomBag","testmod-DragonStarHat","testmod-IndustrialRevolution","testmod-MagicalMallet","Strawberry","Regal Pillow","Whetstone","ScarletHat","TentaclePot:ReiMu","testmod-ArcanaOfDestiny","PreservedInsect","ManaConvection","Bottled Flame","Toxic Egg 2","Fruit Juice","Unceasing Top","TheEssenceOfRealm","testmod-Charity","Akabeko","Happy Flower","WitchLeyline","The Specimen","EntropicBrew","Turnip","Juzu Bracelet","Potion Belt","Vajra","Cauldron","AntiCross","Nunchaku","testmod-SpacePotion","KSMOD_Yue","CaptainsWheel","Fruit Juice","Medical Kit","Fruit Juice","RedBat","PrismaticShard","testmod-OneHitWonder","testmod-Alchemist","testmod-SpacePotion","Lizard Tail","Lantern","Antimatter_spacedebris","Pantograph","KSMOD_SealedWand","Question Card","Tingsha","Bag of Preparation","BreadOfAWashokuLover","Orichalcum","Darkstone Periapt","KSMOD_SealedBook","White Beast Statue","AdministrixMod:PrescriptionBottle","Orbital+1","ManaConvection+1","InkBottle","Blood Vial","Sundial","Shuriken","Prayer Wheel","Art of War","testmod-EqualTreatment","testmod-SpacePotion","DollysMirror","RuthlessExorcism:ReiMu","testmod-Antiphasic","CheatingSign:ReiMu","Gungnir","testmod-Hope","KSMOD_GemBrooch","Paper Frog","KSMOD_RollerSkates","Self Forming Clay","Paper Crane","Meat on the Bone","ShroomBrew","HandmadeGrimoire","KSMOD_TomoyosHeart","StarDustReverie+1"],"campfire_rested":0,"item_purchase_floors":[0,0,0,0,0,0,0,0,0,0,0,0,0,0,0,0,0,0,0,0,0,0,0,0,0,0,0,0,0,0,0,0,0,0,0,0,0,0,0,0,0,0,0,0,0,0,0,0,0,0,0,0,0,0,0,0,0,0,0,0,0,0,0,0,0,0,0,0,0,0,0,0,0,0,0,0,0,0,0,0,0,0,0,0,0,0,0,0,0,0,0,0,0,0,0,0,0,0,0,0,0,0,0,0,0,0,0,0,0,0,0,0,0,0,0,0,0,0,0,0,0,0,0,0,0,0,0,0,0,0,0,0,0,0,0,0,0,0,0,0,0,0,0,0,0,0,0,19,19,19,30,30,30,37,38,38,44,44,44,53,53,53],"current_hp_per_floor":[144,150,113,113,99,108,123,226,227,241,242,260,262,276,276,297,298,304,307,326,326,326,326,326,336,336,311,318,318,318,328,328,347,347,353,353,353,353,367,374,374,378,379,387,387,387,403,412,412,425,425,425,426,437,461],"gold":3273,"neow_bonus":"","is_daily":false,"chose_seed":false,"campfire_upgraded":3,"win_rate":0.0,"timestamp":1608226358,"path_taken":["M","M","?","?","?","R","E","$","T","M","?","E","$","M","R","BOSS","M","$","?","?","?","R","?","E","T","?","?","R","$","E","R","BOSS","M","?","$","$","M","E","R","M","T","$","?","R","E","?","R","BOSS","R","$","E","BOSS"],"items_purchased_type":["Relic","Relic","Relic","Relic","Relic","Relic","Relic","Relic","Relic","Relic","Card","Relic","Relic","Relic","Relic","Card","Relic","Relic","Relic","Relic","Relic","Card","Relic","Relic","Relic","Relic","Relic","Relic","Relic","Relic","Relic","Relic","Relic","Relic","Relic","Relic","Relic","Relic","Relic","Relic","Relic","Relic","Relic","Relic","Relic","Card","Relic","Relic","Relic","Relic","Relic","Relic","Relic","Potion","Relic","Relic","Relic","Relic","Relic","Relic","Relic","Relic","Relic","Relic","Relic","Relic","Relic","Relic","Potion","Relic","Relic","Relic","Potion","Relic","Potion","Relic","Relic","Relic","Card","Relic","Relic","Relic","Relic","Relic","Relic","Relic","Relic","Relic","Relic","Relic","Relic","Relic","Card","Relic","Relic","Potion","Relic","Relic","Relic","Relic","Relic","Card","Relic","Potion","Relic","Relic","Relic","Relic","Relic","Relic","Relic","Potion","Relic","Relic","Potion","Relic","Potion","Relic","Relic","Relic","Relic","Potion","Relic","Relic","Relic","Relic","Relic","Relic","Relic","Relic","Relic","Relic","Relic","Relic","Relic","Relic","Card","Card","Relic","Relic","Relic","Relic","Relic","Relic","Relic","Potion","Relic","Relic","Relic","Relic","Relic","Relic","Relic","Relic","Relic","Relic","Relic","Relic","Potion","Relic","Relic","Card"],"build_version":"2020-12-13","purchased_purges":22,"victory":true,"max_hp_per_floor":[144,150,150,150,151,151,159,247,248,257,258,267,269,277,277,298,298,308,311,327,327,327,327,327,337,337,311,318,318,318,328,328,347,347,354,354,354,354,367,374,374,383,384,392,392,392,403,412,412,425,425,425,426,437,461],"card_choices":[{"not_picked":["Singularity+1","MilkyWay","SporeBomb"],"picked":"Singing Bowl","floor":0},{"not_picked":["Acceleration","GalacticHalo","6A"],"picked":"Singing Bowl","floor":0},{"not_picked":["MachineGunSpark","FairyDestructionRay","GalacticHalo"],"picked":"Singing Bowl","floor":0},{"not_picked":["DC","Acceleration","DoubleSpark"],"picked":"Singing Bowl","floor":0},{"not_picked":["GravityBeat","GasGiant","GrandCross"],"picked":"Singing Bowl","floor":0},{"not_picked":["Acceleration","6A"],"picked":"GalacticHalo","floor":0},{"not_picked":["MachineGunSpark","FairyDestructionRay","GalacticHalo"],"picked":"Singing Bowl","floor":0},{"not_picked":["DC","Acceleration","DoubleSpark"],"picked":"Singing Bowl","floor":0},{"not_picked":["MagicChant+1","Occultation+1","6A"],"picked":"Singing Bowl","floor":0},{"not_picked":["Chen:Scratch","NovaMod:ArmorPenetration+1","AdministrixMod:RegentEdict","Realm_recovery_purpleEX+1"],"picked":"Singing Bowl","floor":1},{"not_picked":["KillingDoll","VampireKiss","NovaMod:MechanicalArmor+1","Underhanded Strike"],"picked":"Singing Bowl","floor":1},{"not_picked":["NovaMod:QuickResponse+1","GlobalNightmare+1","AdministrixMod:SyncreticSurge+1","VampireKiss"],"picked":"Singing Bowl","floor":2},{"not_picked":["NovaMod:MultilayerArmor+1","Chen:Mixup","Rip and Tear","ClowCardTheGlow+1"],"picked":"Singing Bowl","floor":2},{"not_picked":["Computing_the_future_purpleEX+1","NovaMod:StimPack+1","AdministrixMod:ImmortalPurity+1","Whirlwind"],"picked":"Singing Bowl","floor":7},{"not_picked":["BlazeAway+1","EventHorizon+1","StarlightTyphoon+1","AsteroidBelt+1"],"picked":"Singing Bowl","floor":10},{"not_picked":["WitchLeyline","DC","Singularity+1","GasGiant+1"],"picked":"Singing Bowl","floor":10},{"not_picked":["MagicChant+1","GravityBeat","DoubleSpark","Occultation+1"],"picked":"Singing Bowl","floor":12},{"not_picked":["ChargeUpSpray","MilkyWay+1","WitchLeyline","WitchOfGreed+1"],"picked":"Singing Bowl","floor":14},{"not_picked":["WitchLeyline","DC","UltimateShortwave+1","GravityBeat"],"picked":"Singing Bowl","floor":14},{"not_picked":["BigCrunch+1","MillisecondPulsars+1","UltimateShortwave+1","FinalSpark"],"picked":"Singing Bowl","floor":16},{"not_picked":["EnergyFlow+1","NonDirectionalLaser","WitchLeyline+1","DoubleSpark"],"picked":"Singing Bowl","floor":18},{"not_picked":["LuminesStrike","GrandCross","UnstableBomb+1","GravityBeat"],"picked":"Singing Bowl","floor":18},{"not_picked":["GalacticHalo+1","WitchOfGreed+1","NonDirectionalLaser","Acceleration+1"],"picked":"Singing Bowl","floor":20},{"not_picked":["DoubleSpark","AsteroidBelt+1","PowerUp+1","DeepEcoloBomb"],"picked":"Singing Bowl","floor":25},{"not_picked":["SprinkleStarSeal+1","6A+1","Orbital+1","StarBarrage"],"picked":"Singing Bowl","floor":31},{"not_picked":[],"picked":"Gensokyo:ShootingStar","floor":33},{"not_picked":["CollectingQuirk","BlazingStar","TreasureHunter","SatelliteIllusion+1"],"picked":"Singing Bowl","floor":33},{"not_picked":["GrandCross","WitchOfGreed+1","StarlightTyphoon+1"],"picked":"DarkMatter+1","floor":35},{"not_picked":["GasGiant+1","6A","OpenUniverse+1","LuminesStrike"],"picked":"Singing Bowl","floor":35},{"not_picked":["PowerUp+1","6A","DarkSpark","MysteriousBeam"],"picked":"Singing Bowl","floor":39},{"not_picked":["DarkMatter+1","UnstableBomb","StarlightTyphoon+1","AsteroidBelt+1"],"picked":"Singing Bowl","floor":39},{"not_picked":["WitchLeyline+1","BlazingStar","IllusionStar+1","MillisecondPulsars+1"],"picked":"Singing Bowl","floor":40},{"not_picked":["WitchOfGreed+1","LuminesStrike","PulseMagic+1","GravityBeat"],"picked":"Singing Bowl","floor":42},{"not_picked":["UnstableBomb+1","MachineGunSpark","AsteroidBelt+1","GalacticHalo+1"],"picked":"Singing Bowl","floor":42},{"not_picked":["ChargeUpSpray","EventHorizon+1","MagicAbsorber+1","SprinkleStarSeal+1"],"picked":"Singing Bowl","floor":47},{"not_picked":["GrandCross","SprinkleStarSeal+1","OrrerysSun+1","WitchLeyline"],"picked":"Singing Bowl","floor":48},{"not_picked":["WitchOfGreed+1","Occultation+1","ManaRampage+1","PulseMagic+1"],"picked":"Singing Bowl","floor":54}],"player_experience":586426,"relics_obtained":[{"floor":7,"key":"AdministrixMod:GoldenChickadee"},{"floor":9,"key":"SkyOrb:ReiMu"},{"floor":11,"key":"KSMOD_SwordJade"},{"floor":11,"key":"CeramicFish"},{"floor":12,"key":"DataDisk"},{"floor":20,"key":"TypeBBloodRedTea"},{"floor":20,"key":"FairyMaid"},{"floor":24,"key":"Cables"},{"floor":25,"key":"KneeBrace"},{"floor":26,"key":"Kunai"},{"floor":31,"key":"testmod-TurbochargingSystem"},{"floor":36,"key":"AdministrixMod:CrackedTaijitu"},{"floor":40,"key":"Bow_fan:ReiMu"},{"floor":43,"key":"Omamori"},{"floor":45,"key":"AdministrixMod:AbandonedRose"},{"floor":47,"key":"KSMOD_YukitosBentoBox"},{"floor":48,"key":"Ginger"},{"floor":54,"key":"Decadriver"}],"event_choices":[{"damage_healed":0,"gold_gain":0,"player_choice":"Take Damage","damage_taken":37,"relics_obtained":["Golden Idol"],"max_hp_gain":0,"max_hp_loss":0,"event_name":"Golden Idol","floor":3,"gold_loss":0},{"cards_removed":["ShootTheMoon"],"damage_healed":0,"gold_gain":0,"player_choice":"Card Removal","damage_taken":0,"max_hp_gain":0,"max_hp_loss":0,"event_name":"The Cleric","floor":4,"gold_loss":50},{"damage_healed":0,"gold_gain":75,"player_choice":"Touch","damage_taken":15,"max_hp_gain":0,"max_hp_loss":0,"event_name":"FaceTrader","floor":5,"gold_loss":0},{"damage_healed":0,"gold_gain":0,"player_choice":"Fight","damage_taken":0,"max_hp_gain":0,"max_hp_loss":0,"event_name":"Mysterious Sphere","floor":48,"gold_loss":0}],"is_beta":false,"boss_relics":[{"not_picked":["Calling Bell","AdministrixMod:BloodSoakedVeil"],"picked":"Coffee Dripper"},{"not_picked":["ScarletEmblem","Runic Pyramid"],"picked":"testmod-Fanaticism"}],"items_purged_floors":[0,0,0,0,0,0,0,0,0,0,0,0,0,0,0,0,0,0,0,0,0,30],"is_endless":false,"potions_floor_spawned":[1,2,7,10,12,14,16,18,20,25,31,33,35,39,40,42,47,48,54],"ascension_level":13}}