{"host":"55yei7x27djrlaep","time":1608210988,"event":{"mods":["Act Like it!","BaseMod","Better Third Choice","BetterRewards","Colored Map","Friendly Minions","GifTheSpireLib","Hermit","Infinite Spire","Marisa????????","Minty Spire (QoL Compilation)","Replay The Spire","StSLib","Stuff the Spire"],"gold_per_floor":[114,133,62,62,12,42,42,42,92,112,112,143,159,58,58,58,58],"floor_reached":16,"playtime":700,"items_purged":["Regret"],"score":149,"play_id":"4352e353-a1e0-4940-a26d-9b49a3ff3a63","local_time":"20201217161628","is_ascension_mode":true,"campfire_choices":[{"data":"Feed","floor":8,"key":"SMITH"},{"data":"Inflame","floor":11,"key":"SMITH"},{"data":"Perfected Strike","floor":15,"key":"SMITH"}],"circlet_count":0,"master_deck":["Strike_R","Strike_R","Strike_R","Strike_R","Strike_R","Defend_R","Defend_R+1","Defend_R","Bash","Feed+1","Headbutt","Perfected Strike+1","Inflame+1","Rage","Sword Boomerang","Clash","True Grit","Shrug It Off"],"relics":["Burning Blood","InkBottle","Pear","PreservedInsect","Question Card"],"acts_visited":["Exordium"],"potions_floor_usage":[16],"damage_taken":[{"damage":8,"enemies":"Small Slimes","floor":1,"turns":4},{"damage":8,"enemies":"2 Louse","floor":2,"turns":2},{"damage":46,"enemies":"3 Sentries","floor":6,"turns":9},{"damage":3,"enemies":"Cultist","floor":10,"turns":2},{"damage":20,"enemies":"Gremlin Nob","floor":12,"turns":3},{"damage":5,"enemies":"Looter","floor":13,"turns":2},{"damage":46,"enemies":"Fading Forest","floor":16,"turns":11}],"seed_played":"8500647357987733101","potions_obtained":[{"floor":13,"key":"DistilledChaos"}],"is_trial":false,"path_per_floor":["M","M","$","?","?","E","?","R","T","M","R","E","M","$","R","B"],"character_chosen":"IRONCLAD","items_purchased":["Inflame","Shrug It Off"],"campfire_rested":0,"item_purchase_floors":[3,14],"current_hp_per_floor":[57,58,58,58,58,21,31,31,31,34,34,20,25,25,25,0,0],"gold":58,"neow_bonus":"THREE_RARE_CARDS","is_daily":false,"chose_seed":false,"campfire_upgraded":3,"win_rate":0.0,"timestamp":1608210988,"path_taken":["M","M","$","?","?","E","?","R","T","M","R","E","M","$","R","BOSS"],"items_purchased_type":["Card","Card"],"build_version":"2020-12-13","purchased_purges":1,"victory":false,"max_hp_per_floor":[83,86,86,86,86,89,99,99,99,99,99,99,103,103,103,103,103],"card_choices":[{"not_picked":["Brutality","Reaper"],"picked":"Feed","floor":0},{"not_picked":["Clash","Intimidate"],"picked":"Headbutt","floor":1},{"not_picked":["ReplayTheSpireMod:Limb From Limb","Havoc"],"picked":"Perfected Strike","floor":2},{"not_picked":["Immolate","Life Link"],"picked":"Rage","floor":6},{"not_picked":["Headbutt","Flame Barrier"],"picked":"Sword Boomerang","floor":10},{"not_picked":["ReplayReversal","Thunderclap"],"picked":"Clash","floor":12},{"not_picked":["Disarm","ReplayTheSpireMod:LeadingStrike","Sword Boomerang"],"picked":"True Grit","floor":13}],"player_experience":329903,"relics_obtained":[{"floor":6,"key":"InkBottle"},{"floor":9,"key":"PreservedInsect"},{"floor":12,"key":"Question Card"}],"event_choices":[{"cards_removed":["Defend_R"],"damage_healed":0,"gold_gain":0,"player_choice":"Card Removal","damage_taken":0,"max_hp_gain":0,"max_hp_loss":0,"event_name":"The Cleric","floor":5,"gold_loss":50},{"damage_healed":0,"gold_gain":0,"player_choice":"Box","damage_taken":0,"relics_obtained":["Pear"],"max_hp_gain":0,"max_hp_loss":0,"event_name":"Big Fish","floor":7,"gold_loss":0,"cards_obtained":["Regret"]}],"is_beta":false,"boss_relics":[],"items_purged_floors":[14],"is_endless":false,"potions_floor_spawned":[13],"killed_by":"Fading Forest","ascension_level":3}}