{"host":"r0ye8pdzuq6zwfvs","time":1608197852,"event":{"mods":["AchievementEnabler","BaseMod","BetterRewards","CapriCore","Card Forge","Colored Map","Colored Powertips","Custom Start","DeckTracker","Luminous","Minty Spire (QoL Compilation)","Permanent Neow","Prisma Mod","Quick Restart","Relic Stats","Robot Space Explorer","Shop Mod","Spicy Shops","StSLib","SuperFastMode","Swap Starting Deck Mod","The Alterego","The Immortal","Uncapped"],"gold_per_floor":[412,429,449,465,476,238,254,146,146,166,206,241,24,45,45,159,159,172,196,221,121,139,139,151,185,185,195,211,238,63,89,89,203,253,270,149,161,180,201,201,236,264,264,277,306,347,361,375,384,486,486,505,515,530,546,566,566,566,566],"floor_reached":58,"playtime":3760,"items_purged":["PrismaMod:ChloeCommonAttack","PrismaMod:ChloeCommonDefend","PrismaMod:ChloeCommonAttack","PrismaMod:ChloeCommonAttack","PrismaMod:ChloeCommonAttack","PrismaMod:ChloeCheapAttack","PrismaMod:ChloeCommonDefend"],"score":1268,"play_id":"8544e83d-d3f7-47b5-9c62-0008d6c3af61","local_time":"20201217023732","daily_mods":["Flight"],"is_ascension_mode":false,"campfire_choices":[{"data":"PrismaMod:ChloeCommonAttack","floor":15.0,"key":"PURGE"},{"data":"PrismaMod:ChloeCheapDefend","floor":23.0,"key":"PURGE"},{"data":"PrismaMod:ChloeChristmas+1","floor":32.0,"key":"PURGE"},{"data":"1","floor":40.0,"key":"LIFT"},{"data":"PrismaMod:ChloeCommonDefend","floor":49.0,"key":"PURGE"}],"circlet_count":0,"master_deck":["PrismaMod:ChloeDiscardRecovery+1","PrismaMod:ChloeDemonicTutor+1","PrismaMod:ChloeDemonicTutor+1","PrismaMod:ChloeAnyRareTrace+1","PrismaMod:ChloeDemonicTutor+1","PrismaMod:ChloeExhaustThree+1","PrismaMod:ChloeDiscardRecovery+1","PrismaMod:ChloeUnlimitedBladeWorks+1"],"relics":["PrismaMod:PrismaTraceOn","Hammer of Thor","Seething Fire","Anvil of the Gods","Ice Cream","Burning Blood","Blood Vial","Coffee Dripper","Dream Catcher","Girya","Ginger","Frozen Egg 2","Frozen Eye","FossilizedHelix","Membership Card","Molten Egg 2","Mummified Hand","Oddly Smooth Stone","Old Coin","Omamori","Paper Crane","Paper Frog","Peace Pipe","Potion Belt","Prayer Wheel","Question Card","Singing Bowl","Smiling Mask","The Courier","Toxic Egg 2","Turnip","Vajra","Letter Opener","Anchor","Darkstone Periapt","CeramicFish","Sundial","Lizard Tail","Cursed Key","PreservedInsect","Thread and Needle","TungstenRod","Tiny House","ClockworkSouvenir","Strawberry","Bird Faced Urn","Meat on the Bone","Calipers","Bag of Marbles","SlaversCollar"],"acts_visited":["Exordium","TheCity","TheBeyond","Exordium"],"potions_floor_usage":[55],"damage_taken":[{"damage":0.0,"enemies":"2 Louse","floor":1.0,"turns":3.0},{"damage":0.0,"enemies":"Cultist","floor":2.0,"turns":3.0},{"damage":0.0,"enemies":"Small Slimes","floor":3.0,"turns":2.0},{"damage":0.0,"enemies":"Gremlin Gang","floor":4.0,"turns":1.0},{"damage":0.0,"enemies":"Looter","floor":5.0,"turns":1.0},{"damage":0.0,"enemies":"Lots of Slimes","floor":7.0,"turns":1.0},{"damage":0.0,"enemies":"2 Fungi Beasts","floor":10.0,"turns":1.0},{"damage":0.0,"enemies":"Gremlin Nob","floor":11.0,"turns":1.0},{"damage":0.0,"enemies":"3 Sentries","floor":12.0,"turns":2.0},{"damage":0.0,"enemies":"3 Louse","floor":14.0,"turns":2.0},{"damage":36.0,"enemies":"Hexaghost","floor":16.0,"turns":3.0},{"damage":0.0,"enemies":"Chosen","floor":18.0,"turns":3.0},{"damage":0.0,"enemies":"2 Thieves","floor":19.0,"turns":3.0},{"damage":0.0,"enemies":"3 Cultists","floor":20.0,"turns":2.0},{"damage":0.0,"enemies":"Cultist and Chosen","floor":22.0,"turns":2.0},{"damage":0.0,"enemies":"Snecko","floor":24.0,"turns":2.0},{"damage":0.0,"enemies":"Slavers","floor":25.0,"turns":2.0},{"damage":0.0,"enemies":"Centurion and Healer","floor":27.0,"turns":3.0},{"damage":0.0,"enemies":"3 Cultists","floor":28.0,"turns":2.0},{"damage":0.0,"enemies":"Gremlin Leader","floor":29.0,"turns":1.0},{"damage":0.0,"enemies":"Book of Stabbing","floor":31.0,"turns":2.0},{"damage":0.0,"enemies":"Champ","floor":33.0,"turns":4.0},{"damage":0.0,"enemies":"3 Darklings","floor":35.0,"turns":2.0},{"damage":0.0,"enemies":"Orb Walker","floor":37.0,"turns":2.0},{"damage":0.0,"enemies":"Sphere and 2 Shapes","floor":38.0,"turns":3.0},{"damage":0.0,"enemies":"Jaw Worm Horde","floor":39.0,"turns":2.0},{"damage":0.0,"enemies":"Giant Head","floor":41.0,"turns":4.0},{"damage":0.0,"enemies":"Nemesis","floor":42.0,"turns":1.0},{"damage":0.0,"enemies":"3 Darklings","floor":44.0,"turns":2.0},{"damage":0.0,"enemies":"Writhing Mass","floor":45.0,"turns":4.0},{"damage":0.0,"enemies":"Reptomancer","floor":46.0,"turns":2.0},{"damage":0.0,"enemies":"Jaw Worm Horde","floor":47.0,"turns":2.0},{"damage":0.0,"enemies":"Transient","floor":48.0,"turns":5.0},{"damage":0,"enemies":"Awakened One","floor":50,"turns":4},{"damage":0,"enemies":"Jaw Worm","floor":52,"turns":1},{"damage":0,"enemies":"Cultist","floor":53,"turns":1},{"damage":0,"enemies":"Small Slimes","floor":54,"turns":1},{"damage":0,"enemies":"2 Fungi Beasts","floor":55,"turns":1},{"damage":0,"enemies":"Red Slaver","floor":56,"turns":1},{"damage":0,"enemies":"Looter","floor":57,"turns":1},{"damage":0,"enemies":"Exordium Wildlife","floor":58,"turns":1}],"seed_played":"6015008718155733263","potions_obtained":[{"floor":1.0,"key":"Energy Potion"},{"floor":2.0,"key":"AttackPotion"},{"floor":7.0,"key":"Fruit Juice"},{"floor":10.0,"key":"DuplicationPotion"},{"floor":14.0,"key":"Dexterity Potion"},{"floor":16.0,"key":"SteroidPotion"},{"floor":18.0,"key":"LiquidMemories"},{"floor":39.0,"key":"Fruit Juice"},{"floor":55,"key":"Fruit Juice"}],"is_trial":true,"path_per_floor":["M","M","M","M","M","$","M","$","T","M","E","E","$","M","R","B",null,"M","M","M","$","M","R","M","E","T","M","M","E","$","E","R","B",null,"M","$","M","M","M","R","E","E","T","M","M","E","M","M","R","B",null,"M","M","M","M","M","M","M"],"character_chosen":"CHLOE","items_purchased":["Letter Opener","PrismaMod:ChloeMordred+1","Anchor","Lizard Tail","Fruit Juice","TungstenRod","ClockworkSouvenir","Strawberry"],"campfire_rested":0,"item_purchase_floors":[6,6,8,13,13,30,36,36],"current_hp_per_floor":[75,75,77,79,83,83,92,92,92,94,94,96,101,103,103,73,103,111,113,115,115,119,119,123,125,125,129,133,135,135,137,137,137,144,148,155,159,163,170,170,172,174,174,178,188,188,192,196,193,195,195,199,207,219,236,244,252,256,256],"gold":566,"neow_bonus":"","is_daily":false,"chose_seed":false,"campfire_upgraded":0,"win_rate":0.0,"timestamp":1608197852,"path_taken":["M","M","M","M","M","$","M","$","T","M","E","E","$","M","R","BOSS","M","M","M","$","M","R","M","E","T","M","M","E","$","E","R","BOSS","M","$","M","M","M","R","E","E","T","M","M","E","M","M","R","BOSS","M","M","M","M","M","M","M"],"items_purchased_type":["Relic","Card","Relic","Relic","Potion","Relic","Relic","Relic"],"build_version":"2020-12-13","purchased_purges":7,"victory":false,"max_hp_per_floor":[75,75,77,79,83,83,92,92,92,94,94,96,101,103,103,103,103,111,113,115,115,119,119,123,125,125,129,133,135,135,137,137,137,144,148,155,159,163,170,170,172,174,174,178,188,188,192,196,193,195,195,199,207,219,236,244,252,256,256],"relic_stats":{"Darkstone Periapt":6,"Singing Bowl":110,"counters":[41,86],"CeramicFish":90,"PreservedInsect":319,"Ginger":[9],"Letter Opener":[132],"Question Card":70,"Smiling Mask":70,"Cursed Key":2,"Burning Blood":6,"Blood Vial":0,"Peace Pipe":5,"Dream Catcher":0,"Lizard Tail":0,"Mummified Hand":[8],"Sundial":[2],"Bird Faced Urn":[0],"Prayer Wheel":29,"Turnip":[0],"obtain_stats":[{"Ice Cream":0,"Tiny House":34,"Calipers":43,"CeramicFish":11,"Vajra":0,"Hammer of Thor":0,"Ginger":0,"PrismaMod:PrismaTraceOn":0,"Old Coin":0,"Blood Vial":0,"Lizard Tail":13,"Sundial":12,"Strawberry":36,"Prayer Wheel":0,"Toxic Egg 2":0,"Girya":0,"Oddly Smooth Stone":0,"Letter Opener":6,"Paper Crane":0,"Question Card":0,"SlaversCollar":51,"Anvil of the Gods":0,"Bird Faced Urn":41,"Molten Egg 2":0,"Meat on the Bone":42,"Darkstone Periapt":9,"Singing Bowl":0,"Smiling Mask":0,"Cursed Key":17,"Burning Blood":0,"ClockworkSouvenir":36,"Frozen Eye":0,"Dream Catcher":0,"Mummified Hand":0,"Paper Frog":0,"Potion Belt":0,"Thread and Needle":29,"The Courier":0,"PreservedInsect":25,"Omamori":0,"Seething Fire":0,"Frozen Egg 2":0,"Peace Pipe":0,"Anchor":8,"Turnip":0,"Coffee Dripper":0,"Bag of Marbles":46,"Membership Card":0,"FossilizedHelix":0,"TungstenRod":30},{"Ice Cream":0,"Tiny House":22,"Calipers":28,"CeramicFish":8,"Vajra":0,"Hammer of Thor":0,"Ginger":0,"PrismaMod:PrismaTraceOn":0,"Old Coin":0,"Blood Vial":0,"Lizard Tail":9,"Sundial":9,"Strawberry":23,"Prayer Wheel":0,"Toxic Egg 2":0,"Girya":0,"Oddly Smooth Stone":0,"Letter Opener":5,"Paper Crane":0,"Question Card":0,"SlaversCollar":34,"Anvil of the Gods":0,"Bird Faced Urn":27,"Molten Egg 2":0,"Meat on the Bone":28,"Darkstone Periapt":6,"Singing Bowl":0,"Smiling Mask":0,"Cursed Key":11,"Burning Blood":0,"ClockworkSouvenir":23,"Frozen Eye":0,"Dream Catcher":0,"Mummified Hand":0,"Paper Frog":0,"Potion Belt":0,"Thread and Needle":20,"The Courier":0,"PreservedInsect":17,"Omamori":0,"Seething Fire":0,"Frozen Egg 2":0,"Peace Pipe":0,"Anchor":6,"Turnip":0,"Coffee Dripper":0,"Bag of Marbles":31,"Membership Card":0,"FossilizedHelix":0,"TungstenRod":20},{"Ice Cream":0,"Tiny House":46,"Calipers":60,"CeramicFish":13,"Vajra":0,"Hammer of Thor":0,"Ginger":0,"PrismaMod:PrismaTraceOn":0,"Old Coin":0,"Blood Vial":0,"Lizard Tail":15,"Sundial":15,"Strawberry":48,"Prayer Wheel":0,"Toxic Egg 2":0,"Girya":0,"Oddly Smooth Stone":0,"Letter Opener":10,"Paper Crane":0,"Question Card":0,"SlaversCollar":79,"Anvil of the Gods":0,"Bird Faced Urn":59,"Molten Egg 2":0,"Meat on the Bone":60,"Darkstone Periapt":11,"Singing Bowl":0,"Smiling Mask":0,"Cursed Key":20,"Burning Blood":0,"ClockworkSouvenir":48,"Frozen Eye":0,"Dream Catcher":0,"Mummified Hand":0,"Paper Frog":0,"Potion Belt":0,"Thread and Needle":40,"The Courier":0,"PreservedInsect":34,"Omamori":0,"Seething Fire":0,"Frozen Egg 2":0,"Peace Pipe":0,"Anchor":11,"Turnip":0,"Coffee Dripper":0,"Bag of Marbles":68,"Membership Card":0,"FossilizedHelix":0,"TungstenRod":40}],"TungstenRod":0,"Meat on the Bone":0},"card_choices":[{"not_picked":["PrismaMod:ChloeCheapAttackTwo+1","PrismaMod:ChloeBetterTracePools+1","PrismaMod:ChloeExhaustOne+1"],"picked":"PrismaMod:ChloeExcalibur+1","floor":1.0},{"not_picked":["PrismaMod:ChloeCheapDefend+1","PrismaMod:ChloeExhaustTwo+1","PrismaMod:ChloeCheapAttackTwo+1"],"picked":"PrismaMod:ChloeDiscardRecovery+1","floor":1.0},{"not_picked":["PrismaMod:ChloeCheapDefendTwo+1","PrismaMod:ChloeDiscardRecovery+1","PrismaMod:ChloeCheapAttack+1"],"picked":"PrismaMod:ChloeDemonicTutor+1","floor":2.0},{"not_picked":["PrismaMod:ChloeCheapAttackTwo+1","PrismaMod:ChloeCommonAOEAttack+1","PrismaMod:ChloeCheapDefendTwo+1"],"picked":"PrismaMod:ChloeExcalibur+1","floor":2.0},{"not_picked":["PrismaMod:ChloeExhaustOne+1","PrismaMod:ChloeUncommonAttack+1","PrismaMod:ChloeAnyCommonTrace+1","PrismaMod:ChloeCheapDefend+1"],"picked":"Singing Bowl","floor":3.0},{"not_picked":["PrismaMod:ChloeCommonAOEAttack+1","PrismaMod:ChloeCheapDefendTwo+1","PrismaMod:ChloeCarnivalAOEAttack+1"],"picked":"PrismaMod:ChloeCaladbolg+1","floor":3.0},{"not_picked":["PrismaMod:ChloeDiscardRecovery+1","PrismaMod:ChloeExhaustOne+1","PrismaMod:ChloeCheapAttackTwo+1"],"picked":"PrismaMod:ChloeDemonicTutor+1","floor":4.0},{"not_picked":["PrismaMod:ChloeExhaustOne+1","PrismaMod:ChloeRitsuka+1","PrismaMod:ChloeCheapAttack+1","PrismaMod:ChloeRuleBreaker+1"],"picked":"Singing Bowl","floor":4.0},{"not_picked":["PrismaMod:ChloeCheapDefend+1","PrismaMod:ChloeCheapAttackTwo+1","PrismaMod:ChloeExhaustTwo+1","PrismaMod:ChloeEyeOfTheEuryale+1"],"picked":"Singing Bowl","floor":5.0},{"not_picked":["PrismaMod:ChloeCheapDefendTwo+1","PrismaMod:ChloeExhaustOne+1","PrismaMod:ChloeCheapDefend+1","PrismaMod:ChloeCheapAttack+1"],"picked":"Singing Bowl","floor":5.0},{"not_picked":["PrismaMod:ChloeDiscardRecovery+1","PrismaMod:ChloeGaeBolg+1","PrismaMod:ChloeDemonicTutor+1","PrismaMod:ChloeCheapAttackTwo+1"],"picked":"Singing Bowl","floor":7.0},{"not_picked":["PrismaMod:ChloeEyeOfTheEuryale+1","PrismaMod:ChloeAnyUncommonTrace+1","PrismaMod:ChloeMaid+1","PrismaMod:ChloeCheapDefend+1"],"picked":"Singing Bowl","floor":7.0},{"not_picked":["PrismaMod:ChloeExcalibur+1","PrismaMod:ChloeDiscardRecovery+1","PrismaMod:ChloeExhaustOne+1","PrismaMod:ChloeUncommonDefend+1"],"picked":"Singing Bowl","floor":10.0},{"not_picked":["PrismaMod:ChloeCommonAOEAttack+1","PrismaMod:ChloeCheapAttack+1","PrismaMod:ChloeCheapDefendTwo+1"],"picked":"PrismaMod:ChloeChristmas+1","floor":10.0},{"not_picked":["PrismaMod:ChloeCommonAOEAttack+1","PrismaMod:ChloeDiscardRecovery+1","PrismaMod:ChloeCheapDefend+1"],"picked":"PrismaMod:ChloeRhongomyniad+1","floor":11.0},{"not_picked":["PrismaMod:ChloeCheapAttack+1","PrismaMod:ChloeUncommonDefend+1","PrismaMod:ChloeDevil+","PrismaMod:ChloeEyeOfTheEuryale+1"],"picked":"Singing Bowl","floor":12.0},{"not_picked":["PrismaMod:ChloeDiscardRecovery+1","PrismaMod:ChloeDemonicTutor+1","PrismaMod:ChloeUncommonAttack+1"],"picked":"PrismaMod:ChloeRitsuka+1","floor":14.0},{"not_picked":["PrismaMod:ChloeExhaustOne+1","PrismaMod:ChloeCheapDefend+1","PrismaMod:ChloeEyeOfTheEuryale+1","PrismaMod:ChloeDiscardRecovery+1"],"picked":"Singing Bowl","floor":14.0},{"not_picked":["PrismaMod:ChloeAnyAttackTrace+1","PrismaMod:ChloeReshuffleDiscard+1","PrismaMod:ChloeAnyUncommonTrace+1"],"picked":"PrismaMod:ChloeAnyRareTrace+1","floor":16.0},{"not_picked":["PrismaMod:ChloeCaladbolg+1","PrismaMod:ChloeExcalibur+1","PrismaMod:ChloeCommonAOEAttack+1","PrismaMod:ChloeCheapDefendTwo+1"],"picked":"Singing Bowl","floor":18.0},{"not_picked":["PrismaMod:ChloeCheapAttackTwo+1","PrismaMod:ChloeCheapDefend+1","PrismaMod:ChloeCheapDefendTwo+1","PrismaMod:ChloeDiscardRecovery+1"],"picked":"Singing Bowl","floor":18.0},{"not_picked":["PrismaMod:ChloeCheapAttackTwo+1","PrismaMod:ChloeRuleBreaker+1","PrismaMod:ChloeRhongomyniad+1","PrismaMod:ChloeCheapAttack+1"],"picked":"Singing Bowl","floor":19.0},{"not_picked":["PrismaMod:ChloeCheapAttack+1","PrismaMod:ChloeBetterTracePools+1","PrismaMod:ChloeExhaustOne+1"],"picked":"PrismaMod:ChloeDemonicTutor+1","floor":19.0},{"not_picked":["PrismaMod:ChloeExhaustOne+1","PrismaMod:ChloeMaid+1","PrismaMod:ChloeDiscardRecovery+1"],"picked":"PrismaMod:ChloeCarnivalAttack+1","floor":20.0},{"not_picked":["PrismaMod:ChloeExhaustTwo+1","PrismaMod:ChloeRitsuka+1","PrismaMod:ChloeDiscardRecovery+1","PrismaMod:ChloeCheapAttack+1"],"picked":"Singing Bowl","floor":20.0},{"not_picked":["PrismaMod:ChloeMordred+1","PrismaMod:ChloeExhaustOne+1","PrismaMod:ChloeCheapAttackTwo+1","PrismaMod:ChloeUncommonDefend+1"],"picked":"Singing Bowl","floor":22.0},{"not_picked":["PrismaMod:ChloeCheapAttackTwo+1","PrismaMod:ChloeMordred+1","PrismaMod:ChloeRitsuka+1","PrismaMod:ChloeCheapDefend+1"],"picked":"Singing Bowl","floor":22.0},{"not_picked":["PrismaMod:ChloeDiscardRecovery+1","PrismaMod:ChloeExhaustOne+1","PrismaMod:ChloeCheapAttack+1","PrismaMod:ChloeUncommonDefend+1"],"picked":"Singing Bowl","floor":24.0},{"not_picked":["PrismaMod:ChloeCheapAttack+1","PrismaMod:ChloeAnySkillTrace+1","PrismaMod:ChloeCheapDefendTwo+1","PrismaMod:ChloeCommonAOEAttack+1"],"picked":"Singing Bowl","floor":24.0},{"not_picked":["PrismaMod:ChloeExhaustTwo+1","PrismaMod:ChloeUncommonAttack+1","PrismaMod:ChloeCommonAOEAttack+1","PrismaMod:ChloeDiscardRecovery+1"],"picked":"Singing Bowl","floor":25.0},{"not_picked":["PrismaMod:ChloeMaid+1","PrismaMod:ChloeUncommonAOEAttack+1","PrismaMod:ChloeExhaustOne+1","PrismaMod:ChloeDiscardRecovery+1"],"picked":"Singing Bowl","floor":27.0},{"not_picked":["PrismaMod:ChloeMaid+1","PrismaMod:ChloeCommonAOEAttack+1","PrismaMod:ChloeCheapAttack+1","PrismaMod:ChloeRuleBreaker+1"],"picked":"Singing Bowl","floor":27.0},{"not_picked":["PrismaMod:ChloeCheapAttackTwo+1","PrismaMod:ChloeDiscardRecovery+1","PrismaMod:ChloeCheapAttack+1","PrismaMod:ChloeCommonAOEAttack+1"],"picked":"Singing Bowl","floor":28.0},{"not_picked":["PrismaMod:ChloeRhongomyniad+1","PrismaMod:ChloeCheapAttack+1","PrismaMod:ChloeCheapAttackTwo+1","PrismaMod:ChloeAnyPowerTrace+1"],"picked":"Singing Bowl","floor":28.0},{"not_picked":["PrismaMod:ChloeCheapDefendTwo+1","PrismaMod:ChloeExhaustOne+1","PrismaMod:ChloeBetterTracePools+1","PrismaMod:ChloeExhaustTwo+1"],"picked":"Singing Bowl","floor":29.0},{"not_picked":["PrismaMod:ChloeChristmas+1","PrismaMod:ChloeExhaustTwo+1","PrismaMod:ChloeRhongomyniad+1","PrismaMod:ChloeCheapDefendTwo+1"],"picked":"Singing Bowl","floor":31.0},{"not_picked":["PrismaMod:ChloeAnyCommonTrace+1","PrismaMod:ChloeAnyAttackTrace+1","PrismaMod:ChloeDoubleRelicSpeed+1"],"picked":"PrismaMod:ChloeExhaustThree+1","floor":33.0},{"not_picked":["PrismaMod:ChloeExhaustOne+1","PrismaMod:ChloeCheapAttackTwo+1","PrismaMod:ChloeMordred+1","PrismaMod:ChloeCheapAttack+1"],"picked":"Singing Bowl","floor":34.0},{"not_picked":["PrismaMod:ChloeChristmas+1","PrismaMod:ChloeCheapDefendTwo+1","PrismaMod:ChloeCheapDefend+1","PrismaMod:ChloeCheapAttackTwo+1"],"picked":"Singing Bowl","floor":35.0},{"not_picked":["PrismaMod:ChloeCheapDefend+1","PrismaMod:ChloeCheapAttack+1","PrismaMod:ChloeCheapDefendTwo+1","PrismaMod:ChloeCheapAttackTwo+1"],"picked":"Singing Bowl","floor":35.0},{"not_picked":["PrismaMod:ChloeCarnivalAttack+1","PrismaMod:ChloeCheapAttack+1","PrismaMod:ChloeCheapDefendTwo+1","PrismaMod:ChloeChristmas+1"],"picked":"Singing Bowl","floor":37.0},{"not_picked":["PrismaMod:ChloeCheapAttackTwo+1","PrismaMod:ChloeCheapDefendTwo+1","PrismaMod:ChloeCheapDefend+1","PrismaMod:ChloeDiscardRecovery+1"],"picked":"Singing Bowl","floor":37.0},{"not_picked":["PrismaMod:ChloeCheapAttack+1","PrismaMod:ChloeExhaustOne+1","PrismaMod:ChloeGaeBolg+1","PrismaMod:ChloeDemonicTutor+1"],"picked":"Singing Bowl","floor":38.0},{"not_picked":["PrismaMod:ChloeExcalibur+1","PrismaMod:ChloeCaladbolg+1","PrismaMod:ChloeDevil+","PrismaMod:ChloeCheapAttack+1"],"picked":"Singing Bowl","floor":38.0},{"not_picked":["PrismaMod:ChloeExhaustOne+1","PrismaMod:ChloeCheapAttack+1","PrismaMod:ChloeEyeOfTheEuryale+1"],"picked":"PrismaMod:ChloeDiscardRecovery+1","floor":39.0},{"not_picked":["PrismaMod:ChloeDiscardRecovery+1","PrismaMod:ChloeBetterTracePools+1","PrismaMod:ChloeCheapAttack+1","PrismaMod:ChloeCheapAttackTwo+1"],"picked":"Singing Bowl","floor":39.0},{"not_picked":["PrismaMod:ChloeExhaustOne+1","PrismaMod:ChloeCheapDefend+1","PrismaMod:ChloeCheapAttack+1","PrismaMod:ChloeUncommonAttack+1"],"picked":"Singing Bowl","floor":41.0},{"not_picked":["PrismaMod:ChloeExhaustOne+1","PrismaMod:ChloeGaeBolg+1","PrismaMod:ChloeCarnivalAOEAttack+1","PrismaMod:ChloeBetterTracePools+1"],"picked":"Singing Bowl","floor":42.0},{"not_picked":["PrismaMod:ChloeCheapAttack+1","PrismaMod:ChloeCheapAttackTwo+1","PrismaMod:ChloeUncommonAttack+1","PrismaMod:ChloeDiscardRecovery+1"],"picked":"Singing Bowl","floor":44.0},{"not_picked":["PrismaMod:ChloeCheapAttack+1","PrismaMod:ChloeCaladbolg+1","PrismaMod:ChloeUncommonAttack+1","PrismaMod:ChloeCheapDefendTwo+1"],"picked":"Singing Bowl","floor":44.0},{"not_picked":["PrismaMod:ChloeRhongomyniad+1","PrismaMod:ChloeDemonicTutor+1","PrismaMod:ChloeCheapAttack+1","PrismaMod:ChloeCheapDefendTwo+1"],"picked":"Singing Bowl","floor":45.0},{"not_picked":["PrismaMod:ChloeChristmas+1","PrismaMod:ChloeCommonAOEAttack+1","PrismaMod:ChloeCheapDefend+1","PrismaMod:ChloeExhaustOne+1"],"picked":"Singing Bowl","floor":45.0},{"not_picked":["PrismaMod:ChloeEyeOfTheEuryale+1","PrismaMod:ChloeChristmas+1","PrismaMod:ChloeExhaustOne+1"],"picked":"PrismaMod:ChloeCarnivalDefend+1","floor":46.0},{"not_picked":["PrismaMod:ChloeChristmas+1","PrismaMod:ChloeRitsuka+1","PrismaMod:ChloeCheapDefend+1","PrismaMod:ChloeCommonAOEAttack+1"],"picked":"Singing Bowl","floor":47.0},{"not_picked":["PrismaMod:ChloeMordred+1","PrismaMod:ChloeCheapAttackTwo+1","PrismaMod:ChloeCheapDefendTwo+1","PrismaMod:ChloeBetterTracePools+1"],"picked":"Singing Bowl","floor":47.0},{"not_picked":["PrismaMod:ChloeCheapDefend+1","PrismaMod:ChloeCheapDefendTwo+1","PrismaMod:ChloeGaeBolg+1","PrismaMod:ChloeMaid+1"],"picked":"Singing Bowl","floor":48.0},{"not_picked":["PrismaMod:ChloeCheapAttack+1","PrismaMod:ChloeCheapDefendTwo+1","PrismaMod:ChloeCheapDefend+1","PrismaMod:ChloeDiscardRecovery+1"],"picked":"Singing Bowl","floor":48.0},{"not_picked":["PrismaMod:ChloeAnyCommonTrace+1","PrismaMod:ChloeExhaustThree+1","PrismaMod:ChloeGreatTracePools+1","PrismaMod:ChloeAnySkillTrace+1"],"picked":"Singing Bowl","floor":50},{"not_picked":["PrismaMod:ChloeCheapAttackTwo+1","PrismaMod:ChloeCheapAttack+1","PrismaMod:ChloeDiscardRecovery+1","PrismaMod:ChloeCheapDefendTwo+1"],"picked":"Singing Bowl","floor":52},{"not_picked":["PrismaMod:ChloeCommonAOEAttack+1","PrismaMod:ChloeCheapAttackTwo+1","PrismaMod:ChloeAnyUncommonTrace+1","PrismaMod:ChloeCheapAttack+1"],"picked":"Singing Bowl","floor":52},{"not_picked":["PrismaMod:ChloeUncommonAttack+1","PrismaMod:ChloeUncommonDefend+1","PrismaMod:ChloeDiscardRecovery+1","PrismaMod:ChloeCheapDefend+1"],"picked":"Singing Bowl","floor":53},{"not_picked":["PrismaMod:ChloeMaid+1","PrismaMod:ChloeCheapAttackTwo+1","PrismaMod:ChloeExcalibur+1","PrismaMod:ChloeUncommonAttack+1"],"picked":"Singing Bowl","floor":53},{"not_picked":["PrismaMod:ChloeCheapAttack+1","PrismaMod:ChloeExhaustOne+1","PrismaMod:ChloeDiscardRecovery+1","PrismaMod:ChloeCheapDefend+1"],"picked":"Singing Bowl","floor":54},{"not_picked":["PrismaMod:ChloeEyeOfTheEuryale+1","PrismaMod:ChloeUncommonAttack+1","PrismaMod:ChloeDemonicTutor+1","PrismaMod:ChloeCaladbolg+1"],"picked":"Singing Bowl","floor":54},{"not_picked":["PrismaMod:ChloeExhaustTwo+1","PrismaMod:ChloeRuleBreaker+1","PrismaMod:ChloeDemonicTutor+1","PrismaMod:ChloeGaeBolg+1"],"picked":"Singing Bowl","floor":55},{"not_picked":["PrismaMod:ChloeCheapDefend+1","PrismaMod:ChloeDemonicTutor+1","PrismaMod:ChloeChristmas+1","PrismaMod:ChloeExhaustOne+1"],"picked":"Singing Bowl","floor":55},{"not_picked":["PrismaMod:ChloeExcalibur+1","PrismaMod:ChloeExhaustTwo+1","PrismaMod:ChloeUncommonAttack+1","PrismaMod:ChloeRhongomyniad+1"],"picked":"Singing Bowl","floor":56},{"not_picked":["PrismaMod:ChloeCheapDefend+1","PrismaMod:ChloeRitsuka+1","PrismaMod:ChloeBetterTracePools+1","PrismaMod:ChloeGaeBolg+1"],"picked":"Singing Bowl","floor":56},{"not_picked":["PrismaMod:ChloeCheapAttackTwo+1","PrismaMod:ChloeDiscardRecovery+1","PrismaMod:ChloeCheapDefendTwo+1","PrismaMod:ChloeGaeBolg+1"],"picked":"Singing Bowl","floor":57},{"not_picked":["PrismaMod:ChloeEyeOfTheEuryale+1","PrismaMod:ChloeExhaustTwo+1","PrismaMod:ChloeChristmas+1","PrismaMod:ChloeExcalibur+1"],"picked":"Singing Bowl","floor":57}],"player_experience":198213,"relics_obtained":[{"floor":9.0,"key":"Darkstone Periapt"},{"floor":11.0,"key":"CeramicFish"},{"floor":12.0,"key":"Sundial"},{"floor":25.0,"key":"PreservedInsect"},{"floor":29.0,"key":"Thread and Needle"},{"floor":41.0,"key":"Bird Faced Urn"},{"floor":42.0,"key":"Meat on the Bone"},{"floor":43.0,"key":"Calipers"},{"floor":46.0,"key":"Bag of Marbles"}],"event_choices":[],"is_beta":false,"boss_relics":[{"not_picked":["Velvet Choker","Snecko Eye"],"picked":"Cursed Key"},{"not_picked":["Runic Pyramid","PrismaMod:PrismaTraceOnUpgrade"],"picked":"Tiny House"},{"not_picked":["Runic Dome","Astrolabe"],"picked":"SlaversCollar"}],"items_purged_floors":[6,6,8,13,21,21,30],"is_endless":true,"potions_floor_spawned":[1,2,7,10,14,16,18,24,25,27,31,33,37,38,39,44,47,48,50,55],"killed_by":"Exordium Wildlife","ascension_level":0}}