{"host":"sav7uxregyirlf69","time":1608205598,"event":{"mods":["AchievementEnabler","BaseMod","Colored Map","DeckTracker","Keyboard Shortcuts","Minty Spire (QoL Compilation)","READ ME - Guardian Mod","StSLib","SuperFastMode"],"gold_per_floor":[111,122,122,141,155,188,188,33,104,104,131,91,119,134,134,211,261,281,281,6,6,56,56,67,67,67,80,111,31,31,31,31],"floor_reached":31,"playtime":720,"items_purged":["Strike_G"],"score":572,"play_id":"4f7948b8-bdec-4de8-8389-6b7dd7379b03","local_time":"20201217204638","is_ascension_mode":true,"campfire_choices":[{"data":"Tactician","floor":7.0,"key":"SMITH"},{"data":"Reflex","floor":10.0,"key":"SMITH"},{"floor":15.0,"key":"REST"},{"data":"Apotheosis","floor":23.0,"key":"SMITH"},{"data":"After Image","floor":25.0,"key":"SMITH"},{"floor":30,"key":"REST"}],"circlet_count":0,"master_deck":["AscendersBane","Strike_G","Strike_G","Strike_G+1","Defend_G","Defend_G","Defend_G","Defend_G","Defend_G","Survivor","Neutralize","Blade Dance","Cloak And Dagger","Corpse Explosion","Reflex+1","Tactician+1","Unload","Dagger Throw","Calculated Gamble","Deadly Poison","After Image+1","Backflip","Crippling Poison","Apotheosis+1","Well Laid Plans","Acrobatics","Noxious Fumes","Reflex"],"relics":["Ring of the Snake","NeowsBlessing","Thread and Needle","InkBottle","Odd Mushroom","Bag of Preparation","Tiny House","Vajra","Dream Catcher"],"acts_visited":["Exordium","TheCity"],"potions_floor_usage":[31],"damage_taken":[{"damage":0.0,"enemies":"Jaw Worm","floor":1.0,"turns":1.0},{"damage":0.0,"enemies":"Cultist","floor":2.0,"turns":1.0},{"damage":0.0,"enemies":"Small Slimes","floor":4.0,"turns":1.0},{"damage":0.0,"enemies":"3 Louse","floor":5.0,"turns":2.0},{"damage":19.0,"enemies":"3 Sentries","floor":6.0,"turns":4.0},{"damage":0.0,"enemies":"The Mushroom Lair","floor":11.0,"turns":2.0},{"damage":25.0,"enemies":"Gremlin Nob","floor":13.0,"turns":4.0},{"damage":0.0,"enemies":"Red Slaver","floor":14.0,"turns":5.0},{"damage":9.0,"enemies":"The Guardian","floor":16.0,"turns":10.0},{"damage":12.0,"enemies":"Spheric Guardian","floor":18.0,"turns":6.0},{"damage":0.0,"enemies":"Chosen","floor":24.0,"turns":5.0},{"damage":31.0,"enemies":"Shelled Parasite and Fungi","floor":27.0,"turns":5.0},{"damage":10,"enemies":"Gremlin Leader","floor":28,"turns":7},{"damage":33,"enemies":"Book of Stabbing","floor":31,"turns":6}],"seed_played":"4416129075950211169","potions_obtained":[{"floor":6.0,"key":"CunningPotion"},{"floor":11.0,"key":"Dexterity Potion"},{"floor":12.0,"key":"PowerPotion"},{"floor":12.0,"key":"Strength Potion"},{"floor":13.0,"key":"Strength Potion"},{"floor":17.0,"key":"ColorlessPotion"},{"floor":24.0,"key":"SteroidPotion"}],"is_trial":false,"path_per_floor":["M","M","?","M","M","E","R","$","T","R","?","?","E","M","R","B",null,"M","T","$","?","?","R","M","R","T","M","E","$","R","E"],"character_chosen":"THE_SILENT","items_purchased":["Unload","Apotheosis","Well Laid Plans","Reflex"],"campfire_rested":2,"item_purchase_floors":[8,20,20,29],"current_hp_per_floor":[59,59,59,59,59,40,40,40,40,40,40,40,15,15,34,25,61,49,49,49,49,49,49,49,49,49,18,8,8,29,0,0],"gold":31,"neow_bonus":"THREE_ENEMY_KILL","is_daily":false,"chose_seed":false,"campfire_upgraded":4,"win_rate":0.0,"timestamp":1608205598,"path_taken":["M","M","?","?","M","E","R","$","T","R","?","?","E","M","R","BOSS","M","?","$","?","?","R","?","R","T","M","E","$","R","E"],"items_purchased_type":["Card","Card","Card","Card"],"build_version":"2020-12-13","purchased_purges":1,"victory":false,"max_hp_per_floor":[66,66,66,66,66,66,66,66,66,66,66,66,66,66,66,66,71,71,71,71,71,71,71,71,71,71,71,71,71,71,71,71],"card_choices":[{"not_picked":["Prepared","Dodge and Roll"],"picked":"Blade Dance","floor":1.0},{"not_picked":["Backflip","Deflect"],"picked":"Cloak And Dagger","floor":2.0},{"not_picked":["Slice","Setup"],"picked":"Reflex","floor":4.0},{"not_picked":["Slice","Bane","PiercingWail"],"picked":"SKIP","floor":5.0},{"not_picked":["Underhanded Strike","Masterful Stab"],"picked":"Tactician","floor":6.0},{"not_picked":["Malaise","Deflect"],"picked":"Dagger Throw","floor":11.0},{"not_picked":["Predator","Blade Dance"],"picked":"Calculated Gamble","floor":13.0},{"not_picked":["Bane","Masterful Stab"],"picked":"Deadly Poison","floor":14.0},{"not_picked":["Unload","Malaise"],"picked":"After Image","floor":16.0},{"not_picked":["Dagger Spray","Poisoned Stab"],"picked":"Backflip","floor":17.0},{"not_picked":["Dagger Spray","Deflect"],"picked":"Crippling Poison","floor":18.0},{"not_picked":["Infinite Blades","Caltrops","All Out Attack+1"],"picked":"SKIP","floor":24.0},{"not_picked":["Dagger Throw","Dagger Spray+1"],"picked":"Acrobatics","floor":27.0},{"not_picked":["Skewer+1","Dagger Throw"],"picked":"Noxious Fumes","floor":28}],"player_experience":941691,"relics_obtained":[{"floor":6.0,"key":"Thread and Needle"},{"floor":9.0,"key":"InkBottle"},{"floor":11.0,"key":"Odd Mushroom"},{"floor":13.0,"key":"Bag of Preparation"},{"floor":26.0,"key":"Vajra"},{"floor":28,"key":"Dream Catcher"}],"event_choices":[{"damage_healed":0.0,"max_hp_gain":0.0,"max_hp_loss":0.0,"gold_gain":0.0,"event_name":"Match and Keep!","player_choice":"1 cards matched","floor":3.0,"gold_loss":0.0,"damage_taken":0.0,"cards_obtained":["Corpse Explosion"]},{"damage_healed":0.0,"max_hp_gain":0.0,"max_hp_loss":0.0,"gold_gain":0.0,"event_name":"Mushrooms","player_choice":"Fought Mushrooms","floor":11.0,"gold_loss":0.0,"damage_taken":0.0},{"damage_healed":0.0,"max_hp_gain":0.0,"max_hp_loss":0.0,"gold_gain":0.0,"event_name":"The Woman in Blue","player_choice":"Bought 3 Potions","floor":12.0,"gold_loss":0.0,"damage_taken":0.0},{"cards_removed":["Strike_G"],"damage_healed":0.0,"max_hp_gain":0.0,"max_hp_loss":0.0,"gold_gain":0.0,"event_name":"Back to Basics","player_choice":"Elegance","floor":21.0,"gold_loss":0.0,"damage_taken":0.0},{"damage_healed":0.0,"max_hp_gain":0.0,"max_hp_loss":0.0,"gold_gain":50.0,"event_name":"Golden Shrine","player_choice":"Pray","floor":22.0,"gold_loss":0.0,"damage_taken":0.0}],"is_beta":false,"boss_relics":[{"not_picked":["SlaversCollar","Busted Crown"],"picked":"Tiny House"}],"items_purged_floors":[8],"is_endless":false,"potions_floor_spawned":[6,11,13,14,18,24],"killed_by":"Book of Stabbing","ascension_level":20}}