{"host":"951sez6ulsv0fw1i","time":1608204487,"event":{"mods":["2.2 Compatiblity","Aspiration","BaseMod","Better Third Choice","BetterRewards","CCEM","CapriCore","Conspire","Downfall","Googly Eyes","Hermit","Infinite Spire","JesterMod","Luminous","Mari Mod (Legacy)","Mari\u0027s V1 Patch","Marisa????????","Minty Spire (QoL Compilation)","Potionbrewer","Reimu??????","Shade Mod","StSLib","The Cursed","The Immortal","The Runesmith","The Servant 0.9.4","TheBandit","TheSwordswoman"],"gold_per_floor":[364,38,38,52,52,77,77,96,149,195,165,165,196,211,211,311,311,327,342,342,353,13,45,45,45,45,55,55,68,85,34,34,136,136,152,174,74,0,50,50,50,101,101,7,82,7,40,84,84,126,126,126,21,76,158],"floor_reached":56,"playtime":5008,"items_purged":["MokouMod:Strike"],"score":1310,"play_id":"dbd28192-a152-41cd-bbb7-3051b77cff89","local_time":"20201217122807","is_ascension_mode":false,"campfire_choices":[{"data":"MokouMod:RisingSunBarrier","floor":12,"key":"SMITH"},{"data":"MokouMod:RisingSunBarrier","floor":15,"key":"SMITH"},{"data":"MokouMod:Refresh","floor":24,"key":"SMITH"},{"floor":28,"key":"RECALL"},{"data":"MokouMod:InfernalWave","floor":32,"key":"SMITH"},{"data":"MokouMod:Extinguish","floor":40,"key":"SMITH"},{"data":"MokouMod:BurningDraft","floor":49,"key":"SMITH"},{"data":"MokouMod:Strike","floor":52,"key":"PURGE"}],"circlet_count":0,"master_deck":["MokouMod:Strike","MokouMod:Strike","MokouMod:Strike","MokouMod:Defend","MokouMod:Defend","MokouMod:Defend","MokouMod:Defend","MokouMod:HeatSpark","MokouMod:WarmUp","MokouMod:RisingSunBarrier+1","MokouMod:RisingSunBarrier+1","MokouMod:IndiscriminateIgnition","MokouMod:CrimsonArmoury","MokouMod:Refresh+1","MokouMod:ExplosiveFlame","CurseOfTheBell","MokouMod:AdaptivePyromancy","MokouMod:FlareStarter","MokouMod:Sear+1","MokouMod:FlickeringFlame","MokouMod:BurningDraft","MokouMod:PhoenixFeathers","MokouMod:InfernalWave+1","MokouMod:Extinguish+1","MokouMod:BurningDraft+1","MokouMod:TemporalFireSeal","conspire:SpireCoStock","conspire:SpireCoStock","MokouMod:BurningDraft+1","MokouMod:IgneousBlow+1","expansioncontent:DecasProtection","MokouMod:FlickeringFlame+1","Parasite","MokouMod:BurningDraft+1","MokouMod:Refresh+1","MokouMod:ResonanceReactor","MokouMod:Refresh","MokouMod:DanceofFlames+1"],"relics":["MokouMod:PhoenixFeather","HornCleat","conspire:TopHat","Thread and Needle","CCEMRelics:SpiritsEdge","Happy Flower","Calling Bell","MealTicket","potionbrewer:WarMedal","Pocketwatch","infinitespire:PuzzleCube","infinitespire:Midas Blood","SacredBark","Red Mask","aspiration:AnachronicSnailShell","Centennial Puzzle","Bottled Flame","potionbrewer:SlideRule","Mummified Hand","Peace Pipe","Tea:ReiMu"],"acts_visited":["Exordium","TheCity","TheBeyond","TheEnding"],"potions_floor_usage":[6,11,19,27,36,36,39,39,42,50,55,55],"damage_taken":[{"damage":1,"enemies":"Cultist","floor":1,"turns":4},{"damage":0,"enemies":"2 Louse","floor":4,"turns":4},{"damage":10,"enemies":"Gremlin Nob","floor":6,"turns":5},{"damage":0,"enemies":"Small Slimes","floor":8,"turns":4},{"damage":0,"enemies":"3 Sentries","floor":13,"turns":14},{"damage":0,"enemies":"2 Fungi Beasts","floor":14,"turns":3},{"damage":17,"enemies":"Slime Boss","floor":16,"turns":20},{"damage":0,"enemies":"Chosen","floor":18,"turns":6},{"damage":3,"enemies":"2 Thieves","floor":19,"turns":4},{"damage":0,"enemies":"conspire:HollyBat","floor":21,"turns":8},{"damage":4,"enemies":"conspire:SneckoGhost","floor":23,"turns":9},{"damage":0,"enemies":"Snecko","floor":27,"turns":6},{"damage":0,"enemies":"Centurion and Healer","floor":29,"turns":3},{"damage":6,"enemies":"Shelled Parasite and Fungi","floor":30,"turns":4},{"damage":14,"enemies":"Collector","floor":33,"turns":9},{"damage":2,"enemies":"Orb Walker","floor":35,"turns":3},{"damage":18,"enemies":"3 Darklings","floor":36,"turns":14},{"damage":21,"enemies":"Jaw Worm Horde","floor":39,"turns":16},{"damage":14,"enemies":"Nemesis","floor":42,"turns":9},{"damage":15,"enemies":"Giant Head","floor":45,"turns":10},{"damage":3,"enemies":"Writhing Mass","floor":47,"turns":6},{"damage":2,"enemies":"3 Darklings","floor":48,"turns":6},{"damage":17,"enemies":"Awakened One","floor":50,"turns":17},{"damage":37,"enemies":"Shield and Spear","floor":54,"turns":8},{"damage":103,"enemies":"The Heart","floor":55,"turns":12}],"seed_played":"2919571109116991671","potions_obtained":[{"floor":1,"key":"potionbrewer:ToxicPotion"},{"floor":8,"key":"BlessingOfTheForge"},{"floor":11,"key":"SteroidPotion"},{"floor":11,"key":"Fruit Juice"},{"floor":16,"key":"Weak Potion"},{"floor":19,"key":"potionbrewer:BoundlessPotion"},{"floor":25,"key":"GrandPatriotsElixir:ReiMu"},{"floor":25,"key":"EntropicBrew"},{"floor":25,"key":"SkillPotion"},{"floor":29,"key":"infinitespire:BlackPotion"},{"floor":36,"key":"Fruit Juice"},{"floor":45,"key":"LiquidMemories"},{"floor":54,"key":"ZuzhouPotion:ReiMu"}],"is_trial":false,"path_per_floor":["M","$","$","M","?","E","$","M","T","T","?","R","E","M","R","B",null,"M","M","?","M","?","E","R","?","T","M","R","M","M","$","R","B",null,"M","M","?","?","M","R","AVR","E","T","$","E","$","M","M","R","B",null,"R","$","E","B",null],"character_chosen":"MKU","items_purchased":["MokouMod:RisingSunBarrier","HornCleat","MokouMod:InfernalWave","expansioncontent:DecasProtection","MokouMod:ResonanceReactor","MokouMod:Refresh"],"campfire_rested":0,"item_purchase_floors":[2,2,31,44,53,53],"current_hp_per_floor":[53,53,53,53,53,43,43,43,43,43,48,48,48,48,48,31,80,80,77,62,62,62,58,58,58,58,58,58,58,52,67,67,53,85,83,75,75,75,54,54,54,40,40,55,40,55,52,50,50,33,95,95,95,58,3],"gold":158,"neow_bonus":"TWO_FIFTY_GOLD","is_daily":false,"chose_seed":false,"campfire_upgraded":6,"win_rate":0.0,"timestamp":1608204487,"path_taken":["M","?","$","M","?","E","$","?","T","?","?","R","E","M","R","BOSS","M","M","?","M","?","E","R","?","T","M","R","?","M","?","R","BOSS","M","M","?","?","M","R","AVR","E","T","$","E","$","M","M","R","BOSS","R","$","E","BOSS"],"items_purchased_type":["Card","Relic","Card","Card","Card","Card"],"build_version":"2020-12-13","purchased_purges":1,"victory":true,"max_hp_per_floor":[75,75,75,75,75,75,75,75,75,75,80,80,80,80,80,80,80,80,80,85,85,85,85,85,85,85,85,85,85,85,85,85,85,85,85,95,95,95,95,95,95,95,95,95,95,95,95,95,95,95,95,95,95,95,95],"card_choices":[{"not_picked":["MokouMod:ScorchingColumn","MokouMod:FlareStarter"],"picked":"MokouMod:WarmUp","floor":1},{"not_picked":["MokouMod:Cataclysm","MokouMod:Ember"],"picked":"MokouMod:FujiyamaVolcano","floor":4},{"not_picked":["MokouMod:FujiyamaVolcano","MokouMod:PhoenixFeathers"],"picked":"MokouMod:RisingSunBarrier","floor":6},{"not_picked":["MokouMod:RoaringFlare","MokouMod:UncontrollableSolarReaction"],"picked":"MokouMod:IndiscriminateIgnition","floor":8},{"not_picked":["MokouMod:FlickeringFlame","MokouMod:BurningDraft"],"picked":"MokouMod:CrimsonArmoury","floor":13},{"not_picked":["MokouMod:Singe","MokouMod:TemporalFireSeal"],"picked":"MokouMod:Refresh","floor":14},{"not_picked":["MokouMod:ProfanedFlare","MokouMod:BurningHiddenBullet"],"picked":"MokouMod:ExplosiveFlame","floor":16},{"not_picked":["MokouMod:FlareStarter","MokouMod:Overheat"],"picked":"MokouMod:AdaptivePyromancy","floor":18},{"not_picked":["MokouMod:Cataclysm","MokouMod:EternalBurstReactor+1"],"picked":"MokouMod:FlareStarter","floor":19},{"not_picked":["MokouMod:IgnitionBarrier+1","MokouMod:FlareStarter","MokouMod:EternalBurstReactor"],"picked":"SKIP","floor":21},{"not_picked":["MokouMod:RoaringFlare","MokouMod:IcarusDive"],"picked":"MokouMod:Sear+1","floor":23},{"not_picked":["MokouMod:HeatCyclone","MokouMod:CrimsonFlare"],"picked":"MokouMod:FlickeringFlame","floor":27},{"not_picked":["MokouMod:HeatCyclone+1","MokouMod:TemporalFireSeal"],"picked":"MokouMod:BurningDraft","floor":29},{"not_picked":["MokouMod:EternalBurstReactor","MokouMod:IgneousBlow"],"picked":"MokouMod:PhoenixFeathers","floor":30},{"not_picked":["MokouMod:BurningHiddenBullet","MokouMod:SearingBlow"],"picked":"MokouMod:Extinguish","floor":33},{"not_picked":["MokouMod:RoaringFlare","MokouMod:FlickeringFlame"],"picked":"MokouMod:BurningDraft","floor":35},{"not_picked":["MokouMod:Singe+1","MokouMod:CrimsonFlare"],"picked":"MokouMod:TemporalFireSeal","floor":36},{"not_picked":["MokouMod:Singe","MokouMod:RetainTemperature"],"picked":"MokouMod:BurningDraft+1","floor":39},{"not_picked":["MokouMod:FusionFlare","MokouMod:SearingShot+1"],"picked":"MokouMod:IgneousBlow+1","floor":42},{"not_picked":["MokouMod:IgnitionBarrier+1","MokouMod:FujiyamaVolcano+1"],"picked":"MokouMod:FlickeringFlame+1","floor":45},{"not_picked":["MokouMod:Wildfire","MokouMod:FlickeringFlame"],"picked":"MokouMod:BurningDraft+1","floor":47},{"not_picked":["MokouMod:BurningDraft","MokouMod:ScorchingColumn"],"picked":"MokouMod:Refresh+1","floor":48},{"not_picked":["MokouMod:SearingShot+1","MokouMod:IgnitionBlast"],"picked":"MokouMod:DanceofFlames+1","floor":54}],"player_experience":495033,"relics_obtained":[{"floor":6,"key":"Thread and Needle"},{"floor":10,"key":"CCEMRelics:SpiritsEdge"},{"floor":13,"key":"Happy Flower"},{"floor":17,"key":"MealTicket"},{"floor":17,"key":"potionbrewer:WarMedal"},{"floor":17,"key":"Pocketwatch"},{"floor":23,"key":"infinitespire:PuzzleCube"},{"floor":26,"key":"infinitespire:Midas Blood"},{"floor":39,"key":"aspiration:AnachronicSnailShell"},{"floor":42,"key":"Bottled Flame"},{"floor":43,"key":"potionbrewer:SlideRule"},{"floor":45,"key":"Mummified Hand"},{"floor":47,"key":"Peace Pipe"},{"floor":54,"key":"Tea:ReiMu"}],"event_choices":[{"cards_removed":["MokouMod:FujiyamaVolcano"],"damage_healed":0,"gold_gain":0,"player_choice":"Gave Card","damage_taken":0,"relics_obtained":["conspire:TopHat"],"max_hp_gain":0,"max_hp_loss":0,"event_name":"WeMeetAgain","floor":5,"gold_loss":0},{"damage_healed":0,"gold_gain":0,"player_choice":"Bought 2 Potions","damage_taken":0,"max_hp_gain":0,"max_hp_loss":0,"event_name":"The Woman in Blue","floor":11,"gold_loss":0},{"damage_healed":0,"gold_gain":0,"player_choice":"Shed Blood","damage_taken":20,"max_hp_gain":5,"max_hp_loss":0,"event_name":"Forgotten Altar","floor":20,"gold_loss":0},{"damage_healed":0,"gold_gain":0,"player_choice":"Got Potions","damage_taken":0,"max_hp_gain":0,"max_hp_loss":0,"event_name":"Lab","floor":25,"gold_loss":0},{"damage_healed":0,"gold_gain":0,"player_choice":"Invest 2","damage_taken":0,"max_hp_gain":0,"max_hp_loss":0,"event_name":"conspire:Investor","floor":37,"gold_loss":0},{"damage_healed":0,"gold_gain":0,"player_choice":"Paid","damage_taken":0,"relics_obtained":["Red Mask"],"max_hp_gain":0,"max_hp_loss":0,"event_name":"Tomb of Lord Red Mask","floor":38,"gold_loss":74}],"is_beta":false,"boss_relics":[{"not_picked":["jesterMod:MachoBrace","conspire:RunicOctahedron"],"picked":"Calling Bell"},{"not_picked":["RedLine:ReiMu","conspire:RoyalGoblet"],"picked":"SacredBark"}],"items_purged_floors":[46],"is_endless":false,"potions_floor_spawned":[1,8,16,18,19,29,36,45,54],"ascension_level":0}}