{"host":"epo9t9qajflxsfbx","time":1608205662,"event":{"mods":["Act Like it!","BaseMod","Better Altar","Better Match","Better Note","Better Sensory Stone","Better Skull","Better Third Choice","Better Vampires","BetterRewards","Clockwork Mod","Defuse TimeMaze Blight","Displayed Cursed Tome","Elementarium","Hermit","Highlight Path","Hubris","Infinite Spire","Minty Spire (QoL Compilation)","Quick Restart","Relic Stats","Replay The Spire","Shade Mod","Shop Mod","Somnambulant","StSLib","The Bladedancer","The Cursed","The Hierophant","The Jungle","The Servant 0.9.4","everything is the same but u backflip on backflip"],"gold_per_floor":[99,99,112,7,7,7,21,21,21,34,45,45,62,82,82,82,82],"floor_reached":16,"playtime":560,"items_purged":[],"score":92,"play_id":"77378ee8-7ba2-4ce0-96e7-519a532ae4ba","local_time":"20201217034742","daily_mods":["DeadlyEvents"],"is_ascension_mode":false,"campfire_choices":[{"data":"blademaster:EyeOfTheTornado","floor":6,"key":"SMITH"},{"data":"Clockwork:CraftBloodPhial","floor":8,"key":"SMITH"},{"floor":12,"key":"REST"},{"floor":15,"key":"REST"}],"circlet_count":0,"master_deck":["blademaster:Strike","blademaster:Strike","blademaster:Strike","blademaster:Strike","blademaster:Defend","blademaster:Defend","blademaster:Defend","blademaster:Defend","blademaster:RagingBlow","blademaster:HighVoltage","Shame","Burn","Hidden Blade","blademaster:EyeOfTheTornado+1","blademaster:DragonStrike+1","infinitespire:Execution","Calculated Gamble","blademaster:OneTrickPony","Clockwork:RevUp"],"relics":["blademaster:DancersAmulet","PrismaticShard","Replay:Multitool","Clockwork:BloodPhial"],"acts_visited":["Exordium"],"potions_floor_usage":[13,14],"damage_taken":[{"damage":15,"enemies":"2 Louse","floor":3,"turns":3},{"damage":18,"enemies":"Small Slimes","floor":7,"turns":4},{"damage":5,"enemies":"Jaw Worm","floor":10,"turns":4},{"damage":14,"enemies":"2 Fungi Beasts","floor":11,"turns":5},{"damage":19,"enemies":"3 Louse","floor":13,"turns":5},{"damage":14,"enemies":"Looter","floor":14,"turns":4},{"damage":47,"enemies":"The Guardian","floor":16,"turns":7}],"seed_played":"6757130057358943051","potions_obtained":[{"floor":7,"key":"PowerPotion"},{"floor":10,"key":"DuplicationPotion"}],"is_trial":true,"path_per_floor":["?","?","M","$","?","R","M","R","T","M","M","R","M","M","R","B"],"character_chosen":"THE_BLADEMASTER","items_purchased":["blademaster:EyeOfTheTornado","blademaster:DragonStrike+1"],"campfire_rested":2,"item_purchase_floors":[4,4],"current_hp_per_floor":[75,75,60,60,60,60,42,42,42,41,29,51,34,22,44,0,0],"gold":82,"neow_bonus":"","is_daily":false,"chose_seed":false,"campfire_upgraded":2,"win_rate":0.0,"timestamp":1608205662,"path_taken":["?","?","M","$","?","R","M","R","T","?","?","R","M","M","R","BOSS"],"items_purchased_type":["Card","Card"],"build_version":"2020-12-13","purchased_purges":0,"victory":false,"max_hp_per_floor":[75,75,75,75,75,75,75,75,75,75,75,75,75,75,75,75,75],"relic_stats":{"counters":[7,32],"obtain_stats":[{"Clockwork:BloodPhial":11,"Replay:Multitool":9,"blademaster:DancersAmulet":0,"PrismaticShard":1},{"Clockwork:BloodPhial":4,"Replay:Multitool":2,"blademaster:DancersAmulet":0,"PrismaticShard":0},{"Clockwork:BloodPhial":14,"Replay:Multitool":7,"blademaster:DancersAmulet":0,"PrismaticShard":0}]},"card_choices":[{"not_picked":["somnambulantmod: RecurringDream","Shade:FuneraryJewels"],"picked":"Hidden Blade","floor":3},{"not_picked":["hierophant:DisplayOfPower","TheCursedMod:CircleOfAbyss"],"picked":"Clockwork:CraftBloodPhial","floor":7},{"not_picked":["Auto Shields","Steam Power"],"picked":"Calculated Gamble","floor":10},{"not_picked":["ReplaySolidLightProjector","Dropkick"],"picked":"blademaster:OneTrickPony","floor":11},{"not_picked":["hermit:BodyArmor","TheCursedMod:Torture","WindmillStrike"],"picked":"SKIP","floor":13},{"not_picked":["Clockwork:CogBarrier","hierophant:SealAway"],"picked":"Clockwork:RevUp","floor":14}],"player_experience":260097,"relics_obtained":[{"floor":9,"key":"Replay:Multitool"}],"event_choices":[{"damage_healed":75,"gold_gain":0,"player_choice":"Embrace Burn","damage_taken":0,"max_hp_gain":0,"max_hp_loss":75,"event_name":"betterThird:BetterShining","floor":2,"gold_loss":0},{"damage_healed":0,"gold_gain":1,"player_choice":"4","damage_taken":0,"max_hp_gain":0,"max_hp_loss":0,"event_name":"betterStone:BetterStone","floor":5,"gold_loss":0,"cards_obtained":["infinitespire:Execution"]}],"is_beta":false,"boss_relics":[],"items_purged_floors":[],"is_endless":false,"potions_floor_spawned":[7,10],"killed_by":"The Guardian","ascension_level":0}}