{"host":"opgesw7sb5n0ordz","time":1608184579,"event":{"mods":["BaseMod","Better Note","Colored Powertips","Downfall","Googly Eyes","Minty Spire (QoL Compilation)","Relic Stats","StSLib","Unceasing Turn Reminder"],"gold_per_floor":[99,199,199,211,231,251,328,253,285,210,220,235,252,80,95,95,95],"floor_reached":16,"playtime":944,"items_purged":["champ:Strike"],"score":104,"play_id":"3903632a-9a80-4045-b348-a26e650f561a","local_time":"20201217005619","is_ascension_mode":false,"campfire_choices":[{"floor":1,"key":"RECALL"},{"data":"champ:CalledShot","floor":8,"key":"SMITH"},{"data":"champ:VampiricStrike","floor":10,"key":"SMITH"}],"circlet_count":0,"master_deck":["champ:Strike","champ:Strike","champ:Strike","champ:Defend","champ:Defend","champ:Defend","champ:Defend","champ:Execute","champ:Taunt","champ:Haymaker","champ:CrookedStrike","champ:CalledShot+1","champ:BringItOn","champ:VampiricStrike+1","champ:Aggression","champ:FlashCut","champ:CrookedStrike","champ:TornadoPunch","champ:Duel","champ:StanceDance"],"relics":["champ:ChampionCrown","Champion Belt","Meat on the Bone","downfall:HeartBlessingRed","Du-Vu Doll","downfall:HeartBlessingGreen"],"acts_visited":["Exordium"],"potions_floor_usage":[9],"damage_taken":[{"damage":30,"enemies":"downfall:Watcher","floor":2,"turns":5},{"damage":3,"enemies":"Small Slimes","floor":4,"turns":4},{"damage":0,"enemies":"Jaw Worm","floor":5,"turns":4},{"damage":1,"enemies":"Cultist","floor":6,"turns":4},{"damage":31,"enemies":"3 Sentries","floor":9,"turns":12},{"damage":16,"enemies":"Gremlin Gang","floor":11,"turns":4},{"damage":26,"enemies":"Large Slime","floor":12,"turns":6},{"damage":3,"enemies":"Red Slaver","floor":13,"turns":2},{"damage":5,"enemies":"downfall:FleeingMerchant","floor":14,"turns":4},{"damage":10,"enemies":"Gremlin Gang","floor":15,"turns":3},{"damage":90,"enemies":"downfall:Defect","floor":16,"turns":11}],"seed_played":"-1150122418053741564","potions_obtained":[{"floor":0,"key":"SkillPotion"},{"floor":0,"key":"LiquidBronze"},{"floor":0,"key":"EssenceOfSteel"},{"floor":3,"key":"Energy Potion"},{"floor":9,"key":"DistilledChaos"}],"is_trial":false,"path_per_floor":["R","?","?","M","M","M","T","R","E","R","M","M","M","$","M","B"],"character_chosen":"THE_CHAMP","items_purchased":["champ:Duel"],"campfire_rested":0,"item_purchase_floors":[14],"current_hp_per_floor":[90,70,70,67,67,66,66,66,57,57,61,63,78,90,90,0,0],"gold":95,"neow_bonus":"THREE_SMALL_POTIONS","is_daily":false,"chose_seed":false,"campfire_upgraded":2,"win_rate":0.0,"timestamp":1608184579,"path_taken":["R","?","?","?","M","?","T","R","E","R","M","M","M","$","M","BOSS"],"items_purchased_type":["Card"],"build_version":"2020-12-13","purchased_purges":1,"victory":false,"max_hp_per_floor":[90,90,90,90,90,90,90,90,90,90,90,90,90,90,90,90,90],"relic_stats":{"counters":[11,59],"Champion Belt":[7],"obtain_stats":[{"Du-Vu Doll":9,"downfall:HeartBlessingRed":8,"champ:ChampionCrown":0,"downfall:HeartBlessingGreen":10,"Champion Belt":2,"Meat on the Bone":7},{"Du-Vu Doll":5,"downfall:HeartBlessingRed":4,"champ:ChampionCrown":0,"downfall:HeartBlessingGreen":5,"Champion Belt":1,"Meat on the Bone":4},{"Du-Vu Doll":29,"downfall:HeartBlessingRed":17,"champ:ChampionCrown":0,"downfall:HeartBlessingGreen":29,"Champion Belt":5,"Meat on the Bone":17}],"Meat on the Bone":12},"card_choices":[{"not_picked":["champ:Riposte","champ:BladeFlurry"],"picked":"champ:Haymaker","floor":2},{"not_picked":["champ:BerserkersShout","champ:Haymaker"],"picked":"champ:CrookedStrike","floor":4},{"not_picked":["champ:BerserkersShout","champ:Haymaker"],"picked":"champ:CalledShot","floor":5},{"not_picked":["champ:CrookedStrike","champ:AdrenalArmor"],"picked":"champ:BringItOn","floor":6},{"not_picked":["champ:RapidStrikes","champ:Aggression"],"picked":"champ:VampiricStrike","floor":9},{"not_picked":["champ:EnragedBash","champ:FanOfKnives"],"picked":"champ:Aggression","floor":11},{"not_picked":["champ:CalledShot","champ:BladeFlurry"],"picked":"champ:FlashCut","floor":12},{"not_picked":["champ:Control","champ:CalledShot"],"picked":"champ:CrookedStrike","floor":13},{"not_picked":["champ:Haymaker","champ:FlashCut"],"picked":"champ:TornadoPunch","floor":14},{"not_picked":["champ:CrookedStrike","champ:BringItOn"],"picked":"champ:StanceDance","floor":15}],"player_experience":729791,"relics_obtained":[{"floor":2,"key":"Champion Belt"},{"floor":7,"key":"Meat on the Bone"},{"floor":9,"key":"Du-Vu Doll"}],"event_choices":[{"damage_healed":0,"gold_gain":0,"player_choice":"Got Potions","damage_taken":0,"max_hp_gain":0,"max_hp_loss":0,"event_name":"Lab","floor":3,"gold_loss":0}],"is_beta":false,"boss_relics":[],"items_purged_floors":[14],"is_endless":false,"potions_floor_spawned":[5,6,9,11,15],"killed_by":"downfall:Defect","ascension_level":0}}