{"host":"kyy1kus4tsuq869y","time":1608211232,"event":{"mods":["BaseMod","Downfall","GifTheSpireLib","HololiveMod","Hubris","Jorbs\u0027s Wanderer Trilogy","Marisa£®ÏF”Í°°ƒß¿Ì…≥£©","Minty Spire (QoL Compilation)","Quick Restart","READ ME - Guardian Mod","READ ME - Snecko Mod","Reimu£®≤©¿ˆ¡È√Œ£©","Remilia£®¿Ÿ√◊¿Ú—«£©","Replay The Spire","StSLib","Td1madao Mod","The Administrix","The Animator","The Bug Knight","The Construct","The Cursed","The Hierophant","The Runesmith","The Senshi","The Servant 0.9.4","Youmu£®ªÍ∆«—˝√Œ£©"],"gold_per_floor":[116,127,147,84,84,84,104,104,104,104,118,118,150,168,168,247,247,260,260,238,72,72,72,72,72,124,139,139,139],"floor_reached":28,"playtime":1634,"items_purged":[],"score":436,"play_id":"150a8f70-1914-42d6-a5c2-4653479cdfe7","local_time":"20201217212032","is_ascension_mode":true,"campfire_choices":[{"data":"Mayhem","floor":6,"key":"SMITH"},{"data":"Fire Breathing","floor":8,"key":"SMITH"},{"data":"Inflame","floor":10,"key":"SMITH"},{"data":"Inflame","floor":12,"key":"SMITH"},{"data":"Sword Boomerang","floor":15,"key":"SMITH"},{"data":"Limit Break","floor":23,"key":"SMITH"},{"floor":25,"key":"REST"}],"circlet_count":0,"master_deck":["AscendersBane","Strike_R+1","Strike_R","Strike_R","Strike_R","Strike_R+1","Defend_R","Defend_R","Defend_R","Defend_R","Mayhem+1","Sword Boomerang+1","Rampage","Inflame+1","Inflame+1","Fire Breathing+1","Limit Break+1"],"relics":["Burning Blood","Whetstone","hubris:CrystalStatue","ChewingGum","Brimstone"],"acts_visited":["Exordium","TheCity"],"potions_floor_usage":[16,28,28],"damage_taken":[{"damage":12,"enemies":"2 Louse","floor":1,"turns":3},{"damage":19,"enemies":"Jaw Worm","floor":2,"turns":4},{"damage":7,"enemies":"Cultist","floor":3,"turns":4},{"damage":11,"enemies":"2 Fungi Beasts","floor":7,"turns":4},{"damage":21,"enemies":"Large Slime","floor":11,"turns":6},{"damage":8,"enemies":"Gremlin Nob","floor":13,"turns":3},{"damage":14,"enemies":"3 Louse","floor":14,"turns":4},{"damage":13,"enemies":"Fading Forest","floor":16,"turns":13},{"damage":0,"enemies":"Chosen","floor":18,"turns":3},{"damage":34,"enemies":"2 Thieves","floor":20,"turns":4},{"damage":48,"enemies":"Shelled Parasite and Fungi","floor":27,"turns":4},{"damage":21,"enemies":"Gremlin Leader","floor":28,"turns":2}],"seed_played":"-5266160943621349741","potions_obtained":[{"floor":11,"key":"Energy Potion"},{"floor":13,"key":"PowerPotion"},{"floor":20,"key":"DistilledChaos"}],"is_trial":false,"path_per_floor":["M","M","M","$","?","R","M","R","T","R","M","R","E","M","R","B",null,"M","?","M","$","?","R","$","R","T","M","E"],"character_chosen":"IRONCLAD","items_purchased":["Inflame","Brimstone"],"campfire_rested":1,"item_purchase_floors":[4,21],"current_hp_per_floor":[44,31,30,30,55,55,50,50,50,50,35,35,33,25,25,26,63,69,69,41,41,41,41,41,63,63,21,0,0],"gold":139,"neow_bonus":"RANDOM_COLORLESS_2","is_daily":false,"chose_seed":false,"campfire_upgraded":6,"win_rate":0.0,"timestamp":1608211232,"path_taken":["M","M","M","$","?","R","M","R","T","R","M","R","E","M","R","BOSS","M","?","?","$","?","R","$","R","T","M","E"],"items_purchased_type":["Card","Relic"],"build_version":"2020-12-13","purchased_purges":0,"victory":false,"max_hp_per_floor":[75,75,75,75,75,75,75,75,75,75,75,75,75,75,75,75,75,75,75,75,75,75,75,75,75,75,75,75,75],"card_choices":[{"not_picked":["Apotheosis","expansioncontent:DashGenerateEvil"],"picked":"Mayhem","floor":0},{"not_picked":["Carnage","Cleave","hubris:ReadiedAction"],"picked":"SKIP","floor":1},{"not_picked":["ReplayTheSpireMod:Stacked","Headbutt"],"picked":"Sword Boomerang","floor":2},{"not_picked":["hubris:ReadiedAction","Iron Wave"],"picked":"Rampage","floor":3},{"not_picked":["Dark Embrace","Iron Wave"],"picked":"Fire Breathing","floor":7},{"not_picked":["ReplayTheSpireMod:Limb From Limb","Dropkick","hubris:ReadiedAction"],"picked":"SKIP","floor":11},{"not_picked":["ReplayTheSpireMod:Muscle Training","Seeing Red","Hemokinesis"],"picked":"SKIP","floor":13},{"not_picked":["Pommel Strike","Heavy Blade","Perfected Strike"],"picked":"SKIP","floor":14},{"not_picked":["Replay:Many Hands","Hemogenesis"],"picked":"Limit Break","floor":16},{"not_picked":["Rampage","True Grit","Headbutt"],"picked":"SKIP","floor":18},{"not_picked":["ReplayTheSpireMod:Limb From Limb+1","Cleave","Perfected Strike"],"picked":"SKIP","floor":20},{"not_picked":["Spot Weakness","Run Through","hubris:ReadiedAction"],"picked":"SKIP","floor":27}],"player_experience":464320,"relics_obtained":[{"floor":9,"key":"Whetstone"},{"floor":13,"key":"hubris:CrystalStatue"}],"event_choices":[{"damage_healed":25,"gold_gain":0,"player_choice":"Banana","damage_taken":0,"max_hp_gain":0,"max_hp_loss":0,"event_name":"Big Fish","floor":5,"gold_loss":0},{"cards_removed":["Bash"],"damage_healed":0,"gold_gain":0,"player_choice":"Offered Basic","damage_taken":0,"max_hp_gain":0,"max_hp_loss":0,"event_name":"Bonfire Elementals","floor":19,"gold_loss":0}],"is_beta":false,"boss_relics":[{"not_picked":["hubris:GrandSneckoEye","Runic Cube"],"picked":"ChewingGum"}],"items_purged_floors":[],"is_endless":false,"potions_floor_spawned":[11,13,14,20],"killed_by":"Gremlin Leader","ascension_level":20}}