{"host":"szp1d6dso4pv7ddl","time":1608178092,"event":{"mods":["AchievementEnabler","Alarm Clock","BaseMod","Bestiary","Block Reminder","Colored Map","Colored Powertips","Curses Come First","Displayed Cursed Tome","Highlight Path","Minty Spire (QoL Compilation)","Permanent Neow","Quick Restart","Relic Stats","StSLib"],"gold_per_floor":[118,118,118,135,151,184,184,197,245,257,269,316,338,369,381,393,393],"floor_reached":16,"playtime":456,"items_purged":[],"score":174,"play_id":"d913fb01-6a8d-41f6-8652-f29dd797d5dd","local_time":"20201216200812","is_ascension_mode":true,"campfire_choices":[{"data":"Perfected Strike","floor":7,"key":"SMITH"},{"data":"Bash","floor":10,"key":"SMITH"},{"floor":15,"key":"REST"}],"circlet_count":0,"master_deck":["AscendersBane","Strike_R","Strike_R","Strike_R","Strike_R","Strike_R","Defend_R","Defend_R","Defend_R","Defend_R","Bash+1","Exhume","Infernal Blade+1","Perfected Strike+1"],"relics":["Burning Blood","Pantograph","Orichalcum","MawBank","White Beast Statue"],"acts_visited":["Exordium"],"potions_floor_usage":[6],"damage_taken":[{"damage":7,"enemies":"Jaw Worm","floor":1,"turns":3},{"damage":1,"enemies":"2 Louse","floor":4,"turns":2},{"damage":0,"enemies":"Cultist","floor":5,"turns":2},{"damage":28,"enemies":"Lagavulin","floor":6,"turns":5},{"damage":11,"enemies":"Red Slaver","floor":8,"turns":3},{"damage":17,"enemies":"3 Sentries","floor":12,"turns":6},{"damage":2,"enemies":"Blue Slaver","floor":13,"turns":2},{"damage":5,"enemies":"3 Louse","floor":14,"turns":3},{"damage":84,"enemies":"Hexaghost","floor":16,"turns":9}],"seed_played":"-8990873021676602309","potions_obtained":[{"floor":4,"key":"Block Potion"},{"floor":6,"key":"Ancient Potion"},{"floor":13,"key":"SmokeBomb"}],"is_trial":false,"path_per_floor":["M","?","?","M","M","E","R","M","T","R","$","E","M","M","R","B"],"character_chosen":"IRONCLAD","items_purchased":[],"campfire_rested":1,"item_purchase_floors":[],"current_hp_per_floor":[71,68,68,73,79,57,57,52,52,52,52,41,45,46,70,0,0],"gold":393,"neow_bonus":"ONE_RANDOM_RARE_CARD","is_daily":false,"chose_seed":false,"campfire_upgraded":2,"win_rate":0.0,"timestamp":1608178092,"path_taken":["M","?","?","M","M","E","R","M","T","R","$","E","M","?","R","BOSS"],"items_purchased_type":[],"build_version":"2020-12-13","purchased_purges":0,"victory":false,"max_hp_per_floor":[80,80,80,80,80,80,80,80,80,80,80,80,80,80,80,80,80],"relic_stats":{"counters":[9,35],"Pantograph":10,"Orichalcum":[72],"MawBank":84,"obtain_stats":[{"Pantograph":2,"Orichalcum":6,"MawBank":9,"Burning Blood":0,"White Beast Statue":12},{"Pantograph":1,"Orichalcum":4,"MawBank":5,"Burning Blood":0,"White Beast Statue":6},{"Pantograph":3,"Orichalcum":12,"MawBank":15,"Burning Blood":0,"White Beast Statue":21}],"Burning Blood":48},"card_choices":[{"not_picked":["Heavy Blade","Pommel Strike"],"picked":"Infernal Blade","floor":1},{"not_picked":["Flex","Bloodletting"],"picked":"Perfected Strike","floor":4},{"not_picked":["Warcry","Wild Strike","Clash"],"picked":"SKIP","floor":5},{"not_picked":["Perfected Strike","Shrug It Off","Rage"],"picked":"SKIP","floor":6},{"not_picked":["Entrench","Perfected Strike","Pummel"],"picked":"SKIP","floor":8},{"not_picked":["Cleave","Anger","Dual Wield"],"picked":"SKIP","floor":12},{"not_picked":["Dark Embrace","Inflame","Fire Breathing"],"picked":"SKIP","floor":13},{"not_picked":["Cleave","Blood for Blood","Clash"],"picked":"SKIP","floor":14}],"player_experience":956518,"relics_obtained":[{"floor":6,"key":"Orichalcum"},{"floor":9,"key":"MawBank"},{"floor":12,"key":"White Beast Statue"}],"event_choices":[{"damage_healed":0,"gold_gain":0,"player_choice":"Success","damage_taken":3,"relics_obtained":["Pantograph"],"max_hp_gain":0,"max_hp_loss":0,"event_name":"Scrap Ooze","floor":2,"gold_loss":0},{"damage_healed":0,"gold_gain":0,"player_choice":"Upgraded","damage_taken":0,"max_hp_gain":0,"max_hp_loss":0,"event_name":"Upgrade Shrine","floor":3,"gold_loss":0,"cards_upgraded":["Infernal Blade"]}],"is_beta":false,"boss_relics":[],"items_purged_floors":[],"is_endless":false,"potions_floor_spawned":[4,6,13,14],"killed_by":"Hexaghost","ascension_level":11}}