{"host":"jk8wop44dq7uc7ar","time":1608216679,"event":{"mods":["AchievementEnabler","BaseMod","Colored Map","Colored Powertips","Downfall","Hermit","Hubris","Infinite Spire","Marisa????????","Minty Spire (QoL Compilation)","StSLib","The Bug Knight","The Construct","The Cursed","The Disciple","The Mystic","The Necromancer","The Runesmith","The Servant 0.9.4"],"gold_per_floor":[99,99,20,20,120,149,173,192,222,222,246,256,256,270,287,387,387,387,387,414,425,23,33,58,58,58,58,76,96,96,106,116,217,217,217,234,251,251,284,284,284,284,3,3,3,184,203,46,14,116,116,41,41,41,141,151,164,210,225,400,400,21,40,53,53,64,160,160,160,0,19,33,59,59,90,90,90],"floor_reached":76,"playtime":12382,"items_purged":["Guardian:Strike_Guardian","Guardian:Defend_Guardian","Guardian:Strike_Guardian"],"score":1334,"play_id":"bfdf0263-c94b-465f-9828-44e5e2db49a5","local_time":"20201217095119","is_ascension_mode":false,"campfire_choices":[{"data":"Guardian:TwinSlam","floor":1.0,"key":"SMITH"},{"data":"Guardian:RefractedBeam","floor":10.0,"key":"SMITH"},{"data":"Guardian:RefractedBeam+1","floor":18.0,"key":"SMITH"},{"floor":26.0,"key":"REST"},{"floor":35.0,"key":"RECALL"},{"floor":40.0,"key":"REST"},{"data":"Guardian:ChargeUp","floor":42.0,"key":"SMITH"},{"data":"Guardian:RefractedBeam+2","floor":44.0,"key":"SMITH"},{"data":"Guardian:RefractedBeam+3","floor":52.0,"key":"SMITH"},{"data":"Guardian:RefractedBeam+4","floor":61.0,"key":"SMITH"},{"data":"Guardian:ExploitGems","floor":69.0,"key":"SMITH"}],"circlet_count":0,"master_deck":["Guardian:Defend_Guardian","Guardian:CurlUp+1","Guardian:TwinSlam+1","Guardian:BronzeArmor+1","Guardian:ChargeUp+1","Guardian:WalkerClaw+1","Guardian:RevengeProtocol","Guardian:RefractedBeam+5","Guardian:Clone+1","Regret","Guardian:EvasiveProtocol","Guardian:StasisStrike","Guardian:BaubleBeam","Guardian:Clone","Guardian:SphericShield","Guardian:FastForward","Guardian:SpikerProtocol","Guardian:DonusPower+1","infinitespire:Starlight+1","Guardian:Emergency+1","Guardian:SentryBeam+1","Guardian:VentSteam","Guardian:TimeSifter+1","Guardian:DecasProtection+1","Guardian:Preprogram","hubris:Disease","Guardian:DecasProtection","expansioncontent:DonusPower","Guardian:EvasiveProtocol+1","Guardian:Aged","Guardian:ExploitGems+1","Guardian:StasisStrike","Guardian:Gem_Lightblue","Guardian:ChargeUp+1","Guardian:TimeBomb+1","Guardian:ShieldSpikes+1","Guardian:EvasiveProtocol+1","Guardian:SpikerProtocol+1","Regret","Guardian:Gem_Red","Doubt","Guardian:EvasiveProtocol+1","Guardian:ChargeUp","Guardian:Gem_Lightblue","Guardian:Gem_White","Guardian:Gem_Green","Guardian:Gem_Fragmented","Guardian:Gem_Cyan","Guardian:Gem_Green","Guardian:Gem_Orange","Guardian:Gem_Cyan","Guardian:Gem_Red","Guardian:Gem_Synthetic","Guardian:Gem_Red","Guardian:Gem_Orange","Guardian:GuardianWhirl","Guardian:ExploitGems","expansioncontent:Collect+1","Guardian:GuardianWhirl","Guardian:MultiBeam","Guardian:RefractedBeam+1","Guardian:Clone+1"],"relics":["Guardian:ModeShifter","downfall:HeartsMalice","White Beast Statue","hubris:TenFootPole","Guardian:SackOfGems","Centennial Puzzle","construct:WeddingRing","Gremlin Horn","Art of War","Blue Candle","hubris:RunicObelisk","Frozen Egg 2","Cursed Key","hubris:Icosahedron","War Paint","MealTicket","Guardian:StasisEgg","Orrery","Strange Spoon","Philosopher\u0027s Stone","downfall:HeartBlessingRed","Dream Catcher","Juzu Bracelet","infinitespire:BottledMercury","Guardian:PickAxe","Coffee Dripper"],"acts_visited":["TheCity","TheBeyond","Exordium","TheCity"],"potions_floor_usage":[76,76],"damage_taken":[{"damage":0.0,"enemies":"2 Louse","floor":2.0,"turns":1.0},{"damage":0.0,"enemies":"downfall:FleeingMerchant","floor":3.0,"turns":1.0},{"damage":0.0,"enemies":"downfall:LadyInBlue","floor":5.0,"turns":1.0},{"damage":11.0,"enemies":"Lagavulin","floor":6.0,"turns":6.0},{"damage":0.0,"enemies":"Small Slimes","floor":8.0,"turns":3.0},{"damage":20.0,"enemies":"3 Sentries","floor":9.0,"turns":7.0},{"damage":3.0,"enemies":"Cultist","floor":12.0,"turns":4.0},{"damage":8.0,"enemies":"Exordium Wildlife","floor":14.0,"turns":3.0},{"damage":5.0,"enemies":"Large Slime","floor":15.0,"turns":4.0},{"damage":25.0,"enemies":"downfall:Silent","floor":16.0,"turns":8.0},{"damage":36.0,"enemies":"Book of Stabbing","floor":20.0,"turns":6.0},{"damage":7.0,"enemies":"Shell Parasite","floor":21.0,"turns":4.0},{"damage":6.0,"enemies":"downfall:FleeingMerchant","floor":22.0,"turns":4.0},{"damage":9.0,"enemies":"Chosen","floor":23.0,"turns":4.0},{"damage":1.0,"enemies":"Snake Plant","floor":28.0,"turns":3.0},{"damage":5.0,"enemies":"Sentry and Sphere","floor":29.0,"turns":5.0},{"damage":2.0,"enemies":"Snecko","floor":31.0,"turns":4.0},{"damage":1.0,"enemies":"Snake Plant","floor":32.0,"turns":4.0},{"damage":2.0,"enemies":"downfall:Defect","floor":33.0,"turns":7.0},{"damage":6.0,"enemies":"3 Darklings","floor":36.0,"turns":5.0},{"damage":9.0,"enemies":"Orb Walker","floor":37.0,"turns":3.0},{"damage":44.0,"enemies":"Nightmare","floor":39.0,"turns":6.0},{"damage":2.0,"enemies":"downfall:FleeingMerchant","floor":43.0,"turns":4.0},{"damage":15.0,"enemies":"downfall:FleeingMerchant","floor":46.0,"turns":4.0},{"damage":18.0,"enemies":"4 Shapes","floor":47.0,"turns":5.0},{"damage":2.0,"enemies":"Jaw Worm Horde","floor":49.0,"turns":3.0},{"damage":13.0,"enemies":"downfall:Watcher","floor":50.0,"turns":8.0},{"damage":18.0,"enemies":"Cultist","floor":56.0,"turns":4.0},{"damage":23.0,"enemies":"Jaw Worm","floor":57.0,"turns":5.0},{"damage":2.0,"enemies":"Small Slimes","floor":59.0,"turns":2.0},{"damage":5.0,"enemies":"2 Fungi Beasts","floor":63.0,"turns":2.0},{"damage":15.0,"enemies":"Exordium Thugs","floor":64.0,"turns":5.0},{"damage":5.0,"enemies":"Large Slime","floor":66.0,"turns":5.0},{"damage":17.0,"enemies":"The Guardian","floor":67.0,"turns":6.0},{"damage":74.0,"enemies":"Chosen","floor":71.0,"turns":6.0},{"damage":19.0,"enemies":"Shell Parasite","floor":72.0,"turns":4.0},{"damage":1.0,"enemies":"Slavers","floor":73.0,"turns":1.0},{"damage":22.0,"enemies":"Book of Stabbing","floor":75.0,"turns":3.0},{"damage":31,"enemies":"Slavers","floor":76,"turns":3}],"seed_played":"-328619235205997745","potions_obtained":[{"floor":5.0,"key":"DuplicationPotion"},{"floor":5.0,"key":"SteroidPotion"},{"floor":5.0,"key":"DuplicationPotion"},{"floor":6.0,"key":"PowerPotion"},{"floor":8.0,"key":"Energy Potion"},{"floor":9.0,"key":"Swift Potion"},{"floor":12.0,"key":"FearPotion"},{"floor":14.0,"key":"sneckomod:MuddlingPotion"},{"floor":15.0,"key":"sneckomod:MuddlingPotion"},{"floor":16.0,"key":"SpeedPotion"},{"floor":20.0,"key":"Strength Potion"},{"floor":21.0,"key":"AttackPotion"},{"floor":22.0,"key":"Dexterity Potion"},{"floor":23.0,"key":"Dexterity Potion"},{"floor":28.0,"key":"Guardian:DefensiveModePotion"},{"floor":29.0,"key":"EssenceOfSteel"},{"floor":31.0,"key":"BlessingOfTheForge"},{"floor":33.0,"key":"DistilledChaos"},{"floor":36.0,"key":"Slimebound:ThreeZeroPotion"},{"floor":37.0,"key":"SkillPotion"},{"floor":39.0,"key":"sneckomod:MuddlingPotion"},{"floor":43.0,"key":"Energy Potion"},{"floor":46.0,"key":"BlessingOfTheForge"},{"floor":47.0,"key":"Weak Potion"},{"floor":49.0,"key":"Explosive Potion"},{"floor":50.0,"key":"BlessingOfTheForge"},{"floor":56.0,"key":"Weak Potion"},{"floor":57.0,"key":"sneckomod:MuddlingPotion"},{"floor":59.0,"key":"BlessingOfTheForge"},{"floor":63.0,"key":"Swift Potion"},{"floor":67.0,"key":"champ:CounterPotion"},{"floor":71.0,"key":"AttackPotion"},{"floor":72.0,"key":"SteroidPotion"},{"floor":73.0,"key":"Dexterity Potion"},{"floor":75.0,"key":"SteroidPotion"}],"is_trial":false,"path_per_floor":["R","M","$","?","?","E","T","M","E","R","T","M","?","M","M","B",null,"R","?","E","M","$","M","T","T","R","AVR","M","M","?","M","M","B",null,"R","M","M","?","NM","R","T","R","$","R","?","$","M","$","M","B",null,"R","?","?","?","M","M","T","M","?","R","$","M","M","?","M","B",null,"R","$","M","M","E","?","E","E"],"character_chosen":"GUARDIAN","items_purchased":["Guardian:ChargeUp","Guardian:SphericShield","Guardian:FastForward","Guardian:SpikerProtocol","expansioncontent:DonusPower","Guardian:EvasiveProtocol+1","Orrery","Strange Spoon","Guardian:Gem_Orange","infinitespire:BottledMercury","expansioncontent:Collect+1","Guardian:GuardianWhirl"],"campfire_rested":2,"item_purchase_floors":[3,22,22,22,43,43,46,48,62,62,70,70],"current_hp_per_floor":[80,80,80,80,80,69,69,69,49,49,49,46,46,38,33,8,80,80,76,40,33,27,18,18,18,42,42,41,46,46,54,53,61,80,80,74,65,65,31,55,55,55,80,80,80,65,80,80,78,79,80,80,80,79,79,80,80,80,78,78,78,80,75,80,50,79,80,80,80,80,28,54,53,53,31,0,0],"gold":90,"neow_bonus":"THREE_ENEMY_KILL","is_daily":false,"chose_seed":false,"campfire_upgraded":8,"win_rate":0.0,"timestamp":1608216679,"path_taken":["R","M","$","?","?","E","T","?","E","R","?","M","?","M","M","BOSS","R","?","E","M","?","M","T","?","R","AVR","?","?","?","M","M","BOSS","R","?","?","?","NM","R","T","R","$","R","?","?","M","$","M","BOSS","R","?","?","?","M","?","T","M","?","R","$","M","M","?","M","BOSS","R","$","M","M","E","?","E","E"],"items_purchased_type":["Card","Card","Card","Card","Card","Card","Relic","Relic","Card","Relic","Card","Card"],"build_version":"2020-12-13","purchased_purges":3,"victory":false,"max_hp_per_floor":[80,80,80,80,80,80,80,80,80,80,80,80,80,80,80,80,80,80,80,80,80,80,80,80,80,80,80,80,80,80,80,80,80,80,80,80,80,80,80,80,80,80,80,80,80,80,80,80,80,80,80,80,80,80,80,80,80,80,80,80,80,80,80,80,80,80,80,80,80,80,80,80,80,80,80,80,80],"card_choices":[{"not_picked":["Guardian:RefractedBeam","Guardian:ShieldCharger"],"picked":"Guardian:BronzeArmor","floor":2.0},{"not_picked":["Guardian:Emergency","Guardian:Planning"],"picked":"Guardian:Gem_Cyan","floor":3.0},{"not_picked":["Guardian:Suspension","Guardian:Incinerate"],"picked":"Guardian:WalkerClaw","floor":5.0},{"not_picked":["Guardian:Emergency","Guardian:Gem_Cyan"],"picked":"Guardian:Gem_Red","floor":6.0},{"not_picked":["Guardian:Gem_Cyan","Guardian:GuardianWhirl"],"picked":"Guardian:RevengeProtocol","floor":8.0},{"not_picked":["Guardian:Gem_Red","Guardian:CrystalBeam"],"picked":"Guardian:RefractedBeam","floor":9.0},{"not_picked":["Guardian:CrystalBeam","Guardian:PrimingBeam"],"picked":"Guardian:Clone","floor":12.0},{"not_picked":["Guardian:CrystalBeam","Guardian:Gem_Fragmented"],"picked":"Guardian:EvasiveProtocol","floor":14.0},{"not_picked":["Guardian:SentryBeam","Guardian:CrystalBeam"],"picked":"Guardian:StasisStrike","floor":15.0},{"not_picked":["Guardian:AncientConstruct","Guardian:StasisStrike"],"picked":"Guardian:BaubleBeam","floor":16.0},{"not_picked":["Guardian:TemporalShield","Guardian:WalkerClaw+1"],"picked":"Guardian:Gem_Lightblue","floor":20.0},{"not_picked":["Guardian:WalkerClaw+1","Guardian:RollAttack"],"picked":"Guardian:Gem_Cyan","floor":21.0},{"not_picked":["Guardian:WalkerClaw","Guardian:Planning"],"picked":"Guardian:Clone","floor":22.0},{"not_picked":["Guardian:Clone+1","Guardian:ChargeCore"],"picked":"Guardian:DonusPower","floor":23.0},{"not_picked":["Guardian:ShieldCharger","Guardian:Reroute"],"picked":"Guardian:Emergency+1","floor":28.0},{"not_picked":["Guardian:BronzeArmor","Guardian:WalkerClaw+1"],"picked":"Guardian:SentryBeam+1","floor":29.0},{"not_picked":["Guardian:ShieldSpikes","Guardian:PrimingBeam+1"],"picked":"Guardian:VentSteam","floor":31.0},{"not_picked":["Guardian:CrystalBeam","Guardian:ShieldCharger+1","Guardian:SentryBeam"],"picked":"SKIP","floor":32.0},{"not_picked":["Guardian:SphericShield","Guardian:ExploitGems"],"picked":"Guardian:TimeSifter+1","floor":33.0},{"not_picked":["Guardian:Gem_Green","Guardian:TemporalStrike"],"picked":"Guardian:DecasProtection+1","floor":36.0},{"not_picked":["Guardian:Gem_Green","Guardian:Suspension+1"],"picked":"Guardian:Gem_Red","floor":37.0},{"not_picked":["Guardian:BronzeArmor","Guardian:ShieldCharger"],"picked":"Guardian:Preprogram","floor":39.0},{"not_picked":["Guardian:Planning+1","Guardian:ShieldCharger"],"picked":"Guardian:DecasProtection","floor":43.0},{"not_picked":["Guardian:SentryBeam","Guardian:ChargeCore+1"],"picked":"Guardian:ExploitGems","floor":46.0},{"not_picked":["Guardian:TemporalShield+1","Guardian:PiercingHide"],"picked":"Guardian:Gem_White","floor":46.0},{"not_picked":["Guardian:CrystalBeam+1","Guardian:WalkerClaw+1"],"picked":"Guardian:StasisStrike","floor":46.0},{"not_picked":["Guardian:Planning","Guardian:VentSteam"],"picked":"Guardian:Gem_Lightblue","floor":46.0},{"not_picked":["Guardian:Harden","Guardian:PiercingHide"],"picked":"Guardian:ChargeUp+1","floor":46.0},{"not_picked":["Guardian:WalkerClaw","Guardian:TemporalStrike+1"],"picked":"Guardian:TimeBomb+1","floor":46.0},{"not_picked":["Guardian:Gem_Fragmented","Guardian:Recover"],"picked":"Guardian:ShieldSpikes+1","floor":47.0},{"not_picked":["Guardian:Harden","Guardian:Gem_Blue"],"picked":"Guardian:EvasiveProtocol+1","floor":49.0},{"not_picked":["Guardian:HyperBeam_Guardian","Guardian:BaubleBeam"],"picked":"Guardian:Gem_Orange","floor":50.0},{"not_picked":["Guardian:DecasProtection","Guardian:Reroute"],"picked":"Guardian:SpikerProtocol+1","floor":56.0},{"not_picked":["Guardian:PrimingBeam","Guardian:TemporalShield","Guardian:VentSteam"],"picked":"SKIP","floor":57.0},{"not_picked":["Guardian:WalkerClaw","Guardian:CrystalBeam"],"picked":"Guardian:Gem_Red","floor":59.0},{"not_picked":["Guardian:ShieldCharger","Guardian:Gem_Blue"],"picked":"Guardian:EvasiveProtocol+1","floor":63.0},{"not_picked":["Guardian:ArmoredProtocol+1","Guardian:SentryBeam"],"picked":"Guardian:ChargeUp","floor":64.0},{"not_picked":["Guardian:VentSteam","Guardian:Gem_Purple"],"picked":"Guardian:GuardianWhirl","floor":66.0},{"not_picked":["Guardian:SphericShield","Guardian:StasisField"],"picked":"Guardian:ExploitGems","floor":67.0},{"not_picked":["Guardian:Suspension","Guardian:DecasProtection"],"picked":"Guardian:MultiBeam","floor":71.0},{"not_picked":["Guardian:TemporalStrike","Guardian:Gem_Cyan"],"picked":"Guardian:RefractedBeam+1","floor":72.0},{"not_picked":["Guardian:Recover+1","Guardian:TemporalStrike+1","Guardian:VentSteam"],"picked":"SKIP","floor":73.0},{"not_picked":["Guardian:FloatingOrbs+1","Guardian:AncientConstruct+1"],"picked":"Guardian:Clone+1","floor":75.0}],"player_experience":384518,"relics_obtained":[{"floor":5.0,"key":"White Beast Statue"},{"floor":6.0,"key":"hubris:TenFootPole"},{"floor":9.0,"key":"Guardian:SackOfGems"},{"floor":11.0,"key":"Centennial Puzzle"},{"floor":20.0,"key":"Gremlin Horn"},{"floor":24.0,"key":"Art of War"},{"floor":25.0,"key":"Blue Candle"},{"floor":39.0,"key":"War Paint"},{"floor":41.0,"key":"MealTicket"},{"floor":58.0,"key":"Juzu Bracelet"}],"event_choices":[{"damage_healed":0.0,"max_hp_gain":0.0,"max_hp_loss":0.0,"gold_gain":0.0,"event_name":"Scrap Ooze","player_choice":"Success","floor":54.0,"gold_loss":0.0,"damage_taken":3.0,"relics_obtained":["Dream Catcher"]},{"cards_removed":["Guardian:Defend_Guardian"],"damage_healed":0.0,"max_hp_gain":0.0,"max_hp_loss":0.0,"gold_gain":0.0,"event_name":"Purifier","player_choice":"Purged","floor":74.0,"gold_loss":0.0,"damage_taken":0.0}],"is_beta":false,"boss_relics":[{"not_picked":["Snecko Eye","Velvet Choker"],"picked":"construct:WeddingRing"},{"not_picked":["hubris:HollowSoul","Pandora\u0027s Box"],"picked":"Cursed Key"},{"not_picked":["Runic Dome","construct:ClawGrip"],"picked":"Philosopher\u0027s Stone"},{"not_picked":["SacredBark","hubris:HollowSoul"],"picked":"Coffee Dripper"}],"items_purged_floors":[22,27,43],"is_endless":true,"potions_floor_spawned":[6,8,9,12,14,15,16,20,21,22,23,28,29,31,32,33,36,37,39,43,46,47,49,50,56,57,59,63,64,66,67,71,72,73,75],"killed_by":"Slavers","ascension_level":0}}