{"host":"mvw7i28zi3kj0eu9","time":1608205703,"event":{"mods":["AchievementEnabler","BaseMod","Better Third Choice","BetterRewards","Block Reminder","Conspire","Custom Start","Downfall","Energized Spire","Halation","Hermit","Hubris","Infinite Spire","Jorbs\u0027s Wanderer Trilogy","Minty Spire (QoL Compilation)","Replay The Spire","Shop Mod","Small Relic Pack","Spikes Relics","StSLib","The Blue Laboratory","The Necromancer","The Servant 0.9.4","Virulent Crown"],"gold_per_floor":[119,133,133,133,147,147,158,177,245,256,267,109,109,143,143,247,247,265,279,279,290,290,290,310,310,333,75,93,93,93,111,111,214,214,227,6,18,18,29,61,81,100,100,119,119,134,134,150,150,152],"floor_reached":51,"playtime":1629,"items_purged":["Barricade+1","Strike_B","Defend_B"],"score":987,"play_id":"5b577fb1-f91a-46f7-a8c9-6d7033be23d6","local_time":"20201217124823","is_ascension_mode":false,"campfire_choices":[{"data":"Dualcast","floor":6,"key":"SMITH"},{"data":"Glacier","floor":15,"key":"SMITH"},{"data":"Rainbow","floor":23,"key":"SMITH"},{"data":"Glacier","floor":25,"key":"SMITH"},{"data":"Electrodynamics","floor":32,"key":"SMITH"},{"floor":45,"key":"RECALL"},{"data":"Rainbow","floor":47,"key":"SMITH"},{"data":"FIFO Queue","floor":49,"key":"SMITH"}],"circlet_count":0,"master_deck":["Barricade+1","Strike_B","Strike_B","Strike_B","Defend_B","Defend_B","Defend_B","Zap+1","Dualcast+1","Electrodynamics+1","Glacier+1","Amplify","hubris:PowerSurge+1","Rainbow+1","Glacier+1","Beam Cell","Rainbow+1","FIFO Queue+1","FIFO Queue"],"relics":["Cracked Core","InkBottle","Oddly Smooth Stone","infinitespire:Cupcake","Sling","Ring of Shattering","ShockBauble","CosmicIsotope","Anchor","hubris:Zylophone","infinitespire:Midas Blood"],"acts_visited":["Exordium","TheCity","TheBeyond"],"potions_floor_usage":[16,33,50],"damage_taken":[{"damage":8,"enemies":"2 Louse","floor":1,"turns":3},{"damage":1,"enemies":"Cultist","floor":2,"turns":3},{"damage":1,"enemies":"Jaw Worm","floor":5,"turns":3},{"damage":7,"enemies":"Blue Slaver","floor":7,"turns":4},{"damage":0,"enemies":"Large Slime","floor":8,"turns":3},{"damage":5,"enemies":"Looter","floor":10,"turns":2},{"damage":20,"enemies":"Gremlin Gang","floor":11,"turns":3},{"damage":0,"enemies":"Lagavulin","floor":14,"turns":7},{"damage":4,"enemies":"Hexaghost","floor":16,"turns":11},{"damage":0,"enemies":"3 Byrds","floor":18,"turns":2},{"damage":0,"enemies":"2 Thieves","floor":19,"turns":1},{"damage":0,"enemies":"3 Cultists","floor":21,"turns":1},{"damage":10,"enemies":"Cultist and Chosen","floor":24,"turns":3},{"damage":6,"enemies":"Snake Plant","floor":28,"turns":4},{"damage":0,"enemies":"Centurion and Healer","floor":31,"turns":9},{"damage":0,"enemies":"Collector","floor":33,"turns":13},{"damage":0,"enemies":"3 Darklings","floor":35,"turns":1},{"damage":0,"enemies":"3 Shapes","floor":37,"turns":1},{"damage":6,"enemies":"3 Darklings","floor":39,"turns":6},{"damage":0,"enemies":"Nemesis","floor":40,"turns":6},{"damage":18,"enemies":"Jaw Worm Horde","floor":41,"turns":4},{"damage":0,"enemies":"Writhing Mass","floor":42,"turns":4},{"damage":1,"enemies":"Transient","floor":44,"turns":5},{"damage":0,"enemies":"Maw","floor":46,"turns":7},{"damage":7,"enemies":"Spire Growth","floor":48,"turns":6},{"damage":7,"enemies":"Donu and Deca","floor":50,"turns":9}],"seed_played":"-3908399266398193618","potions_obtained":[{"floor":5,"key":"SpeedPotion"},{"floor":7,"key":"Elixir"},{"floor":11,"key":"SkillPotion"},{"floor":14,"key":"SteroidPotion"},{"floor":19,"key":"Fire Potion"},{"floor":33,"key":"blueLaboratory:PhilterOfMotion"},{"floor":35,"key":"FocusPotion"}],"is_trial":false,"path_per_floor":["M","M","?","$","M","R","M","M","T","M","M","$","?","E","R","B",null,"M","M","AVR","M","?","R","M","R","T","$","M","?","?","M","R","B",null,"M","$","M","$","M","E","M","M","T","M","R","M","R","M","R","B",null],"character_chosen":"DEFECT","items_purchased":["hubris:PowerSurge+1","ShockBauble","Anchor","FIFO Queue"],"campfire_rested":0,"item_purchase_floors":[12,27,36,36],"current_hp_per_floor":[67,66,66,66,65,65,58,58,58,53,33,33,33,33,33,29,75,75,75,75,75,75,75,65,65,65,65,59,59,59,59,59,59,75,75,75,75,75,69,69,51,51,51,50,50,50,50,43,43,36],"gold":152,"neow_bonus":"","is_daily":false,"chose_seed":false,"campfire_upgraded":7,"win_rate":0.0,"timestamp":1608205703,"path_taken":["M","M","?","$","M","R","M","M","T","?","M","$","?","E","R","BOSS","M","M","AVR","M","?","R","M","R","T","$","M","?","?","M","R","BOSS","M","$","M","$","M","E","?","M","T","M","R","M","R","M","R","BOSS"],"items_purchased_type":["Card","Relic","Relic","Card"],"build_version":"2020-12-13","purchased_purges":3,"victory":true,"max_hp_per_floor":[75,75,75,75,75,75,75,75,75,75,75,75,75,75,75,75,75,75,75,75,75,75,75,75,75,75,75,75,75,75,75,75,75,75,75,75,75,75,75,75,75,75,75,75,75,75,75,75,75,75],"card_choices":[{"not_picked":["Conserve Battery","Streamline","Go for the Eyes"],"picked":"SKIP","floor":1},{"not_picked":["Darkness","Gash","Leap"],"picked":"SKIP","floor":2},{"not_picked":["Hologram","Skim","Compile Driver"],"picked":"SKIP","floor":5},{"not_picked":["Force Field","Steam"],"picked":"Electrodynamics","floor":7},{"not_picked":["Stack","Cold Snap"],"picked":"Glacier","floor":8},{"not_picked":["Tempest","Sweeping Beam","Conserve Battery"],"picked":"SKIP","floor":10},{"not_picked":["Blizzard","Coolheaded"],"picked":"Amplify","floor":11},{"not_picked":["ReplaySolidLightProjector","Recycle","Melter"],"picked":"SKIP","floor":14},{"not_picked":["Mirror Shield","Seek"],"picked":"Rainbow","floor":16},{"not_picked":["Panic Button","Compile Driver","Beam Cell"],"picked":"SKIP","floor":18},{"not_picked":["Redo+1","Stack","BootSequence"],"picked":"SKIP","floor":19},{"not_picked":["Glacier","Coolheaded","Darkness"],"picked":"SKIP","floor":21},{"not_picked":["Coolheaded","Darkness"],"picked":"Glacier","floor":21},{"not_picked":["Time Bomb","Streamline","Chaos"],"picked":"SKIP","floor":24},{"not_picked":["Consume","Ball Lightning","Blizzard"],"picked":"SKIP","floor":28},{"not_picked":["Echo Form","Ball Lightning","Rip and Tear"],"picked":"SKIP","floor":31},{"not_picked":["ReplayRNGCard","Electrodynamics"],"picked":"Rainbow","floor":33},{"not_picked":["Melter+1","Loop","Streamline"],"picked":"SKIP","floor":35},{"not_picked":["Steam+1","Barrage","Doom and Gloom+1"],"picked":"SKIP","floor":37},{"not_picked":["ReplayTheSpireMod:System Scan","Gash","Stack"],"picked":"SKIP","floor":39},{"not_picked":["Hyperbeam","Redo"],"picked":"FIFO Queue","floor":40},{"not_picked":["Cold Snap+1","Hologram+1","Undo+1"],"picked":"SKIP","floor":41},{"not_picked":["Rebound+1","Lockon","Go for the Eyes+1"],"picked":"SKIP","floor":42},{"not_picked":["Chaos","ReplayTheSpireMod:Calculation Training+1","Compile Driver+1"],"picked":"SKIP","floor":44},{"not_picked":["Leap+1","Sweeping Beam","Stack"],"picked":"SKIP","floor":46},{"not_picked":["Steam","Ball Lightning","hubris:Ukulele+1"],"picked":"SKIP","floor":48}],"player_experience":885638,"relics_obtained":[{"floor":9,"key":"InkBottle"},{"floor":14,"key":"Oddly Smooth Stone"},{"floor":22,"key":"Ring of Shattering"},{"floor":40,"key":"hubris:Zylophone"},{"floor":43,"key":"infinitespire:Midas Blood"}],"event_choices":[{"damage_healed":0,"gold_gain":0,"player_choice":"Forge","damage_taken":0,"max_hp_gain":0,"max_hp_loss":0,"event_name":"Accursed Blacksmith","floor":3,"gold_loss":0,"cards_upgraded":["Zap"]},{"damage_healed":0,"gold_gain":0,"player_choice":"Read","damage_taken":0,"max_hp_gain":0,"max_hp_loss":0,"event_name":"The Library","floor":29,"gold_loss":0,"cards_obtained":["Beam Cell"]},{"cards_removed":["Hallucinations"],"damage_healed":0,"gold_gain":0,"player_choice":"Purged","damage_taken":0,"max_hp_gain":0,"max_hp_loss":0,"event_name":"Purifier","floor":30,"gold_loss":0}],"is_beta":false,"boss_relics":[{"not_picked":["relicPack:ShieldShield","halation:MonkeysPaw"],"picked":"infinitespire:Cupcake"},{"not_picked":["ReplayTheSpireMod:SealedPack","halation:HeavySnake"],"picked":"CosmicIsotope"}],"items_purged_floors":[0,12,20],"is_endless":false,"potions_floor_spawned":[5,7,11,14,19,24,33,35,37,40,46],"ascension_level":0}}