{"host":"58syw52hqfl22t9m","time":1608184118,"event":{"mods":["2.2 Compatiblity","AchievementEnabler","BaseMod","Better Altar","Better Match","Better Note","Better Sensory Stone","Better Skull","Better Third Choice","BetterRewards","Block Reminder","Colored Map","Colored Powertips","DeckTracker","GifTheSpireLib","Highlight Path","Hubris","Minty Spire (QoL Compilation)","Permanent Neow","Random Character Button","Rare Cards Sparkle","Relic Stats","Replay The Spire","Shop Mod","Spicy Shops","StSLib","The Blue Laboratory"],"gold_per_floor":[109,109,120,120,19,47,62,72,72,90,108,108,135,153,153,252,252,272,272,283,0,17,17,29,29,29,44,44,44,61,81,81,179,179,192,192,235,248,266,145,145,145,145,160,173,185,205,219,219,219,219],"floor_reached":50,"playtime":3564,"items_purged":["ReplayTheSpireMod:Splinters"],"score":529,"play_id":"bd815c10-dd39-4c16-8274-6e27a192e81e","local_time":"20201216214838","is_ascension_mode":false,"campfire_choices":[{"floor":12,"key":"REST"},{"floor":15,"key":"REST"},{"floor":23,"key":"RECALL"},{"floor":25,"key":"REST"},{"data":"Infinite Blades","floor":32,"key":"SMITH"},{"floor":42,"key":"REST"},{"floor":49,"key":"REST"}],"circlet_count":0,"master_deck":["Strike_G","Strike_G","Strike_G","Strike_G","Strike_G","Defend_G","Defend_G+1","Defend_G","Defend_G","Defend_G","Survivor","Neutralize+1","Footwork","Slice","Infinite Blades+1","Dagger Throw","Quick Slash","Dagger Throw","Backflip","Terror","Slice+1","ReplayTheSpireMod:Scrap Shanks","ReplayTheSpireMod:Speed Training","Blade Dance+1","Deflect","Envenom","Endless Agony+1","Accuracy+1","Parasite","Backflip+1","Footwork"],"relics":["Ring of the Snake","Tiny Chest","Pantograph","Mango","White Beast Statue","Paper Crane","WristBlade","Pet Ghost","Strawberry","hubris:SlimyHat","Smiling Mask","Golden Egg","Mercury Hourglass","Replay:Bottled Steam"],"acts_visited":["Exordium","TheCity","TheBeyond"],"potions_floor_usage":[16,27,47,47,50],"damage_taken":[{"damage":1,"enemies":"Jaw Worm","floor":1,"turns":6},{"damage":1,"enemies":"2 Louse","floor":3,"turns":3},{"damage":27,"enemies":"Gremlin Nob","floor":6,"turns":7},{"damage":5,"enemies":"Small Slimes","floor":7,"turns":4},{"damage":0,"enemies":"Blue Slaver","floor":8,"turns":4},{"damage":1,"enemies":"2 Fungi Beasts","floor":10,"turns":2},{"damage":15,"enemies":"Lots of Slimes","floor":11,"turns":4},{"damage":13,"enemies":"Large Slime","floor":14,"turns":5},{"damage":0,"enemies":"The Guardian","floor":16,"turns":12},{"damage":0,"enemies":"Shell Parasite","floor":18,"turns":4},{"damage":3,"enemies":"Spheric Guardian","floor":20,"turns":5},{"damage":16,"enemies":"Shelled Parasite and Fungi","floor":22,"turns":4},{"damage":13,"enemies":"Centurion and Healer","floor":24,"turns":5},{"damage":1,"enemies":"Snake Plant","floor":27,"turns":6},{"damage":4,"enemies":"3 Cultists","floor":30,"turns":4},{"damage":1,"enemies":"Chosen and Byrds","floor":31,"turns":3},{"damage":21,"enemies":"hubris:MusketHawk","floor":33,"turns":7},{"damage":7,"enemies":"Orb Walker","floor":35,"turns":4},{"damage":24,"enemies":"3 Darklings","floor":38,"turns":5},{"damage":28,"enemies":"Maw","floor":39,"turns":6},{"damage":22,"enemies":"Writhing Mass","floor":44,"turns":5},{"damage":6,"enemies":"Transient","floor":45,"turns":5},{"damage":6,"enemies":"Maw","floor":46,"turns":5},{"damage":15,"enemies":"Jaw Worm Horde","floor":47,"turns":3},{"damage":19,"enemies":"Spire Growth","floor":48,"turns":5},{"damage":75,"enemies":"Donu and Deca","floor":50,"turns":5}],"seed_played":"-7165396741951187734","potions_obtained":[{"floor":6,"key":"DuplicationPotion"},{"floor":7,"key":"Swift Potion"},{"floor":10,"key":"CultistPotion"},{"floor":16,"key":"Ancient Potion"},{"floor":20,"key":"FairyPotion"},{"floor":24,"key":"Weak Potion"},{"floor":30,"key":"SkillPotion"},{"floor":33,"key":"blueLaboratory:BlinkPotion"},{"floor":38,"key":"AttackPotion"},{"floor":48,"key":"blueLaboratory:NinjaPotion"}],"is_trial":false,"path_per_floor":["M","?","M","?","$","E","M","M","T","M","M","R","T","M","R","B",null,"M","?","M","$","M","R","M","R","T","M","T","?","M","M","R","B",null,"M","?","?","M","M","$","T","R","T","M","M","M","M","M","R","B"],"character_chosen":"THE_SILENT","items_purchased":["Tiny Chest","Pantograph","Mango","Footwork","Infinite Blades","ReplayTheSpireMod:Scrap Shanks","Strawberry","Accuracy"],"campfire_rested":5,"item_purchase_floors":[0,0,0,0,5,21,21,40],"current_hp_per_floor":[83,83,82,65,65,38,33,33,33,32,17,42,42,29,54,79,84,84,84,81,88,72,72,59,86,86,85,85,85,81,80,80,70,91,84,84,84,60,32,32,32,59,59,37,31,25,10,19,46,0,0],"gold":219,"neow_bonus":"","is_daily":false,"chose_seed":false,"campfire_upgraded":1,"win_rate":0.0,"timestamp":1608184118,"path_taken":["M","?","M","?","?","E","M","M","T","M","M","R","?","?","R","BOSS","M","?","?","$","M","R","M","R","T","M","?","?","M","M","R","BOSS","M","?","?","M","M","$","?","R","T","M","?","M","M","M","R","BOSS"],"items_purchased_type":["Relic","Relic","Relic","Card","Card","Card","Relic","Card"],"build_version":"2020-12-13","purchased_purges":1,"victory":false,"max_hp_per_floor":[84,84,84,84,84,84,84,84,84,84,84,84,84,84,84,84,84,84,84,84,91,91,91,91,91,91,91,91,91,91,91,91,91,91,91,91,91,91,91,91,91,91,91,91,91,91,91,91,91,91,91],"relic_stats":{"counters":[26,128],"Pantograph":61,"Tiny Chest":3,"Smiling Mask":25,"obtain_stats":[{"Golden Egg":37,"Mango":0,"hubris:SlimyHat":26,"Paper Crane":9,"Smiling Mask":28,"White Beast Statue":6,"Pet Ghost":19,"Mercury Hourglass":41,"WristBlade":17,"Pantograph":0,"Strawberry":21,"Tiny Chest":0,"Ring of the Snake":0,"Replay:Bottled Steam":43},{"Golden Egg":18,"Mango":0,"hubris:SlimyHat":13,"Paper Crane":5,"Smiling Mask":14,"White Beast Statue":3,"Pet Ghost":10,"Mercury Hourglass":20,"WristBlade":9,"Pantograph":0,"Strawberry":11,"Tiny Chest":0,"Ring of the Snake":0,"Replay:Bottled Steam":20},{"Golden Egg":89,"Mango":0,"hubris:SlimyHat":65,"Paper Crane":24,"Smiling Mask":71,"White Beast Statue":16,"Pet Ghost":51,"Mercury Hourglass":100,"WristBlade":47,"Pantograph":0,"Strawberry":56,"Tiny Chest":0,"Ring of the Snake":0,"Replay:Bottled Steam":100}],"Ring of the Snake":[52],"Mercury Hourglass":[75]},"card_choices":[{"not_picked":["Choke","Sneak Up","Outmaneuver"],"picked":"SKIP","floor":1},{"not_picked":["Outmaneuver","Replay:Poison Smokescreen"],"picked":"Slice","floor":3},{"not_picked":["Hidden Blade","Night Terror"],"picked":"Dagger Throw","floor":6},{"not_picked":["Dagger Spray","Concentrate"],"picked":"Quick Slash","floor":7},{"not_picked":["All Out Attack","ReplayTheSpireMod:Shiv Toss"],"picked":"Dagger Throw","floor":8},{"not_picked":["ReplayTheSpireMod:Shiv Toss","Slice"],"picked":"Cloak And Dagger","floor":10},{"not_picked":["Fluid Movement","Quick Slash"],"picked":"Backflip","floor":11},{"not_picked":["hubris:SlightOfHand","Skewer"],"picked":"Terror","floor":14},{"not_picked":["Deadly Poison","Riddle With Holes","Dagger Spray"],"picked":"SKIP","floor":18},{"not_picked":["Fluid Movement","hubris:SlightOfHand"],"picked":"Slice+1","floor":20},{"not_picked":["Flying Knee","Acrobatics+1"],"picked":"ReplayTheSpireMod:Speed Training","floor":22},{"not_picked":["Eviscerate","Flying Knee","Hidden Blade"],"picked":"SKIP","floor":24},{"not_picked":["Acrobatics+1","Dagger Throw"],"picked":"Blade Dance+1","floor":27},{"not_picked":["Bane","ReplayTheSpireMod:Scrap Shanks","Distraction"],"picked":"SKIP","floor":30},{"not_picked":["Bane+1","Reflex"],"picked":"Deflect","floor":31},{"not_picked":["A Thousand Cuts","Die Die Die"],"picked":"Envenom","floor":33},{"not_picked":["Cloak And Dagger+1","hubris:TrickCloak","hubris:SlightOfHand+1"],"picked":"SKIP","floor":35},{"not_picked":["Well Laid Plans","ReplayTheSpireMod:Speed Training"],"picked":"Endless Agony+1","floor":37},{"not_picked":["Deadly Poison","Calculated Gamble+1","Deflect"],"picked":"SKIP","floor":38},{"not_picked":["Dodge and Roll+1","hubris:SlightOfHand+1","Predator"],"picked":"SKIP","floor":39},{"not_picked":["Concentrate+1","ReplayTheSpireMod:Shiv Toss+1","Poisoned Stab"],"picked":"SKIP","floor":44},{"not_picked":["Deflect+1","Escape Plan+1","hubris:SlightOfHand"],"picked":"SKIP","floor":45},{"not_picked":["Dagger Spray","Sucker Punch+1"],"picked":"Backflip+1","floor":46},{"not_picked":["ReplayTheSpireMod:Tripwire","Concentrate"],"picked":"Footwork","floor":47},{"not_picked":["PiercingWail","Skewer+1","ReplayTheSpireMod:From All Sides"],"picked":"SKIP","floor":48}],"player_experience":411943,"relics_obtained":[{"floor":6,"key":"White Beast Statue"},{"floor":9,"key":"Paper Crane"},{"floor":26,"key":"hubris:SlimyHat"},{"floor":28,"key":"Smiling Mask"},{"floor":37,"key":"Golden Egg"},{"floor":41,"key":"Mercury Hourglass"},{"floor":43,"key":"Replay:Bottled Steam"}],"event_choices":[{"damage_healed":0,"gold_gain":1,"player_choice":"1","damage_taken":0,"max_hp_gain":0,"max_hp_loss":0,"event_name":"betterStone:BetterStone","floor":2,"gold_loss":0},{"damage_healed":82,"gold_gain":0,"player_choice":"Upgrade","damage_taken":17,"max_hp_gain":0,"max_hp_loss":84,"event_name":"betterThird:BetterShining","floor":4,"gold_loss":0,"cards_upgraded":["Neutralize","Defend_G"]},{"damage_healed":0,"gold_gain":0,"player_choice":"Gave Potion","damage_taken":0,"relics_obtained":["Pet Ghost"],"max_hp_gain":0,"max_hp_loss":0,"event_name":"WeMeetAgain","floor":19,"gold_loss":0},{"damage_healed":0,"gold_gain":0,"player_choice":"Ignored","damage_taken":0,"max_hp_gain":0,"max_hp_loss":0,"event_name":"Transmorgrifier","floor":29,"gold_loss":0},{"cards_removed":["Cloak And Dagger"],"damage_healed":0,"gold_gain":0,"player_choice":"Removed Skill","damage_taken":0,"max_hp_gain":0,"max_hp_loss":0,"event_name":"Falling","floor":36,"gold_loss":0}],"is_beta":false,"boss_relics":[{"not_picked":["Replay:Bronze Core","Ring of the Serpent"],"picked":"WristBlade"},{"not_picked":["Ring of Chaos","Kintsugi","HoveringKite"]}],"items_purged_floors":[40],"is_endless":false,"potions_floor_spawned":[6,7,8,10,11,14,16,18,20,22,24,27,30,31,33,35,38,39,44,45,46,47,48],"killed_by":"Donu and Deca","ascension_level":0}}