{"host":"Sumable","time":1608237138,"event":{"mods":["AchievementEnabler","BaseMod","Better Note","BetterRewards","Googly Eyes","Hermit","Minty Spire (QoL Compilation)","Quick Restart","Shop Mod","StSLib","The Cursed","everything is the same but u backflip on backflip","slay the spire mod where everything is the same but ironclad has a cowboy hat"],"gold_per_floor":[119,119,129,78,78,107,117,148,226,226,241,269,7,19,19,120,120,132,57,57,57,76,76,76,76,129,129,129,78,78,94,94,94,94],"floor_reached":33,"playtime":1838,"items_purged":[],"score":458,"play_id":"82a52898-3717-4cae-a970-a88fa95a22f2","local_time":"20201217133218","is_ascension_mode":true,"campfire_choices":[{"data":"Searing Blow","floor":10.0,"key":"SMITH"},{"floor":15.0,"key":"REST"},{"data":"Searing Blow+1","floor":23.0,"key":"SMITH"},{"data":"Searing Blow+2","floor":27.0,"key":"SMITH"},{"floor":32.0,"key":"REST"}],"circlet_count":0,"master_deck":["AscendersBane","Strike_R","Strike_R","Strike_R","Strike_R","Defend_R","Defend_R","Defend_R","Bash","Inflame","Searing Blow+3","Armaments","Purity","Armaments","Shrug It Off","Offering"],"relics":["Black Blood","NeowsBlessing","Calipers","Omamori","Letter Opener","Girya","Meat on the Bone","Vajra","Tiny Chest","Oddly Smooth Stone","Nilry\u0027s Codex"],"acts_visited":["Exordium","TheCity"],"potions_floor_usage":[],"damage_taken":[{"damage":0.0,"enemies":"Cultist","floor":1.0,"turns":1.0},{"damage":0.0,"enemies":"2 Louse","floor":3.0,"turns":1.0},{"damage":0.0,"enemies":"3 Sentries","floor":6.0,"turns":2.0},{"damage":3.0,"enemies":"Jaw Worm","floor":7.0,"turns":4.0},{"damage":29.0,"enemies":"Gremlin Nob","floor":8.0,"turns":4.0},{"damage":16.0,"enemies":"Blue Slaver","floor":11.0,"turns":4.0},{"damage":30.0,"enemies":"Lagavulin","floor":12.0,"turns":7.0},{"damage":11.0,"enemies":"Large Slime","floor":14.0,"turns":7.0},{"damage":42.0,"enemies":"The Guardian","floor":16.0,"turns":19.0},{"damage":35.0,"enemies":"Chosen","floor":18.0,"turns":7.0},{"damage":41.0,"enemies":"Shell Parasite","floor":22.0,"turns":15.0},{"damage":23.0,"enemies":"Centurion and Healer","floor":31.0,"turns":6.0},{"damage":55,"enemies":"Collector","floor":33,"turns":7}],"seed_played":"4760185685021355979","potions_obtained":[{"floor":1.0,"key":"DuplicationPotion"},{"floor":3.0,"key":"FearPotion"},{"floor":7.0,"key":"FearPotion"},{"floor":22.0,"key":"FearPotion"}],"is_trial":false,"path_per_floor":["M","$","M","$","?","E","M","E","T","R","M","E","$","M","R","B",null,"M","?","?","$","M","R","T","?","T","R","?","$","?","M","R","B"],"character_chosen":"IRONCLAD","items_purchased":["Armaments","Meat on the Bone","Swift Potion"],"campfire_rested":2,"item_purchase_floors":[4,13,29],"current_hp_per_floor":[78,78,80,80,80,80,80,57,57,57,47,23,23,30,54,30,68,57,57,57,57,40,40,40,40,40,40,24,24,24,25,49,0,0],"gold":94,"neow_bonus":"THREE_ENEMY_KILL","is_daily":false,"chose_seed":false,"campfire_upgraded":3,"win_rate":0.0,"timestamp":1608237138,"path_taken":["M","$","M","$","?","E","M","E","T","R","M","E","$","?","R","BOSS","M","?","?","?","M","R","?","?","T","R","?","$","?","M","R","BOSS"],"items_purchased_type":["Card","Relic","Potion"],"build_version":"2020-12-07","purchased_purges":0,"victory":false,"max_hp_per_floor":[80,80,80,80,80,80,80,80,80,80,80,80,80,80,80,80,80,80,80,80,80,80,80,80,80,80,80,80,80,80,80,80,80,80],"card_choices":[{"not_picked":["Pummel","Intimidate"],"picked":"Inflame","floor":1.0},{"not_picked":["Thunderclap","Intimidate"],"picked":"Searing Blow","floor":3.0},{"not_picked":["Thunderclap","True Grit"],"picked":"Armaments","floor":6.0},{"not_picked":["Power Through","Battle Trance","Second Wind"],"picked":"SKIP","floor":7.0},{"not_picked":["Thunderclap","Dropkick"],"picked":"Shrug It Off","floor":8.0},{"not_picked":["Body Slam","Pommel Strike","Iron Wave"],"picked":"SKIP","floor":11.0},{"not_picked":["Anger","Warcry","Demon Form"],"picked":"SKIP","floor":12.0},{"not_picked":["True Grit","Anger","Clash"],"picked":"SKIP","floor":14.0},{"not_picked":["Bludgeon","Demon Form"],"picked":"Offering","floor":16.0},{"not_picked":["Iron Wave","Clothesline","Flame Barrier"],"picked":"SKIP","floor":18.0},{"not_picked":["Anger","Battle Trance","Warcry"],"picked":"SKIP","floor":22.0},{"not_picked":["Reckless Charge","Havoc","Dark Embrace"],"picked":"SKIP","floor":31.0}],"player_experience":1006818,"relics_obtained":[{"floor":6.0,"key":"Calipers"},{"floor":8.0,"key":"Omamori"},{"floor":9.0,"key":"Letter Opener"},{"floor":12.0,"key":"Girya"},{"floor":24.0,"key":"Vajra"},{"floor":26.0,"key":"Oddly Smooth Stone"},{"floor":28.0,"key":"Nilry\u0027s Codex"}],"event_choices":[{"damage_healed":0.0,"max_hp_gain":0.0,"max_hp_loss":0.0,"gold_gain":0.0,"event_name":"Match and Keep!","player_choice":"1 cards matched","floor":5.0,"gold_loss":0.0,"damage_taken":0.0,"cards_obtained":["Purity"]},{"cards_removed":["Defend_R"],"damage_healed":0.0,"max_hp_gain":0.0,"max_hp_loss":0.0,"gold_gain":0.0,"event_name":"Beggar","player_choice":"Gave Gold","floor":19.0,"gold_loss":75.0,"damage_taken":0.0},{"cards_removed":["Strike_R"],"damage_healed":0.0,"max_hp_gain":0.0,"max_hp_loss":0.0,"gold_gain":0.0,"event_name":"Back to Basics","player_choice":"Elegance","floor":20.0,"gold_loss":0.0,"damage_taken":0.0},{"damage_healed":0.0,"max_hp_gain":0.0,"max_hp_loss":0.0,"gold_gain":0.0,"event_name":"The Mausoleum","player_choice":"Opened","floor":25.0,"gold_loss":0.0,"damage_taken":0.0,"relics_obtained":["Tiny Chest"]},{"damage_healed":0.0,"max_hp_gain":0.0,"max_hp_loss":0.0,"gold_gain":0.0,"event_name":"Cursed Tome","player_choice":"Obtained Book","floor":28.0,"gold_loss":0.0,"damage_taken":16.0}],"is_beta":true,"boss_relics":[{"not_picked":["Tiny House","Astrolabe"],"picked":"Black Blood"}],"items_purged_floors":[],"is_endless":false,"potions_floor_spawned":[1,3,7,22],"killed_by":"Collector","ascension_level":12}}