{"host":"9s5pd4ub2gisjqzu","time":1608172953,"event":{"mods":["2.2 Compatiblity","BaseMod","Better Synergies","Googly Eyes","Infinite Spire","Minty Spire (QoL Compilation)","Spicy Shops","StSLib"],"gold_per_floor":[119,137,137,155,7,24,36,59,71,46,60,76,76,96,96,199,199,219,219,229,240,250,250,250,250,303,77,77,98,111,128,128,223,223,241,241,259,273,287,287,309,635,635,635,654,158,177,192,192,194],"floor_reached":51,"playtime":2196,"items_purged":["Doom and Gloom","infinitespire:UltimateForm+1"],"score":828,"play_id":"80ab73c5-ed0b-405c-91dd-81ff896f4647","local_time":"20201216204233","daily_mods":["Hoarder","Vintage","Heirloom","Time Dilation","Flight","Binary"],"is_ascension_mode":false,"campfire_choices":[{"data":"Dualcast","floor":7,"key":"SMITH"},{"data":"Defend_B","floor":13,"key":"SMITH"},{"floor":15,"key":"REST"},{"data":"infinitespire:Oblivion","floor":23,"key":"SMITH"},{"data":"infinitespire:Oblivion","floor":24,"key":"SMITH"},{"data":"infinitespire:Oblivion","floor":25,"key":"SMITH"},{"data":"Defend_B","floor":28,"key":"SMITH"},{"data":"Defend_B","floor":32,"key":"SMITH"},{"data":"Defend_B","floor":40,"key":"SMITH"},{"floor":44,"key":"REST"},{"data":"1","floor":49,"key":"LIFT"}],"circlet_count":0,"master_deck":["Strike_B+1","Strike_B","Strike_B","Strike_B","Defend_B+1","Defend_B+1","Defend_B+1","Defend_B+1","Zap+1","Dualcast+1","Doom and Gloom","Doom and Gloom+1","infinitespire:Oblivion+1","infinitespire:Oblivion+1","infinitespire:Oblivion+1","infinitespire:UltimateForm+1","Leap+1","Leap","Leap+1"],"relics":["Unceasing Top","Busted Crown","infinitespire:Magic Flask","Mummified Hand","Lizard Tail","Meat on the Bone","Membership Card","MawBank","InkBottle","Mango","infinitespire:FocusingShard","White Beast Statue","Question Card","SacredBark","Incense Burner","infinitespire:Midas Blood","Bird Faced Urn","Gremlin Horn","infinitespire:Joker Card","Whetstone","infinitespire:Lucky Rock","Emotion Chip","PreservedInsect","Bottled Flame","Frozen Egg 2","Black Star","Potion Belt","Runic Capacitor","DataDisk","MealTicket","StoneCalendar","Old Coin","The Courier","Cables","War Paint","Girya","Strawberry","Lantern","infinitespire:BottledMercury","infinitespire:Beetle Shell","Oddly Smooth Stone"],"acts_visited":["Exordium","TheCity","TheBeyond"],"potions_floor_usage":[37,50],"damage_taken":[{"damage":0,"enemies":"2 Louse","floor":1,"turns":3},{"damage":4,"enemies":"Cultist","floor":2,"turns":4},{"damage":2,"enemies":"Small Slimes","floor":4,"turns":3},{"damage":8,"enemies":"2 Fungi Beasts","floor":6,"turns":3},{"damage":22,"enemies":"Exordium Wildlife","floor":8,"turns":5},{"damage":5,"enemies":"Looter","floor":11,"turns":4},{"damage":0,"enemies":"Large Slime","floor":12,"turns":3},{"damage":6,"enemies":"Exordium Wildlife","floor":14,"turns":3},{"damage":2,"enemies":"Slime Boss","floor":16,"turns":6},{"damage":8,"enemies":"Shell Parasite","floor":18,"turns":5},{"damage":0,"enemies":"Spheric Guardian","floor":20,"turns":2},{"damage":0,"enemies":"Centurion and Healer","floor":21,"turns":3},{"damage":0,"enemies":"Snake Plant","floor":22,"turns":3},{"damage":8,"enemies":"Shelled Parasite and Fungi","floor":29,"turns":2},{"damage":0,"enemies":"Snecko","floor":30,"turns":2},{"damage":0,"enemies":"Centurion and Healer","floor":31,"turns":2},{"damage":0,"enemies":"Automaton","floor":33,"turns":4},{"damage":3,"enemies":"3 Darklings","floor":35,"turns":2},{"damage":6,"enemies":"Orb Walker","floor":37,"turns":3},{"damage":8,"enemies":"4 Shapes","floor":38,"turns":3},{"damage":2,"enemies":"Spire Growth","floor":39,"turns":3},{"damage":7,"enemies":"Writhing Mass","floor":41,"turns":4},{"damage":20,"enemies":"Sphere and 2 Shapes","floor":42,"turns":2},{"damage":5,"enemies":"Spire Growth","floor":45,"turns":3},{"damage":0,"enemies":"Transient","floor":47,"turns":5},{"damage":0,"enemies":"4 Shapes","floor":48,"turns":3},{"damage":3,"enemies":"Donu and Deca","floor":50,"turns":6}],"seed_played":"-6454166329772437720","potions_obtained":[{"floor":4,"key":"PowerPotion"},{"floor":14,"key":"ColorlessPotion"},{"floor":16,"key":"Dexterity Potion"},{"floor":18,"key":"SkillPotion"},{"floor":20,"key":"DuplicationPotion"},{"floor":35,"key":"SkillPotion"},{"floor":37,"key":"LiquidBronze"},{"floor":38,"key":"infinitespire:BlackPotion"}],"is_trial":true,"path_per_floor":["M","M","?","M","$","M","R","M","T","$","M","M","R","M","R","B",null,"M","AVR","M","M","M","R","R","R","T","$","R","M","M","M","R","B",null,"M","AVR","M","M","M","R","M","M","T","R","M","$","M","M","R","B",null],"character_chosen":"DEFECT","items_purchased":["Membership Card","Doom and Gloom","infinitespire:Lucky Rock","Emotion Chip","FairyPotion","Leap","War Paint","Girya","Strawberry","Lantern","infinitespire:BottledMercury"],"campfire_rested":2,"item_purchase_floors":[5,10,27,27,46,46,46,46,46,46,46],"current_hp_per_floor":[75,71,71,69,69,61,61,39,53,53,48,48,48,54,80,78,89,81,81,81,81,81,81,81,81,81,81,81,73,73,73,73,73,89,86,86,80,74,72,72,67,47,47,71,66,87,87,87,87,84],"gold":194,"neow_bonus":"","is_daily":false,"chose_seed":false,"campfire_upgraded":8,"win_rate":0.0,"timestamp":1608172953,"path_taken":["M","M","?","M","$","M","R","M","T","$","M","M","R","M","R","BOSS","M","AVR","M","M","M","R","R","R","T","$","R","M","M","M","R","BOSS","M","AVR","M","M","M","R","M","M","T","R","M","$","M","M","R","BOSS"],"items_purchased_type":["Relic","Card","Relic","Relic","Potion","Card","Relic","Relic","Relic","Relic","Relic"],"build_version":"2020-12-13","purchased_purges":2,"victory":true,"max_hp_per_floor":[75,75,75,75,75,75,75,75,89,89,89,89,89,89,89,89,89,89,89,89,89,89,89,89,89,89,89,89,89,89,89,89,89,89,89,89,89,89,89,89,89,80,80,80,80,87,87,87,87,87],"card_choices":[],"player_experience":282460,"relics_obtained":[{"floor":1,"key":"Mummified Hand"},{"floor":2,"key":"Lizard Tail"},{"floor":4,"key":"Meat on the Bone"},{"floor":6,"key":"MawBank"},{"floor":8,"key":"InkBottle"},{"floor":9,"key":"Mango"},{"floor":11,"key":"infinitespire:FocusingShard"},{"floor":12,"key":"White Beast Statue"},{"floor":14,"key":"Question Card"},{"floor":18,"key":"Incense Burner"},{"floor":20,"key":"Bird Faced Urn"},{"floor":21,"key":"Gremlin Horn"},{"floor":22,"key":"infinitespire:Joker Card"},{"floor":26,"key":"Whetstone"},{"floor":29,"key":"PreservedInsect"},{"floor":30,"key":"Bottled Flame"},{"floor":31,"key":"Frozen Egg 2"},{"floor":35,"key":"Potion Belt"},{"floor":37,"key":"DataDisk"},{"floor":38,"key":"MealTicket"},{"floor":41,"key":"StoneCalendar"},{"floor":42,"key":"Old Coin"},{"floor":43,"key":"The Courier"},{"floor":45,"key":"Cables"},{"floor":47,"key":"infinitespire:Beetle Shell"},{"floor":48,"key":"Oddly Smooth Stone"}],"event_choices":[{"damage_healed":0,"gold_gain":0,"player_choice":"Grow","damage_taken":0,"max_hp_gain":0,"max_hp_loss":0,"event_name":"Living Wall","floor":3,"gold_loss":0,"cards_upgraded":["Zap"]}],"is_beta":false,"boss_relics":[{"not_picked":["Velvet Choker","Runic Dome"],"picked":"SacredBark"},{"not_picked":["Calling Bell","Coffee Dripper"],"picked":"Black Star"}],"items_purged_floors":[19,36],"is_endless":false,"potions_floor_spawned":[4,14,16,18,20,21,22,29,30,31,33,35,37,38,39,41,42,45,47,48],"ascension_level":0}}