{"host":"k4e6oxvdzzmkrew5","time":1608166914,"event":{"mods":["AchievementEnabler","BaseMod","BetterRewards","Clawfect","Colored Map","Custom Start","Highlight Path","Minty Spire (QoL Compilation)","Permanent Neow","Remove Card Discount Mod","Replay The Spire","Shop Mod","StSLib","Unceasing Turn Reminder"],"gold_per_floor":[118,1076,1092,119,129,159,169,194,194,194,205,221,221,236,236,340,340,357,357,375,375,1305,1305,755,755,755,670,670,684,714,727,727,829,929,939,319,2000,2010,2020,2020,2070,2070,2070,2070,2070,2085,2096,2096,2107,2120,2120,2120,2120,2120,126,187,263],"floor_reached":58,"playtime":5364,"items_purged":["Thunder Strike","ReplayTheSpireMod:System Scan","Parasite"],"score":1591,"play_id":"0f0b65a7-fbe6-4403-a81c-b5b7432b7bff","local_time":"20201216190154","is_ascension_mode":false,"campfire_choices":[{"floor":10,"key":"REST"},{"floor":23,"key":"RECALL"},{"data":"1","floor":25,"key":"LIFT"},{"data":"2","floor":28,"key":"LIFT"},{"data":"Double Energy","floor":32,"key":"SMITH"},{"data":"3","floor":40,"key":"LIFT"},{"floor":48,"key":"DIG"},{"data":"Delirium","floor":51,"key":"PURGE"},{"data":"Double Energy","floor":54,"key":"SMITH"}],"circlet_count":1,"master_deck":["Gash+1","Gash+1","Gash+1","Gash+1","Genetic Algorithm+1","Loop+1","Hello World","Clawfect:ClawForTheEyes","Clawfect:ClawLightning","Clawfect:ClawForTheEyes+1","White Noise","Clawfect:ClawForTheEyes","Clawfect:ClawCell","Clawfect:ClawAndGloom","Storm","Clawfect:Clawrage","Panic Button","ReplayTheSpireMod:Calculation Training","Self Repair","Coolheaded+1","Clawfect:ClawingBeam","Clawfect:Clawline","Loop+1","ReplayGash","Defragment+1","Redo+1","Trip","Buffer+1","Redo+1","Capacitor+1","Heatsinks+1","ReplayTheSpireMod:Calculation Training+1","Double Energy+1","Clawfect:ClawForOne+1","Tempest","Machine Learning+1","CurseOfTheBell","Chaos","Consume+1","Double Energy+1","Panic Button+1","BasicCrystalCard+1","Biased Cognition+1","Clawfect:ClawCell+1","ReplayUltimateDefense+1","ReplaySolidLightProjector+1","Echo Form+1","Blizzard+1","CommonCold"],"relics":["Pandora\u0027s Box","Symbiotic Virus","Medical Kit","Sundial","Girya","Bronze Scales","Chemical X","MerchantsRug","Prayer Wheel","Ice Cream","Bag of Preparation","Frozen Egg 2","Philosopher\u0027s Stone","Guide Book","Kunai","Letter Opener","Replay:Rubber Ducky","MealTicket","Frozen Eye","Replay:Multitool","Replay:Kaleidoscope","Regal Pillow","Replay:Grab Bag","Fusion Hammer","Replay:Wanted Poster","SacredBark","Calling Bell","Blue Doll","Replay:Bottled Steam","Turnip","Runic Capacitor","Dream Catcher","Art of War","Ring of Panic","Ring of Greed","The Courier","Tiny Chest","Lantern","Ornamental Fan","OrangePellets","Cables","Geode","Replay:Arrowhead","Carrot","Replay:Accelerometer","Gremlin Food","Replay:WaspNest","War Paint","Shuriken","Mercury Hourglass","Replay:Bottled Eggs","Bird Faced Urn","Boot","Snack Pack","Oddly Smooth Stone","TungstenRod","Pen Nib","Nunchaku","Pondfish Scales","Pear","Bottled Lightning","ReplayTheSpireMod:Lightbulb","Solar Panel","Anchor","Divine Protection","ReplayFunnel","Blood Vial","Quantum Egg","Bottled Tornado","Lizard Tail","Centennial Puzzle","StoneCalendar","Garlic","Strawberry","Replay:PocketPolymizer","Orichalcum","ReplayTheSpireMod:TigerMarble","Bag of Marbles","Durian","Blue Candle","Eternal Feather","Bottled Flame","Vajra","Replay:Bottled Snecko","Replay:Mystery Machine","Toy Ornithopter","Chameleon Ring","Whetstone","FossilizedHelix","DataDisk","Replay:Wax Seal","Happy Flower","Replay:Bandana","Pet Ghost","White Beast Statue","Onion Ring","Replay:Antivirus Software","Replay:Baseball","Golden Egg","InkBottle","Mummified Hand","CaptainsWheel","Replay:Ringing Soul","HornCleat","Iron Hammer","Gremlin Horn","Mirror","ReplayTheSpireMod:Ninjato","ReplayTheSpireMod:Shallot","Pantograph","Ginger","Counterbalance","Pocketwatch","Calipers","Thread and Needle","Torii","Emotion Chip","Mango","Incense Burner","Unceasing Top","Replay:Towering Pillar of Hats","Gambling Chip","Circlet"],"acts_visited":["Exordium","TheCity","TheBeyond","TheEnding"],"potions_floor_usage":[5,6,6,8,16,30,33,33,47,52,52,52,57,57,57],"damage_taken":[{"damage":6,"enemies":"Cultist","floor":1,"turns":3},{"damage":10,"enemies":"Jaw Worm","floor":3,"turns":3},{"damage":7,"enemies":"Small Slimes","floor":5,"turns":2},{"damage":0,"enemies":"Lagavulin","floor":6,"turns":4},{"damage":21,"enemies":"Exordium Wildlife","floor":7,"turns":3},{"damage":10,"enemies":"Gremlin Nob","floor":8,"turns":3},{"damage":0,"enemies":"Looter","floor":11,"turns":2},{"damage":2,"enemies":"Exordium Thugs","floor":12,"turns":3},{"damage":5,"enemies":"Blue Slaver","floor":14,"turns":2},{"damage":29,"enemies":"The Guardian","floor":16,"turns":5},{"damage":13,"enemies":"2 Thieves","floor":18,"turns":3},{"damage":12,"enemies":"Chosen","floor":20,"turns":3},{"damage":6,"enemies":"Sentry and Sphere","floor":29,"turns":3},{"damage":9,"enemies":"Replay:Snechameleon","floor":30,"turns":4},{"damage":8,"enemies":"Snake Plant","floor":31,"turns":3},{"damage":0,"enemies":"Champ","floor":33,"turns":4},{"damage":12,"enemies":"3 Shapes","floor":35,"turns":2},{"damage":0,"enemies":"3 Darklings","floor":38,"turns":3},{"damage":10,"enemies":"4 Shapes","floor":39,"turns":3},{"damage":16,"enemies":"Sphere and 2 Shapes","floor":46,"turns":3},{"damage":0,"enemies":"Maw","floor":47,"turns":5},{"damage":18,"enemies":"Transient","floor":49,"turns":5},{"damage":0,"enemies":"Writhing Mass","floor":50,"turns":3},{"damage":0,"enemies":"Donu and Deca","floor":52,"turns":3},{"damage":0,"enemies":"Shield and Spear","floor":56,"turns":2},{"damage":0,"enemies":"The Heart","floor":57,"turns":3}],"seed_played":"-741038839038899912","potions_obtained":[{"floor":5,"key":"PowerPotion"},{"floor":7,"key":"FocusPotion"},{"floor":8,"key":"PotionOfCapacity"},{"floor":12,"key":"Strength Potion"},{"floor":14,"key":"Energy Potion"},{"floor":16,"key":"Weak Potion"},{"floor":20,"key":"LifebloodPotion"},{"floor":29,"key":"LifebloodPotion"},{"floor":35,"key":"ColorlessPotion"},{"floor":39,"key":"EssenceOfSteel"},{"floor":50,"key":"PowerPotion"}],"is_trial":false,"path_per_floor":["M","$","M","$","M","E","M","E","T","R","M","M","T","M","R_BF","B",null,"M","?","M","?","$","R","$","R","T","?","R","M","E","M","R","B",null,"M","$","?","M","M","R","?","?","T","PTL","PTL","M","M","R","M","M","R_BF","B",null,"R","$","E","B",null],"character_chosen":"DEFECT","items_purchased":["Symbiotic Virus","Medical Kit","Sundial","Toxic Potion","PotionOfCapacity","Clawfect:ClawLightning","Clawfect:ClawForTheEyes","White Noise","Girya","Bronze Scales","Chemical X","Clawfect:ClawCell","Clawfect:ClawAndGloom","SkillPotion","Storm","MerchantsRug","Guide Book","Trip","Buffer+1","Kunai","Letter Opener","Reflective Coating","Replay:Rubber Ducky","MealTicket","Frozen Eye","Redo+1","Capacitor+1","Runic Capacitor","Dream Catcher","Art of War","LiquidBronze","Strength Potion","Consume+1","OrangePellets","Cables","Geode","Replay:Arrowhead","Carrot","Replay:Accelerometer","Gremlin Food","SkillPotion","Energy Potion","Explosive Potion","Replay:WaspNest","War Paint","Shuriken","Mercury Hourglass","Replay:Bottled Eggs","Blizzard+1","Bird Faced Urn","Boot","Snack Pack","Oddly Smooth Stone","TungstenRod","Pen Nib","Nunchaku","Pondfish Scales","Pear","Bottled Lightning","ReplayTheSpireMod:Lightbulb","Solar Panel","Anchor","Divine Protection","ReplayFunnel","Blood Vial","Quantum Egg","Bottled Tornado","Lizard Tail","Centennial Puzzle","StoneCalendar","Garlic","Strawberry","Replay:PocketPolymizer","Orichalcum","ReplayTheSpireMod:TigerMarble","Bag of Marbles","Durian","Blue Candle","Eternal Feather","Bottled Flame","Vajra","Replay:Bottled Snecko","Replay:Mystery Machine","Toy Ornithopter","Chameleon Ring","Languid Potion","EssenceOfDarkness","Venom Potion","Dexterity Potion","Adrenaline Potion","Reflective Coating","Whetstone","FossilizedHelix","DataDisk","Replay:Wax Seal","Happy Flower","Replay:Bandana","Pet Ghost","White Beast Statue","Onion Ring","Replay:Antivirus Software","Replay:Baseball","Golden Egg","InkBottle","Mummified Hand","CaptainsWheel","Replay:Ringing Soul","HornCleat","Iron Hammer","Gremlin Horn","Mirror","ReplayTheSpireMod:Ninjato","ReplayTheSpireMod:Shallot","Pantograph","Ginger","Counterbalance","Pocketwatch","Calipers","Thread and Needle","Torii","Emotion Chip","Mango","Incense Burner","Unceasing Top","Replay:Towering Pillar of Hats","Gambling Chip"],"campfire_rested":1,"item_purchase_floors":[2,2,2,2,2,2,2,2,4,4,4,4,4,4,4,4,22,22,22,22,22,22,24,24,24,24,24,36,36,36,36,36,36,55,55,55,55,55,55,55,55,55,55,55,55,55,55,55,55,55,55,55,55,55,55,55,55,55,55,55,55,55,55,55,55,55,55,55,55,55,55,55,55,55,55,55,55,55,55,55,55,55,55,55,55,55,55,55,55,55,55,55,55,55,55,55,55,55,55,55,55,55,55,55,55,55,55,55,55,55,55,55,55,55,55,55,55,55,55,55,55,55,55,55,55,55],"current_hp_per_floor":[69,69,59,59,52,52,31,21,21,43,43,48,48,43,65,36,75,69,69,57,57,57,57,57,57,57,57,57,58,56,48,48,55,75,70,75,75,75,65,65,65,65,65,65,65,49,59,59,41,48,48,48,75,75,108,111,111],"gold":263,"neow_bonus":"BOSS_RELIC","is_daily":false,"chose_seed":false,"campfire_upgraded":2,"win_rate":0.0,"timestamp":1608166914,"path_taken":["M","?","M","$","M","E","M","E","T","R","M","M","?","M","R_BF","BOSS","M","?","?","?","$","R","?","R","T","?","R","M","E","M","R","BOSS","M","$","?","M","M","R","?","?","T","PTL","PTL","M","M","R","M","M","R_BF","BOSS","R","$","E","BOSS"],"items_purchased_type":["Relic","Relic","Relic","Potion","Potion","Card","Card","Card","Relic","Relic","Relic","Card","Card","Potion","Card","Relic","Relic","Card","Card","Relic","Relic","Potion","Relic","Relic","Relic","Card","Card","Relic","Relic","Relic","Potion","Potion","Card","Relic","Relic","Relic","Relic","Relic","Relic","Relic","Potion","Potion","Potion","Relic","Relic","Relic","Relic","Relic","Card","Relic","Relic","Relic","Relic","Relic","Relic","Relic","Relic","Relic","Relic","Relic","Relic","Relic","Relic","Relic","Relic","Relic","Relic","Relic","Relic","Relic","Relic","Relic","Relic","Relic","Relic","Relic","Relic","Relic","Relic","Relic","Relic","Relic","Relic","Relic","Relic","Potion","Potion","Potion","Potion","Potion","Potion","Relic","Relic","Relic","Relic","Relic","Relic","Relic","Relic","Relic","Relic","Relic","Relic","Relic","Relic","Relic","Relic","Relic","Relic","Relic","Relic","Relic","Relic","Relic","Relic","Relic","Relic","Relic","Relic","Relic","Relic","Relic","Relic","Relic","Relic","Relic"],"build_version":"2020-12-13","purchased_purges":3,"victory":true,"max_hp_per_floor":[75,75,75,75,75,75,75,75,75,75,75,75,75,75,75,75,75,75,75,75,75,75,75,75,75,75,75,75,75,75,75,75,75,75,75,75,75,75,75,75,75,75,75,75,75,75,75,75,75,75,75,75,75,75,108,111,111],"card_choices":[{"not_picked":["FTL","ReplayTheSpireMod:Repulse"],"picked":"Clawfect:ClawForTheEyes","floor":1},{"not_picked":["Consume","Coolheaded"],"picked":"Clawfect:ClawForTheEyes","floor":3},{"not_picked":["Clawfect:ClawForTheEyes","Aggregate"],"picked":"Clawfect:Clawrage","floor":5},{"not_picked":["ReplayTheSpireMod:Calculation Training","ReplayTheSpireMod:Fabricate Wheel"],"picked":"Panic Button","floor":6},{"not_picked":["Clawfect:Clawrage","Reinforced Body"],"picked":"ReplayTheSpireMod:Calculation Training","floor":7},{"not_picked":["Panic Button","Clawfect:ClawCell"],"picked":"Self Repair","floor":7},{"not_picked":["FIFO Queue","ReplayTheSpireMod:Reroute Power"],"picked":"Coolheaded","floor":8},{"not_picked":["Leap","Rebound"],"picked":"Clawfect:ClawingBeam","floor":11},{"not_picked":["Leap","Hologram"],"picked":"Clawfect:Clawline","floor":11},{"not_picked":["Clawfect:ClawingBeam","Clawfect:ClawLightning"],"picked":"Loop+1","floor":12},{"not_picked":["Clawfect:ClawpileDriver","Hologram"],"picked":"ReplayGash","floor":12},{"not_picked":["Clawfect:ClawAndGloom","Sunder"],"picked":"Redo","floor":14},{"not_picked":["Stack","Coolheaded","Leap"],"picked":"SKIP","floor":14},{"not_picked":["Clawfect:ClawpileDriver","Clawfect:ScrapingClaw"],"picked":"Defragment+1","floor":18},{"not_picked":["Darkness","Conserve Battery+1"],"picked":"Redo+1","floor":18},{"not_picked":["Leap","BootSequence","Clawfect:Clawline"],"picked":"SKIP","floor":20},{"not_picked":["Rebound+1","Conserve Battery","Undo"],"picked":"SKIP","floor":20},{"not_picked":["Clawfect:ClawingBeam","Aggregate"],"picked":"Heatsinks+1","floor":29},{"not_picked":["Clawfect:ClawingBeam+1","Stack"],"picked":"ReplayTheSpireMod:Calculation Training","floor":29},{"not_picked":["Recycle","Conserve Battery"],"picked":"Double Energy","floor":30},{"not_picked":["Gash","ReplayTheSpireMod:System Scan+1"],"picked":"Clawfect:ClawForOne","floor":31},{"not_picked":["ReplaySort","Panic Button"],"picked":"Tempest","floor":31},{"not_picked":["Biased Cognition+1","Core Surge"],"picked":"Machine Learning+1","floor":33},{"not_picked":["Clawfect:ClawAndTear+1","ReplayTheSpireMod:Fabricate Wheel"],"picked":"Chaos","floor":35},{"not_picked":["BasicCrystalCard+1","Undo","Clawfect:ClawAndTear+1"],"picked":"SKIP","floor":35},{"not_picked":["Coolheaded+1","Clawfect:ClawLightning+1"],"picked":"Double Energy","floor":37},{"not_picked":["Clawfect:Clawter","Clawfect:ClawSnap"],"picked":"Panic Button+1","floor":37},{"not_picked":["Hologram+1","FTL"],"picked":"BasicCrystalCard+1","floor":37},{"not_picked":["Clawfect:Clawrage","Darkness+1"],"picked":"Biased Cognition+1","floor":38},{"not_picked":["Clawfect:Clawrage+1","Clawfect:ClawSnap+1","ReplaySolidLightProjector"],"picked":"SKIP","floor":38},{"not_picked":["BasicCrystalCard+1","Clawfect:ClawpileDriver"],"picked":"Clawfect:ClawCell+1","floor":39},{"not_picked":["Clawfect:ScrapingClaw+1","ReplaySort","Steam"],"picked":"SKIP","floor":39},{"not_picked":["Thinking Ahead","ReplayTheSpireMod:Trickstab"],"picked":"ReplayUltimateDefense+1","floor":42},{"not_picked":["Reprogram+1","Clawfect:ClawLightning+1","Recycle"],"picked":"SKIP","floor":46},{"not_picked":["Aggregate+1","Tempest","Redo"],"picked":"SKIP","floor":46},{"not_picked":["Panic Button","Redo"],"picked":"ReplaySolidLightProjector+1","floor":47},{"not_picked":["Steam+1","Turbo","Clawfect:ScrapingClaw"],"picked":"SKIP","floor":47},{"not_picked":["Clawfect:ClawLightning+1","FTL"],"picked":"Echo Form+1","floor":49},{"not_picked":["ReplayTheSpireMod:Calculation Training","BootSequence+1","Skim"],"picked":"SKIP","floor":49},{"not_picked":["Clawfect:ClawForTheEyes+1","Stack+1","BootSequence+1"],"picked":"SKIP","floor":50},{"not_picked":["Genetic Algorithm","Clawfect:ClawCell","ReplaySort"],"picked":"SKIP","floor":50},{"not_picked":["Capacitor+1","Clawfect:ClawCell","Stack"],"picked":"SKIP","floor":56}],"player_experience":145004,"relics_obtained":[{"floor":6,"key":"Ice Cream"},{"floor":8,"key":"Bag of Preparation"},{"floor":9,"key":"Frozen Egg 2"},{"floor":26,"key":"Replay:Multitool"},{"floor":30,"key":"Regal Pillow"},{"floor":34,"key":"Blue Doll"},{"floor":34,"key":"Replay:Bottled Steam"},{"floor":34,"key":"Turnip"},{"floor":41,"key":"Ring of Panic"},{"floor":41,"key":"Ring of Greed"},{"floor":41,"key":"The Courier"},{"floor":41,"key":"Tiny Chest"},{"floor":43,"key":"Lantern"},{"floor":48,"key":"Ornamental Fan"},{"floor":56,"key":"Circlet"}],"event_choices":[{"cards_removed":["Redo"],"damage_healed":0,"gold_gain":0,"player_choice":"Purged","damage_taken":0,"max_hp_gain":0,"max_hp_loss":0,"event_name":"Purifier","floor":19,"gold_loss":0},{"cards_removed":["Gash"],"damage_healed":0,"gold_gain":0,"player_choice":"Elegance","damage_taken":0,"max_hp_gain":0,"max_hp_loss":0,"event_name":"Back to Basics","floor":21,"gold_loss":0},{"damage_healed":0,"gold_gain":0,"player_choice":"Obtained Relic","damage_taken":0,"relics_obtained":["Replay:Kaleidoscope"],"max_hp_gain":0,"max_hp_loss":0,"event_name":"Addict","floor":27,"gold_loss":85},{"damage_healed":0,"gold_gain":0,"player_choice":"Memory 1","damage_taken":0,"max_hp_gain":0,"max_hp_loss":0,"event_name":"SensoryStone","floor":42,"gold_loss":0}],"is_beta":false,"boss_relics":[{"not_picked":["Velvet Choker","Busted Crown"],"picked":"Philosopher\u0027s Stone"},{"not_picked":["Ring of Chaos","Snecko Eye"],"picked":"Replay:Grab Bag"},{"not_picked":["Abe\u0027s Treasure","ReplayTheSpireMod:Onyx Gauntlets"],"picked":"Fusion Hammer"},{"not_picked":["Painkiller Herb","Replay:Bronze Core"],"picked":"Replay:Wanted Poster"},{"not_picked":["Kintsugi","Replay:Drink Me"],"picked":"SacredBark"},{"not_picked":["SlaversCollar","Black Star"],"picked":"Calling Bell"}],"items_purged_floors":[2,2,55],"is_endless":false,"potions_floor_spawned":[5,7,8,12,14,16,20,29,35,39,46,50,56],"ascension_level":0}}