{"host":"ryj1bk6ra0180tiy","time":1608165743,"event":{"mods":["BaseMod","Colored Map","Colored Powertips","Downfall","Highlight Path","Marisa????????","Minty Spire (QoL Compilation)","Remilia??????","Replay The Spire","StSLib","The Bug Knight"],"gold_per_floor":[119,134,154,254,33,33,64,64,110,110,127,158,171,185,185,283,283,296,196,207,219,318,353,369,369,369,369,394,394,407,407,407,504,554,564,564,564,578,597,631,631,658,685,240,240,0,0,95,95,95,95],"floor_reached":50,"playtime":2690,"items_purged":["HollowMod:NailStrikeStart","HollowMod:QuickDashStart","HollowMod:QuickDashStart+1"],"score":899,"play_id":"c351d45d-8703-4ad0-8528-2a91121cb859","local_time":"20201217104223","is_ascension_mode":true,"campfire_choices":[{"data":"HollowMod:PogoStrike","floor":6,"key":"SMITH"},{"data":"HollowMod:NailStrikeStart","floor":8,"key":"SMITH"},{"data":"HollowMod:QuickDashStart","floor":10,"key":"SMITH"},{"data":"HollowMod:SoulSplash","floor":15,"key":"SMITH"},{"floor":25,"key":"REST"},{"floor":27,"key":"REST"},{"floor":29,"key":"RECALL"},{"floor":32,"key":"REST"},{"floor":41,"key":"REST"},{"floor":45,"key":"REST"},{"floor":47,"key":"REST"},{"floor":49,"key":"DIG"}],"circlet_count":0,"master_deck":["AscendersBane","HollowMod:NailStrikeStart+1","HollowMod:NailStrikeStart+1","HollowMod:QuickDashStart+1","HollowMod:FocusHealStart","HollowMod:PogoStrike+1","HollowMod:CycloneSlash+1","HollowMod:DoubleDash+1","HollowMod:SoulSplash+1","HollowMod:CloakDash+1","HollowMod:SlysStrikes","HollowMod:CloakDash+1","HollowMod:BaldurShell+1","HollowMod:LifebloodCore+1","HollowMod:DashSlash+1","HollowMod:MantisMark+1","HollowMod:ShapeofUnn+1","HollowMod:LifebloodCocoon+1"],"relics":["HollowMod:VesselMask","Guide Book","Pen Nib","Replay:Bottled Snecko","Black Star","HollowMod:MantisClawRelic","Gremlin Food","ReplayTheSpireMod:Shallot","Replay:Wax Seal","Smiling Mask","Tiny House","WingedGreaves","InkBottle","CaptainsWheel","Pear","Juzu Bracelet","Ancient Tea Set","Letter Opener","Red Mask","HollowMod:StagPassRelic"],"acts_visited":["Exordium","TheCity","TheBeyond"],"potions_floor_usage":[16,21,23,24,33,33,40,42,50],"damage_taken":[{"damage":5,"enemies":"2 Louse","floor":1,"turns":3},{"damage":1,"enemies":"Cultist","floor":2,"turns":3},{"damage":0,"enemies":"Small Slimes","floor":3,"turns":2},{"damage":12,"enemies":"3 Sentries","floor":7,"turns":6},{"damage":0,"enemies":"Red Slaver","floor":11,"turns":4},{"damage":14,"enemies":"HollowMod:MossKnight","floor":12,"turns":8},{"damage":1,"enemies":"Looter","floor":13,"turns":3},{"damage":7,"enemies":"Gremlin Gang","floor":14,"turns":3},{"damage":1,"enemies":"The Guardian","floor":16,"turns":9},{"damage":23,"enemies":"2 Thieves","floor":18,"turns":3},{"damage":6,"enemies":"Shell Parasite","floor":20,"turns":6},{"damage":19,"enemies":"Centurion and Healer","floor":21,"turns":6},{"damage":9,"enemies":"Gremlin Leader","floor":23,"turns":6},{"damage":18,"enemies":"Snecko","floor":24,"turns":5},{"damage":2,"enemies":"HollowMod:Nosk","floor":28,"turns":6},{"damage":9,"enemies":"3 Cultists","floor":30,"turns":4},{"damage":71,"enemies":"Automaton","floor":33,"turns":9},{"damage":0,"enemies":"3 Shapes","floor":35,"turns":7},{"damage":0,"enemies":"3 Darklings","floor":38,"turns":5},{"damage":14,"enemies":"Spire Growth","floor":39,"turns":7},{"damage":44,"enemies":"Reptomancer","floor":40,"turns":10},{"damage":57,"enemies":"Giant Head","floor":42,"turns":8},{"damage":69,"enemies":"Replay:Hell Engine","floor":50,"turns":12}],"seed_played":"-4539674879193309913","potions_obtained":[{"floor":2,"key":"DistilledChaos"},{"floor":11,"key":"GamblersBrew"},{"floor":13,"key":"PowerPotion"},{"floor":20,"key":"Explosive Potion"},{"floor":21,"key":"FearPotion"},{"floor":28,"key":"EntropicBrew"},{"floor":34,"key":"Explosive Potion"},{"floor":40,"key":"Milkshake"}],"is_trial":false,"path_per_floor":["M","M","M","?","$","R","E","R","T","R","M","E","M","M","R","B",null,"M","$","M","M","?","E","M","R","T","R","E","R","M","?","R","B",null,"M","?","?","M","M","E","R","E","T","$","R","?","R","?","R_BF","B"],"character_chosen":"THE_BUGKNIGHT","items_purchased":["Guide Book","Ancient Tea Set","Letter Opener"],"campfire_rested":6,"item_purchase_floors":[5,44,44],"current_hp_per_floor":[69,68,68,68,68,68,62,62,62,62,68,64,69,62,62,71,74,51,51,51,42,42,43,31,53,53,75,75,75,72,72,75,14,65,75,75,75,80,72,38,62,21,21,21,48,48,75,53,53,0,0],"gold":95,"neow_bonus":"REMOVE_CARD","is_daily":false,"chose_seed":false,"campfire_upgraded":4,"win_rate":0.0,"timestamp":1608165743,"path_taken":["M","M","M","?","$","R","E","R","T","R","M","E","M","?","R","BOSS","M","$","M","M","?","E","M","R","T","R","E","R","M","?","R","BOSS","M","?","?","M","M","E","R","E","T","$","R","?","R","?","R_BF","BOSS"],"items_purchased_type":["Relic","Relic","Relic"],"build_version":"2020-12-13","purchased_purges":3,"victory":false,"max_hp_per_floor":[75,75,75,75,75,75,75,75,75,75,75,75,75,75,75,75,75,75,75,75,75,75,75,75,75,75,75,75,75,75,75,75,75,80,80,80,80,80,80,80,80,90,90,90,90,90,90,90,90,90,90],"card_choices":[{"not_picked":["HollowMod:NewJinnsSoul","HollowMod:GoodIntentions","HollowMod:DescendingDark"],"picked":"SKIP","floor":1},{"not_picked":["HollowMod:WraithStrike","HollowMod:HowlingWraiths"],"picked":"HollowMod:CycloneSlash","floor":2},{"not_picked":["HollowMod:FastStrike","HollowMod:BrokenVessel"],"picked":"HollowMod:DoubleDash","floor":3},{"not_picked":["HollowMod:LordofShades","HollowMod:SiblingsSouls","HollowMod:ElderbugsWisdom"],"picked":"SKIP","floor":7},{"not_picked":["HollowMod:InfectedAttack","HollowMod:CycloneSlash"],"picked":"HollowMod:SoulSplash","floor":11},{"not_picked":["HollowMod:ShadowDash","HollowMod:LordofShades","HollowMod:AwokenDreamNail"],"picked":"SKIP","floor":12},{"not_picked":["HollowMod:SiblingsSouls","HollowMod:AbyssShriek"],"picked":"HollowMod:CloakDash","floor":13},{"not_picked":["HollowMod:HeavyBlow","HollowMod:FastStrike","HollowMod:InfectedCysts"],"picked":"SKIP","floor":14},{"not_picked":["HollowMod:Weaversong","HollowMod:MidwifesHunger"],"picked":"HollowMod:SlysStrikes","floor":16},{"not_picked":["HollowMod:SoulSplash","HollowMod:DashSlash","HollowMod:SharpenedNail+1"],"picked":"SKIP","floor":18},{"not_picked":["HollowMod:InfectedCysts","HollowMod:WraithStrike+1","HollowMod:CycloneSlash"],"picked":"SKIP","floor":20},{"not_picked":["HollowMod:WraithStrike+1","HollowMod:HowlingWraiths"],"picked":"HollowMod:CloakDash","floor":21},{"not_picked":["HollowMod:VengefulVoid","HollowMod:MonarchWings","HollowMod:ElderbugsWisdom"],"picked":"SKIP","floor":23},{"not_picked":["HollowMod:WraithStrike","HollowMod:LuriensSpire+1","HollowMod:DescendingDark"],"picked":"SKIP","floor":24},{"not_picked":["HollowMod:FastStrike","HollowMod:SoulVessel","HollowMod:CycloneSlash"],"picked":"SKIP","floor":28},{"not_picked":["HollowMod:SoulStrike","HollowMod:InfectedCysts"],"picked":"HollowMod:BaldurShell","floor":30},{"not_picked":["HollowMod:MidwifesHunger","HollowMod:AwokenDreamNail"],"picked":"HollowMod:LifebloodCore","floor":33},{"not_picked":["HollowMod:HeavyBlow","HollowMod:ChannelNail","HollowMod:SoulShaman"],"picked":"SKIP","floor":35},{"not_picked":["HollowMod:HowlingWraiths+1","HollowMod:MidwifesHunger","HollowMod:DreamGate+1"],"picked":"SKIP","floor":38},{"not_picked":["HollowMod:RecoilStrike+1","HollowMod:DescendingDark+1"],"picked":"HollowMod:DashSlash+1","floor":39},{"not_picked":["HollowMod:LifebloodCocoon+1","HollowMod:CrystalDash"],"picked":"HollowMod:MantisMark","floor":40},{"not_picked":["HollowMod:WraithStrike","HollowMod:FastStrike+1"],"picked":"HollowMod:ShapeofUnn+1","floor":42},{"not_picked":["HollowMod:GreatSlash+1","HollowMod:NewLittleFool"],"picked":"HollowMod:LifebloodCocoon+1","floor":48}],"player_experience":3193855,"relics_obtained":[{"floor":7,"key":"Pen Nib"},{"floor":12,"key":"Replay:Bottled Snecko"},{"floor":23,"key":"HollowMod:MantisClawRelic"},{"floor":23,"key":"Gremlin Food"},{"floor":26,"key":"ReplayTheSpireMod:Shallot"},{"floor":28,"key":"Replay:Wax Seal"},{"floor":28,"key":"Smiling Mask"},{"floor":40,"key":"WingedGreaves"},{"floor":40,"key":"InkBottle"},{"floor":42,"key":"CaptainsWheel"},{"floor":42,"key":"Pear"},{"floor":43,"key":"Juzu Bracelet"},{"floor":49,"key":"HollowMod:StagPassRelic"}],"event_choices":[{"damage_healed":0,"gold_gain":100,"player_choice":"Pray","damage_taken":0,"max_hp_gain":0,"max_hp_loss":0,"event_name":"Golden Shrine","floor":4,"gold_loss":0},{"damage_healed":0,"gold_gain":99,"player_choice":"Stole From Cult","damage_taken":0,"max_hp_gain":0,"max_hp_loss":0,"event_name":"Nest","floor":22,"gold_loss":0},{"damage_healed":0,"gold_gain":0,"player_choice":"Upgraded","damage_taken":0,"max_hp_gain":0,"max_hp_loss":0,"event_name":"Upgrade Shrine","floor":31,"gold_loss":0,"cards_upgraded":["HollowMod:CloakDash"]},{"damage_healed":0,"gold_gain":0,"player_choice":"Ignored","damage_taken":0,"max_hp_gain":0,"max_hp_loss":0,"event_name":"SecretPortal","floor":37,"gold_loss":0},{"damage_healed":0,"gold_gain":0,"player_choice":"Paid","damage_taken":0,"relics_obtained":["Red Mask"],"max_hp_gain":0,"max_hp_loss":0,"event_name":"Tomb of Lord Red Mask","floor":46,"gold_loss":240}],"is_beta":false,"boss_relics":[{"not_picked":["Fusion Hammer","Replay:Wanted Poster"],"picked":"Black Star"},{"not_picked":["Replay:Drink Me","Ring of Chaos"],"picked":"Tiny House"}],"items_purged_floors":[5,19,44],"is_endless":false,"potions_floor_spawned":[2,11,12,13,20,21,28,40],"killed_by":"Replay:Hell Engine","ascension_level":11}}