{"host":"h5cp71fj81sc4mn8","time":1608189725,"event":{"mods":["AchievementEnabler","BaseMod","Colored Map","Minty Spire (QoL Compilation)","Quick Restart","Relic Stats","Slay-I","Spicy Shops","StSLib","SuperFastMode"],"gold_per_floor":[113,129,60,60,77,103,123,123,123,123,151,151,166,180,180,279,279,299,310,310,329,341,341,341],"floor_reached":23,"playtime":951,"items_purged":[],"score":265,"play_id":"c6be5713-489f-408f-b436-dd5f46a19cf6","local_time":"20201216232205","is_ascension_mode":true,"campfire_choices":[{"data":"WreathOfFlame","floor":8,"key":"SMITH"},{"data":"Blasphemy","floor":12,"key":"SMITH"},{"data":"Tantrum","floor":15,"key":"SMITH"}],"circlet_count":0,"master_deck":["Strike_P","Strike_P","Strike_P","Strike_P","Defend_P","Defend_P","Defend_P","Defend_P","Eruption+1","Vigilance","EmptyMind","Halt","Tantrum+1","CarveReality","WreathOfFlame+1","Blasphemy+1","ReachHeaven","Judgement","FlurryOfBlows+1","EmptyMind+1","RitualDagger","CarveReality"],"relics":["PureWater","NeowsBlessing","Dream Catcher","Pantograph","TeardropLocket","MealTicket","Coffee Dripper"],"acts_visited":["Exordium","TheCity"],"potions_floor_usage":[7,14,16,19,22],"damage_taken":[{"damage":0,"enemies":"Cultist","floor":1,"turns":1},{"damage":0,"enemies":"2 Louse","floor":2,"turns":1},{"damage":0,"enemies":"Jaw Worm","floor":5,"turns":1},{"damage":0,"enemies":"Gremlin Nob","floor":6,"turns":2},{"damage":7,"enemies":"3 Louse","floor":7,"turns":2},{"damage":4,"enemies":"Lagavulin","floor":11,"turns":3},{"damage":0,"enemies":"Blue Slaver","floor":13,"turns":1},{"damage":14,"enemies":"Exordium Wildlife","floor":14,"turns":2},{"damage":22,"enemies":"Hexaghost","floor":16,"turns":3},{"damage":17,"enemies":"2 Thieves","floor":18,"turns":2},{"damage":24,"enemies":"Chosen","floor":19,"turns":2},{"damage":0,"enemies":"Shelled Parasite and Fungi","floor":21,"turns":2},{"damage":12,"enemies":"3 Cultists","floor":22,"turns":4},{"damage":100012,"enemies":"Book of Stabbing","floor":23,"turns":3}],"seed_played":"-1233110471762753945","potions_obtained":[{"floor":1,"key":"SneckoOil"},{"floor":5,"key":"Ambrosia"},{"floor":13,"key":"Explosive Potion"},{"floor":16,"key":"Dexterity Potion"},{"floor":18,"key":"Fruit Juice"}],"is_trial":false,"path_per_floor":["M","M","$","T","M","E","M","R","T","?","E","R","M","M","R","B",null,"M","M","?","M","M","E"],"character_chosen":"WATCHER","items_purchased":["Tantrum"],"campfire_rested":0,"item_purchase_floors":[3],"current_hp_per_floor":[72,72,72,72,72,72,65,65,65,65,61,61,61,47,47,50,72,55,36,30,30,18,0,0],"gold":341,"neow_bonus":"THREE_ENEMY_KILL","is_daily":false,"chose_seed":false,"campfire_upgraded":3,"win_rate":0.0,"timestamp":1608189725,"path_taken":["M","M","$","?","M","E","M","R","T","?","E","R","?","M","R","BOSS","M","M","?","M","M","E"],"items_purchased_type":["Card"],"build_version":"2020-12-13","purchased_purges":0,"victory":false,"max_hp_per_floor":[72,72,72,72,72,72,72,72,72,72,72,72,72,72,72,72,72,72,77,77,77,77,77,77],"relic_stats":{"Dream Catcher":0,"counters":[14,28],"Pantograph":25,"MealTicket":0,"obtain_stats":[{"Dream Catcher":4,"NeowsBlessing":0,"Pantograph":6,"MealTicket":11,"Coffee Dripper":17,"TeardropLocket":9,"PureWater":0},{"Dream Catcher":2,"NeowsBlessing":0,"Pantograph":4,"MealTicket":6,"Coffee Dripper":9,"TeardropLocket":5,"PureWater":0},{"Dream Catcher":2,"NeowsBlessing":0,"Pantograph":5,"MealTicket":10,"Coffee Dripper":16,"TeardropLocket":7,"PureWater":0}]},"card_choices":[{"not_picked":["PathToVictory","FlyingSleeves"],"picked":"EmptyMind","floor":1},{"not_picked":["Crescendo","MentalFortress"],"picked":"Halt","floor":2},{"not_picked":["JustLucky","PathToVictory"],"picked":"CarveReality","floor":5},{"not_picked":["LessonLearned","Collect"],"picked":"WreathOfFlame","floor":6},{"not_picked":["ForeignInfluence","BowlingBash","Indignation"],"picked":"SKIP","floor":7},{"not_picked":["Prostrate","DeceiveReality"],"picked":"Blasphemy","floor":11},{"not_picked":["CutThroughFate","SashWhip","PathToVictory"],"picked":"SKIP","floor":13},{"not_picked":["Collect","BowlingBash"],"picked":"ReachHeaven","floor":14},{"not_picked":["LessonLearned","Devotion"],"picked":"Judgement","floor":16},{"not_picked":["EmptyBody+1","CutThroughFate"],"picked":"FlurryOfBlows+1","floor":18},{"not_picked":["ThirdEye+1","LikeWater"],"picked":"EmptyMind+1","floor":19},{"not_picked":["BowlingBash","ThirdEye+1"],"picked":"CarveReality","floor":21},{"not_picked":["CrushJoints+1","Swivel+1","Consecrate"],"picked":"SKIP","floor":22}],"player_experience":463224,"relics_obtained":[{"floor":4,"key":"Dream Catcher"},{"floor":6,"key":"Pantograph"},{"floor":9,"key":"TeardropLocket"},{"floor":11,"key":"MealTicket"}],"event_choices":[{"damage_healed":0,"gold_gain":0,"player_choice":"Forge","damage_taken":0,"max_hp_gain":0,"max_hp_loss":0,"event_name":"Accursed Blacksmith","floor":10,"gold_loss":0,"cards_upgraded":["Eruption"]},{"damage_healed":0,"gold_gain":0,"player_choice":"Joined the Cult","damage_taken":6,"max_hp_gain":0,"max_hp_loss":0,"event_name":"Nest","floor":20,"gold_loss":0,"cards_obtained":["RitualDagger"]}],"is_beta":false,"boss_relics":[{"not_picked":["Tiny House","Velvet Choker"],"picked":"Coffee Dripper"}],"items_purged_floors":[],"is_endless":false,"potions_floor_spawned":[1,5,13,16,18],"killed_by":"Book of Stabbing","ascension_level":3}}