{"host":"3qkmyeoym75lj4wn","time":1608231749,"event":{"mods":["2.2 Compatiblity","BaseMod","Block Reminder","Colored Powertips","Downfall","Highlight Path","Minty Spire (QoL Compilation)","Permanent Neow","Potion Indicator Mod","Rare Cards Sparkle","Relic Stats","StSLib"],"gold_per_floor":[99,159,159,309,309,155,182,182,107,137,73,73,18,38,62,169,169,94,94,104,126,126,154,179,179,179,179],"floor_reached":26,"playtime":1767,"items_purged":["hexamod:Strike"],"score":200,"play_id":"850d148b-4b1e-48c6-8880-4b2eda090ab7","local_time":"20201217190229","is_ascension_mode":false,"campfire_choices":[{"data":"hexamod:Float","floor":1,"key":"SMITH"},{"floor":3,"key":"RECALL"},{"data":"hexamod:GhostOfSpirePresent","floor":9,"key":"SMITH"},{"data":"hexamod:CatchUp","floor":18,"key":"SMITH"},{"floor":22,"key":"REST"},{"floor":25,"key":"REST"}],"circlet_count":0,"master_deck":["hexamod:Defend","hexamod:Defend","hexamod:Defend","hexamod:Defend","hexamod:Sear","hexamod:Float+1","hexamod:GhostOfSpirePresent+1","hexamod:AdvancingGuard","hexamod:CatchUp+1","hexamod:SkipABeat","hexamod:HexaLevel","hexamod:ThermalTransfer","hexamod:InspiringFlames","hexamod:FastForward","hexamod:RadiantFlame","hexamod:SecondSeal","hexamod:Firestarter","hexamod:SearingWound","hexamod:HexaLevel","hexamod:FastForward+1","hexamod:FastForward"],"relics":["hexamod:SpiritBrand","downfall:HeartsMalice","Pen Nib","Art of War","downfall:HeartBlessingRed","MealTicket","Oddly Smooth Stone","Empty Cage","downfall:HeartBlessingGreen","Nunchaku"],"acts_visited":["Exordium","TheCity"],"potions_floor_usage":[],"damage_taken":[{"damage":0,"enemies":"3 Sentries","floor":2,"turns":1},{"damage":0,"enemies":"downfall:FleeingMerchant","floor":6,"turns":1},{"damage":0,"enemies":"2 Louse","floor":8,"turns":1},{"damage":63,"enemies":"3 Sentries","floor":10,"turns":14},{"damage":0,"enemies":"downfall:FleeingMerchant","floor":11,"turns":4},{"damage":0,"enemies":"downfall:FleeingMerchant","floor":13,"turns":4},{"damage":0,"enemies":"Small Slimes","floor":14,"turns":4},{"damage":5,"enemies":"Jaw Worm","floor":15,"turns":4},{"damage":24,"enemies":"downfall:Ironclad","floor":16,"turns":9},{"damage":9,"enemies":"Spheric Guardian","floor":20,"turns":7},{"damage":29,"enemies":"3 Byrds","floor":21,"turns":6},{"damage":19,"enemies":"Centurion and Healer","floor":23,"turns":9},{"damage":69,"enemies":"Slavers","floor":26,"turns":5}],"seed_played":"-3449325667978674609","potions_obtained":[{"floor":2,"key":"sneckomod:MuddlingPotion"},{"floor":10,"key":"Ancient Potion"},{"floor":15,"key":"EntropicBrew"}],"is_trial":false,"path_per_floor":["R","?","R","?","?","$","T","M","R","E","$","?","$","M","M","B",null,"R","?","M","M","R","M","T","R","E"],"character_chosen":"THE_SPIRIT","items_purchased":["hexamod:CatchUp","hexamod:InspiringFlames","hexamod:RadiantFlame"],"campfire_rested":2,"item_purchase_floors":[6,11,13],"current_hp_per_floor":[70,70,70,70,70,70,70,70,70,7,22,19,34,34,29,5,70,70,70,61,32,53,34,34,55,0,0],"gold":179,"neow_bonus":"THREE_ENEMY_KILL","is_daily":false,"chose_seed":false,"campfire_upgraded":3,"win_rate":0.0,"timestamp":1608231749,"path_taken":["R","?","R","?","?","$","T","M","R","E","?","?","$","M","M","BOSS","R","?","M","?","R","M","T","R","E"],"items_purchased_type":["Card","Card","Card"],"build_version":"2020-12-13","purchased_purges":1,"victory":false,"max_hp_per_floor":[70,70,70,70,70,70,70,70,70,70,70,70,70,70,70,70,70,70,70,70,70,70,70,70,70,70,70],"relic_stats":{"Nunchaku":[0],"counters":[13,66],"MealTicket":30,"Pen Nib":[4],"Art of War":[26],"obtain_stats":[{"Nunchaku":24,"downfall:HeartBlessingRed":9,"Oddly Smooth Stone":12,"downfall:HeartsMalice":0,"MealTicket":10,"downfall:HeartBlessingGreen":18,"Pen Nib":2,"Art of War":7,"Empty Cage":17,"hexamod:SpiritBrand":0},{"Nunchaku":12,"downfall:HeartBlessingRed":3,"Oddly Smooth Stone":5,"downfall:HeartsMalice":0,"MealTicket":4,"downfall:HeartBlessingGreen":9,"Pen Nib":1,"Art of War":2,"Empty Cage":9,"hexamod:SpiritBrand":0},{"Nunchaku":61,"downfall:HeartBlessingRed":0,"Oddly Smooth Stone":18,"downfall:HeartsMalice":0,"MealTicket":14,"downfall:HeartBlessingGreen":39,"Pen Nib":0,"Art of War":0,"Empty Cage":39,"hexamod:SpiritBrand":0}]},"card_choices":[{"not_picked":["hexamod:SpectersWail","hexamod:NecessarySacrifice"],"picked":"hexamod:GhostOfSpirePresent","floor":2},{"not_picked":["hexamod:RecurringNightmare","hexamod:ExtraCrispy"],"picked":"hexamod:AdvancingGuard","floor":6},{"not_picked":["hexamod:Firestarter","hexamod:GhostLash"],"picked":"hexamod:SkipABeat","floor":8},{"not_picked":["hexamod:PhantomCloak","hexamod:AdvancingGuard"],"picked":"hexamod:HexaLevel","floor":10},{"not_picked":["hexamod:HauntingEcho","hexamod:SpectersWail"],"picked":"hexamod:ThermalTransfer","floor":11},{"not_picked":["hexamod:SearingWound","hexamod:Firestarter"],"picked":"hexamod:FastForward","floor":13},{"not_picked":["hexamod:FastForward","hexamod:NightmareStrike"],"picked":"hexamod:SecondSeal","floor":14},{"not_picked":["hexamod:FastForward","hexamod:GhostShield"],"picked":"hexamod:Firestarter","floor":15},{"not_picked":["hexamod:FifthSeal","hexamod:UnleashSpirits"],"picked":"hexamod:SearingWound","floor":16},{"not_picked":["hexamod:StepThrough","hexamod:NecessarySacrifice"],"picked":"hexamod:FastForward+1","floor":20},{"not_picked":["hexamod:InspiringFlames","hexamod:Firestarter"],"picked":"hexamod:FastForward","floor":21},{"not_picked":["hexamod:HeatCrush+1","hexamod:SwordOfDarkness+1","hexamod:FastForward"],"picked":"SKIP","floor":23}],"player_experience":1604016,"relics_obtained":[{"floor":2,"key":"Pen Nib"},{"floor":7,"key":"Art of War"},{"floor":10,"key":"MealTicket"},{"floor":24,"key":"Nunchaku"}],"event_choices":[{"cards_removed":["Slimebound:Icky"],"damage_healed":0,"gold_gain":0,"player_choice":"Card Removal","damage_taken":0,"max_hp_gain":0,"max_hp_loss":0,"event_name":"The Cleric","floor":5,"gold_loss":0},{"damage_healed":0,"gold_gain":0,"player_choice":"Success","damage_taken":3,"relics_obtained":["Oddly Smooth Stone"],"max_hp_gain":0,"max_hp_loss":0,"event_name":"Scrap Ooze","floor":12,"gold_loss":0},{"damage_healed":0,"gold_gain":0,"cards_transformed":["hexamod:Strike"],"player_choice":"Transformed","damage_taken":0,"max_hp_gain":0,"max_hp_loss":0,"event_name":"Transmorgrifier","floor":19,"gold_loss":0,"cards_obtained":["hexamod:HexaLevel"]}],"is_beta":false,"boss_relics":[{"not_picked":["Velvet Choker","SacredBark"],"picked":"Empty Cage"}],"items_purged_floors":[6],"is_endless":false,"potions_floor_spawned":[2,10,15,16,23],"killed_by":"Slavers","ascension_level":0}}