{"host":"u0f5uy314yz7olfc","time":1608224247,"event":{"mods":["AchievementEnabler","Aspiration","BaseMod","Better Altar","Better Match","Better Note","Better Sensory Stone","Better Skull","Better Third Choice","BetterRewards","Block Reminder","Colored Map","Colored Powertips","DeckTracker","Dota2Spire","Emptier Cage","Gold Saver","Highlight Path","Hubris","Infinite Spire","Marked Mod","Mimic Mod","Minty Spire (QoL Compilation)","Permanent Neow","Quick Restart","Rare Cards Sparkle","Relic Sorter","Shop Mod","StSLib","The Bladedancer","The Blue Laboratory","Watcher Patcher"],"gold_per_floor":[116,116,129,144,154,186,186,18,93,93,93,205,0,17,17,120,120,139,49,23,43,43,43,43,43],"floor_reached":24,"playtime":1156,"items_purged":[],"score":196,"play_id":"5156c4bd-2756-4db6-b859-3c4994ef5a26","local_time":"20201217235727","is_ascension_mode":false,"campfire_choices":[{"floor":7.0,"key":"REST"},{"floor":10.0,"key":"REST"},{"floor":15.0,"key":"REST"},{"floor":23.0,"key":"RECALL"}],"circlet_count":0,"master_deck":["Strike_P","Strike_P","Strike_P","Strike_P","Defend_P","Defend_P","Defend_P","Eruption","Vigilance+1","Mayhem","Study","Mayhem","Dramatic Entrance","Hello World","FlurryOfBlows","Adaptation","MentalFortress","Weave","FlurryOfBlows","Bandage Up","MarkedMod:Acupuncture","WindmillStrike","Panache","MarkedMod:GentlePulse","PathToVictory","Reboot","CutThroughFate","Underhanded Strike","PathToVictory","Weave"],"relics":["PureWater","hubris:Icosahedron","MerchantsRug","hubris:TenFootPole","hubris:PeanutButter","Medical Kit","hubris:ScarierMask"],"acts_visited":["Exordium","TheCity"],"potions_floor_usage":[24,24],"damage_taken":[{"damage":0.0,"enemies":"2 Louse","floor":1.0,"turns":3.0},{"damage":1.0,"enemies":"Cultist","floor":3.0,"turns":4.0},{"damage":5.0,"enemies":"Small Slimes","floor":4.0,"turns":4.0},{"damage":6.0,"enemies":"2 Fungi Beasts","floor":5.0,"turns":2.0},{"damage":22.0,"enemies":"Gremlin Nob","floor":6.0,"turns":5.0},{"damage":0.0,"enemies":"3 Louse","floor":12.0,"turns":3.0},{"damage":8.0,"enemies":"Exordium Wildlife","floor":14.0,"turns":4.0},{"damage":31.0,"enemies":"The Guardian","floor":16.0,"turns":8.0},{"damage":46.0,"enemies":"Spheric Guardian","floor":18.0,"turns":4.0},{"damage":2.0,"enemies":"3 Byrds","floor":21.0,"turns":4.0},{"damage":13,"enemies":"Gremlin Leader","floor":24,"turns":4}],"seed_played":"2846055639041156573","potions_obtained":[{"floor":3.0,"key":"blueLaboratory:LouseDecoction"},{"floor":4.0,"key":"blueLaboratory:HorrorPotion"},{"floor":6.0,"key":"blueLaboratory:HorrorPotion"},{"floor":12.0,"key":"PowerPotion"},{"floor":14.0,"key":"FearPotion"},{"floor":21.0,"key":"GamblersBrew"}],"is_trial":false,"path_per_floor":["M","?","M","M","M","E","R","$","T","R","?","M","$","M","R","B",null,"M","?","$","M","?","R","E"],"character_chosen":"WATCHER","items_purchased":["Mayhem","FlurryOfBlows","Study","Stack","Mayhem","Dramatic Entrance","Hello World","MerchantsRug","Bandage Up","MarkedMod:Acupuncture","WindmillStrike","Medical Kit","MarkedMod:GentlePulse","Underhanded Strike"],"campfire_rested":3,"item_purchase_floors":[0,0,0,0,0,0,0,0,8,8,8,13,13,20],"current_hp_per_floor":[40,40,39,34,28,6,27,27,27,48,48,48,48,44,65,38,72,30,30,30,32,32,32,23,23],"gold":43,"neow_bonus":"","is_daily":false,"chose_seed":false,"campfire_upgraded":0,"win_rate":0.0,"timestamp":1608224247,"path_taken":["M","?","M","M","?","E","R","$","T","R","?","M","$","M","R","BOSS","M","?","$","M","?","R","E"],"items_purchased_type":["Card","Card","Card","Card","Card","Card","Card","Relic","Card","Card","Card","Relic","Card","Card"],"build_version":"2020-12-13","purchased_purges":0,"victory":false,"max_hp_per_floor":[72,72,72,72,72,72,72,72,72,72,72,72,72,72,72,72,72,72,72,72,72,72,72,72,72],"card_choices":[{"not_picked":["Nirvana","Clash"],"picked":"FlurryOfBlows","floor":1.0},{"not_picked":["Prostrate","Halt"],"picked":"Adaptation","floor":3.0},{"not_picked":["Warcry","BootSequence"],"picked":"MentalFortress","floor":4.0},{"not_picked":["MarkedMod:Acupuncture","Stack"],"picked":"Weave","floor":5.0},{"not_picked":["Storm","Outmaneuver"],"picked":"FlurryOfBlows","floor":6.0},{"not_picked":["Intimidate","Sever Soul"],"picked":"Panache","floor":12.0},{"not_picked":["EmptyBody","Stack"],"picked":"PathToVictory","floor":14.0},{"not_picked":["Machine Learning","Storm of Steel"],"picked":"Reboot","floor":16.0},{"not_picked":["FollowUp","SashWhip"],"picked":"CutThroughFate","floor":18.0},{"not_picked":["Stack","Outmaneuver"],"picked":"PathToVictory","floor":21.0}],"player_experience":306414,"relics_obtained":[{"floor":6.0,"key":"hubris:PeanutButter"}],"event_choices":[{"cards_removed":["FlurryOfBlows"],"damage_healed":0.0,"max_hp_gain":0.0,"max_hp_loss":0.0,"gold_gain":0.0,"event_name":"WeMeetAgain","player_choice":"Gave Card","floor":2.0,"gold_loss":0.0,"damage_taken":0.0,"relics_obtained":["hubris:TenFootPole"]},{"cards_removed":["Stack"],"damage_healed":0.0,"max_hp_gain":0.0,"max_hp_loss":0.0,"gold_gain":0.0,"event_name":"Designer","player_choice":"Upgrade and Remove","floor":19.0,"gold_loss":90.0,"damage_taken":0.0,"cards_upgraded":["Vigilance"]},{"cards_removed":["Mayhem"],"damage_healed":0.0,"max_hp_gain":0.0,"max_hp_loss":0.0,"gold_gain":0.0,"event_name":"betterNote:BetterNote","player_choice":"Take \u0026 Give","floor":22.0,"gold_loss":0.0,"damage_taken":0.0,"cards_obtained":["Weave"]}],"is_beta":false,"boss_relics":[{"not_picked":["hubris:TerracottaHorce","Sozu"],"picked":"hubris:ScarierMask"}],"items_purged_floors":[],"is_endless":false,"potions_floor_spawned":[3,4,6,12,14,21],"killed_by":"Gremlin Leader","ascension_level":0}}