{"host":"l8lkgdumzpe3823a","time":1608232233,"event":{"mods":["Aspiration","BaseMod","Better Note","Colored Powertips","Curses Come First","Custom Start","DeckTracker","Defuse TimeMaze Blight","Highlight Path","Hubris","Infinite Spire","Minty Spire (QoL Compilation)","Quick Restart","Replay The Spire","Shop Mod","StSLib","SuperFastMode","The Construct","The Dragon Tamer","vexMod"],"gold_per_floor":[117,117,38,55,66,66,92,92,92,111,131,131,131,149,149,244,344,363,363,303,323,352,363,363,396,420,438,49,60,87,104,104,212,212,238,238,264,284,284,334,334,389,389,389,389,389,389,426,426,426,426],"floor_reached":50,"playtime":2603,"items_purged":["CommonCold","Decay","Strike_B"],"score":950,"play_id":"a3e76611-20ef-482a-ae5b-b822eefc7f72","local_time":"20201217131033","is_ascension_mode":true,"campfire_choices":[{"data":"Defragment","floor":6,"key":"SMITH"},{"data":"Loop","floor":8,"key":"SMITH"},{"data":"ReplayTheSpireMod:Calculation Training","floor":13,"key":"SMITH"},{"floor":15,"key":"REST"},{"data":"Hologram","floor":32,"key":"SMITH"},{"data":"Blizzard","floor":41,"key":"SMITH"},{"data":"Defragment","floor":44,"key":"SMITH"},{"data":"ReplaySolidLightProjector","floor":46,"key":"SMITH"},{"data":"Coolheaded","floor":49,"key":"SMITH"}],"circlet_count":0,"master_deck":["Strike_B","Strike_B","Strike_B","Defend_B","Defend_B","Defend_B","Defend_B","Zap","Dualcast","Defragment+1","Static Discharge","Loop+1","Glacier","ReplayTheSpireMod:Calculation Training+1","ReplaySolidLightProjector+1","Defragment+1","Leap+1","Coolheaded+1","White Noise","BootSequence+1","Stack","Coolheaded+1","Hologram+1","Glacier","Blizzard+1","Redo+1"],"relics":["Cracked Core","NeowsBlessing","aspiration:DSix","infinitespire:PuzzleCube","Cables","Replay:Frozen Program","Replay:Wanted Poster","Meat on the Bone","ReplayTheSpireMod:CursedCoin","Omamori","hubris:ToyBattleship","Membership Card","Incense Burner","infinitespire:ShieldingShard","infinitespire:EvilPickle","aspiration:BursterCore","FrozenCore","aspiration:Nostalgia","construct:Cogwheel","Replay:Multitool","Chameleon Ring","infinitespire:FocusingShard","Bag of Preparation"],"acts_visited":["Exordium","TheCity","TheBeyond"],"potions_floor_usage":[14,23,27,30,33,42,50,50,50],"damage_taken":[{"damage":0,"enemies":"Cultist","floor":1,"turns":1},{"damage":0,"enemies":"infinitespire:Voidling","floor":4,"turns":1},{"damage":0,"enemies":"Jaw Worm","floor":5,"turns":1},{"damage":13,"enemies":"Replay:BlueRogue","floor":7,"turns":4},{"damage":5,"enemies":"Exordium Thugs","floor":10,"turns":5},{"damage":13,"enemies":"Large Slime","floor":11,"turns":5},{"damage":8,"enemies":"Red Slaver","floor":14,"turns":4},{"damage":20,"enemies":"The Guardian","floor":16,"turns":12},{"damage":12,"enemies":"Shell Parasite","floor":18,"turns":6},{"damage":22,"enemies":"3 Byrds","floor":21,"turns":3},{"damage":4,"enemies":"Cultist and Chosen","floor":23,"turns":8},{"damage":38,"enemies":"Book of Stabbing","floor":25,"turns":6},{"damage":5,"enemies":"3 Cultists","floor":27,"turns":6},{"damage":19,"enemies":"Chosen and Byrds","floor":29,"turns":9},{"damage":0,"enemies":"Replay:Snechameleon","floor":30,"turns":10},{"damage":0,"enemies":"Snecko","floor":31,"turns":9},{"damage":27,"enemies":"Pondfish","floor":33,"turns":16},{"damage":0,"enemies":"Orb Walker","floor":35,"turns":6},{"damage":6,"enemies":"3 Shapes","floor":37,"turns":8},{"damage":0,"enemies":"Reptomancer","floor":40,"turns":9},{"damage":2,"enemies":"R_Hoarder","floor":42,"turns":12},{"damage":0,"enemies":"Sphere and 2 Shapes","floor":48,"turns":8},{"damage":73,"enemies":"hubris:GrandSnecko","floor":50,"turns":13}],"seed_played":"-5669213171318694842","potions_obtained":[{"floor":1,"key":"PotionOfCapacity"},{"floor":4,"key":"FearPotion"},{"floor":10,"key":"Strength Potion"},{"floor":11,"key":"Block Potion"},{"floor":21,"key":"Adrenaline Potion"},{"floor":25,"key":"AttackPotion"},{"floor":29,"key":"Languid Potion"},{"floor":30,"key":"Venom Potion"},{"floor":33,"key":"Energy Potion"},{"floor":37,"key":"Elixir"},{"floor":42,"key":"DistilledChaos"},{"floor":48,"key":"Regen Potion"}],"is_trial":false,"path_per_floor":["M","?","$","M","M","R","E","R","T","M","M","$","R","M","R","B",null,"M","T","?","M","$","M","?","E","T","M","$","M","E","M","R","B",null,"M","AVR","M","?","?","E","R","E","T","R","?","R","?","M","R","B"],"character_chosen":"DEFECT","items_purchased":["Loop","Cables","Replay:Frozen Program","ReplayTheSpireMod:CursedCoin","Coolheaded","Coolheaded+1","Membership Card","Incense Burner"],"campfire_rested":1,"item_purchase_floors":[3,12,12,22,22,28,28,28],"current_hp_per_floor":[75,75,75,75,75,75,62,62,62,57,44,19,19,11,33,13,60,48,48,48,38,38,46,46,20,20,27,27,20,32,44,44,29,64,64,64,58,58,58,58,58,56,56,56,56,56,56,56,56,0,0],"gold":426,"neow_bonus":"THREE_ENEMY_KILL","is_daily":false,"chose_seed":false,"campfire_upgraded":8,"win_rate":0.0,"timestamp":1608232233,"path_taken":["M","?","$","?","M","R","E","R","T","M","M","?","R","?","R","BOSS","M","?","?","M","$","?","?","E","T","?","?","M","E","M","R","BOSS","M","AVR","M","?","?","E","R","E","T","R","?","R","?","?","R","BOSS"],"items_purchased_type":["Card","Relic","Relic","Relic","Card","Card","Relic","Relic"],"build_version":"2020-12-13","purchased_purges":3,"victory":false,"max_hp_per_floor":[75,75,75,75,75,75,75,75,75,75,75,75,75,75,75,75,75,75,75,75,75,75,75,75,75,75,75,75,75,75,75,75,75,75,75,75,75,75,75,75,75,75,75,75,75,75,71,71,71,71,71],"card_choices":[{"not_picked":["Undo","Sweeping Beam"],"picked":"Defragment","floor":1},{"not_picked":["Gash","Hello World","Turbo"],"picked":"SKIP","floor":4},{"not_picked":["ReplayTheSpireMod:Repulse","Go for the Eyes","Gash"],"picked":"SKIP","floor":5},{"not_picked":["hubris:PowerSurge","Lockon"],"picked":"Glacier","floor":7},{"not_picked":["Panic Button","Steam"],"picked":"ReplayTheSpireMod:Calculation Training","floor":10},{"not_picked":["Streamline","ReplayGash","Rebound"],"picked":"SKIP","floor":11},{"not_picked":["Steam","Gash","ReplaySolidLightProjector"],"picked":"SKIP","floor":14},{"not_picked":["Steam","Gash"],"picked":"ReplaySolidLightProjector","floor":14},{"not_picked":["Leap+1","Panic Button+1"],"picked":"Defragment","floor":18},{"not_picked":["Stack","Gash"],"picked":"Leap+1","floor":21},{"not_picked":["Turbo","Rebound"],"picked":"White Noise","floor":23},{"not_picked":["Stack","Force Field"],"picked":"BootSequence+1","floor":25},{"not_picked":["Auto Shields+1","hubris:Ukulele+1"],"picked":"Stack","floor":27},{"not_picked":["Cold Snap","Streamline"],"picked":"Hologram","floor":29},{"not_picked":["Reprogram","Streamline+1"],"picked":"Glacier","floor":30},{"not_picked":["BasicCrystalCard","Stack","Doom and Gloom"],"picked":"SKIP","floor":31},{"not_picked":["Streamline+1","Stack","ReplayTheSpireMod:Repulse+1"],"picked":"SKIP","floor":35},{"not_picked":["Go for the Eyes","Reinforced Body","Steam+1"],"picked":"SKIP","floor":37},{"not_picked":["Skim+1","Turbo","BasicCrystalCard"],"picked":"SKIP","floor":40},{"not_picked":["Doom and Gloom","hubris:Prefetch","Streamline+1"],"picked":"SKIP","floor":42},{"not_picked":["Steam+1","Leap+1"],"picked":"Redo+1","floor":48}],"player_experience":567292,"relics_obtained":[{"floor":7,"key":"aspiration:DSix"},{"floor":9,"key":"infinitespire:PuzzleCube"},{"floor":19,"key":"Meat on the Bone"},{"floor":25,"key":"Omamori"},{"floor":26,"key":"hubris:ToyBattleship"},{"floor":30,"key":"infinitespire:ShieldingShard"},{"floor":38,"key":"Replay:Multitool"},{"floor":40,"key":"Chameleon Ring"},{"floor":42,"key":"infinitespire:FocusingShard"},{"floor":43,"key":"Bag of Preparation"}],"event_choices":[{"damage_healed":0,"gold_gain":0,"player_choice":"1 cards matched","damage_taken":0,"max_hp_gain":0,"max_hp_loss":0,"event_name":"Match and Keep!","floor":2,"gold_loss":0,"cards_obtained":["Static Discharge"]},{"damage_healed":0,"gold_gain":0,"player_choice":"Cursed","damage_taken":0,"max_hp_gain":0,"max_hp_loss":0,"event_name":"Wheel of Change","floor":24,"gold_loss":0,"cards_obtained":["Decay"]},{"damage_healed":0,"gold_gain":0,"player_choice":"Ignored","damage_taken":0,"max_hp_gain":0,"max_hp_loss":0,"event_name":"Tomb of Lord Red Mask","floor":45,"gold_loss":0},{"damage_healed":0,"gold_gain":0,"player_choice":"Max HP","damage_taken":0,"max_hp_gain":0,"max_hp_loss":4,"event_name":"Winding Halls","floor":47,"gold_loss":0}],"is_beta":false,"boss_relics":[{"not_picked":["Replay:Bronze Core","vexMod:MegatonBomb"],"picked":"Replay:Wanted Poster"},{"not_picked":["vexMod:CursedCompass","hubris:GrandSneckoEye"],"picked":"aspiration:BursterCore"}],"items_purged_floors":[22,28,36],"is_endless":false,"potions_floor_spawned":[1,4,10,11,21,25,29,30,33,37,42,48],"killed_by":"hubris:GrandSnecko","ascension_level":5}}