{"host":"dhtsztdrodo5dm3z","time":1608195820,"event":{"mods":["BaseMod","Hermit","Minty Spire (QoL Compilation)","StSLib"],"gold_per_floor":[111,186,11,26,26,70,70,90,117,117,135,135,159,179,179,305,305,305,305],"floor_reached":18,"playtime":819,"items_purged":[],"score":187,"play_id":"d05d9b66-d818-4851-aa74-032e315b66f1","local_time":"20201217170340","is_ascension_mode":false,"campfire_choices":[{"data":"hermit:Showdown","floor":7,"key":"SMITH"},{"data":"hermit:Snapshot","floor":10,"key":"SMITH"},{"data":"hermit:GoldenBullet","floor":15,"key":"SMITH"}],"circlet_count":0,"master_deck":["hermit:Strike_Hermit","hermit:Strike_Hermit","hermit:Strike_Hermit","hermit:Strike_Hermit","hermit:Defend_Hermit+1","hermit:Defend_Hermit","hermit:Defend_Hermit","hermit:Defend_Hermit+1","hermit:Snapshot+1","hermit:Covet","hermit:Desperado","hermit:SprayPray","hermit:BigShot","hermit:Showdown+1","hermit:HoleUp","hermit:Roulette","hermit:Enervate","hermit:Adapt","hermit:Strike_Hermit","hermit:Grudge","hermit:GoldenBullet+1","hermit:HighNoon"],"relics":["hermit:Momento","NeowsBlessing","Golden Idol","War Paint","Vajra","SlaversCollar"],"acts_visited":["Exordium","TheCity"],"potions_floor_usage":[],"damage_taken":[{"damage":0,"enemies":"Small Slimes","floor":1,"turns":1},{"damage":0,"enemies":"Jaw Worm","floor":4,"turns":1},{"damage":0,"enemies":"3 Sentries","floor":6,"turns":1},{"damage":0,"enemies":"2 Louse","floor":8,"turns":2},{"damage":0,"enemies":"Gremlin Gang","floor":11,"turns":5},{"damage":3,"enemies":"3 Louse","floor":13,"turns":3},{"damage":5,"enemies":"Looter","floor":14,"turns":3},{"damage":38,"enemies":"Hexaghost","floor":16,"turns":9},{"damage":0,"enemies":"Chosen","floor":18,"turns":1}],"seed_played":"-4674336138023033017","potions_obtained":[{"floor":11,"key":"Explosive Potion"},{"floor":13,"key":"Ancient Potion"},{"floor":14,"key":"Energy Potion"}],"is_trial":false,"path_per_floor":["M","?","$","M","?","E","R","M","T","R","M","?","M","M","R","B",null,"M"],"character_chosen":"HERMIT","items_purchased":["hermit:SprayPray","hermit:BigShot","hermit:Showdown"],"campfire_rested":0,"item_purchase_floors":[3,3,3],"current_hp_per_floor":[75,64,64,64,64,64,64,64,64,64,64,64,61,56,56,18,69,69,69],"gold":305,"neow_bonus":"THREE_ENEMY_KILL","is_daily":false,"chose_seed":false,"campfire_upgraded":3,"win_rate":0.0,"timestamp":1608195820,"path_taken":["M","?","$","M","?","E","R","?","T","R","M","?","M","M","R","BOSS","M"],"items_purchased_type":["Card","Card","Card"],"build_version":"2020-12-13","purchased_purges":0,"victory":false,"max_hp_per_floor":[75,75,75,75,69,69,69,69,69,69,69,69,69,69,69,69,69,69,69],"card_choices":[{"not_picked":["hermit:Dive","hermit:LuckOfTheDraw"],"picked":"hermit:Desperado","floor":1},{"not_picked":["hermit:HighCaliber","hermit:Vantage"],"picked":"hermit:HoleUp","floor":4},{"not_picked":["hermit:Vantage","hermit:SprayPray"],"picked":"hermit:Roulette","floor":6},{"not_picked":["hermit:ItchyTrigger","hermit:Feint","hermit:BigShot"],"picked":"SKIP","floor":8},{"not_picked":["hermit:Glare","hermit:FlashPowder"],"picked":"hermit:Enervate","floor":11},{"not_picked":["hermit:LoneWolf","hermit:SprayPray"],"picked":"hermit:Grudge","floor":13},{"not_picked":["hermit:Roulette","hermit:Feint"],"picked":"hermit:GoldenBullet","floor":14},{"not_picked":["hermit:Magnum","hermit:Roughhouse"],"picked":"hermit:HighNoon","floor":16}],"player_experience":437472,"relics_obtained":[{"floor":6,"key":"War Paint"},{"floor":9,"key":"Vajra"}],"event_choices":[{"damage_healed":0,"gold_gain":75,"player_choice":"Gather Gold","damage_taken":11,"max_hp_gain":0,"max_hp_loss":0,"event_name":"World of Goop","floor":2,"gold_loss":0},{"damage_healed":0,"gold_gain":0,"player_choice":"Lose Max HP","damage_taken":0,"relics_obtained":["Golden Idol"],"max_hp_gain":0,"max_hp_loss":6,"event_name":"Golden Idol","floor":5,"gold_loss":0},{"damage_healed":0,"gold_gain":0,"player_choice":"2 cards matched","damage_taken":0,"max_hp_gain":0,"max_hp_loss":0,"event_name":"Match and Keep!","floor":12,"gold_loss":0,"cards_obtained":["hermit:Adapt","hermit:Strike_Hermit"]}],"is_beta":false,"boss_relics":[{"not_picked":["Runic Dome","Coffee Dripper"],"picked":"SlaversCollar"}],"items_purged_floors":[],"is_endless":false,"potions_floor_spawned":[11,13,14],"killed_by":"Chosen","ascension_level":0}}