{"host":"un97lkyah1pp4w16","time":1608231193,"event":{"mods":["BaseMod","Colored Map","Colored Powertips","Minty Spire (QoL Compilation)","StSLib","SuperFastMode"],"gold_per_floor":[112,112,131,131,144,171,171,201,224,224,248,273,24,38,38,133,133,146,146,146,161,72,72,72],"floor_reached":23,"playtime":849,"items_purged":["Doubt"],"score":197,"play_id":"52ff1034-8049-4532-bec1-fe5c9d632dc6","local_time":"20201218025313","is_ascension_mode":false,"campfire_choices":[{"floor":7,"key":"REST"},{"floor":10,"key":"REST"},{"floor":15,"key":"REST"}],"circlet_count":0,"master_deck":["Strike_R","Strike_R","Defend_R","Defend_R","Defend_R+1","Defend_R+1","Bash","Clash","Metallicize","Pommel Strike","Sword Boomerang","Armaments","Cleave","Evolve","Clash","Anger","Panache","Iron Wave","Rupture","Berserk","Metallicize","Demon Form","Infernal Blade+1","Metallicize","Armaments+1"],"relics":["Burning Blood","Bronze Scales","Omamori","Dream Catcher","Odd Mushroom","Regal Pillow","Calling Bell","Potion Belt","Toxic Egg 2","StoneCalendar","Pantograph"],"acts_visited":["Exordium","TheCity"],"potions_floor_usage":[6,16,16,23],"damage_taken":[{"damage":0,"enemies":"2 Louse","floor":1,"turns":4},{"damage":3,"enemies":"Cultist","floor":3,"turns":3},{"damage":7,"enemies":"Jaw Worm","floor":5,"turns":4},{"damage":37,"enemies":"Gremlin Nob","floor":6,"turns":6},{"damage":16,"enemies":"3 Sentries","floor":8,"turns":9},{"damage":34,"enemies":"The Mushroom Lair","floor":11,"turns":4},{"damage":0,"enemies":"Blue Slaver","floor":14,"turns":2},{"damage":47,"enemies":"The Guardian","floor":16,"turns":8},{"damage":34,"enemies":"2 Thieves","floor":18,"turns":5},{"damage":27,"enemies":"3 Byrds","floor":21,"turns":5},{"damage":33,"enemies":"Slavers","floor":23,"turns":3}],"seed_played":"-3037543221228822288","potions_obtained":[{"floor":1,"key":"CultistPotion"},{"floor":3,"key":"SkillPotion"},{"floor":4,"key":"LiquidBronze"},{"floor":16,"key":"FearPotion"},{"floor":18,"key":"AttackPotion"}],"is_trial":false,"path_per_floor":["M","?","M","?","M","E","R","E","T","R","?","T","$","M","R","B",null,"M","?","?","M","$","E"],"character_chosen":"IRONCLAD","items_purchased":["Panache","Metallicize","Armaments+1"],"campfire_rested":3,"item_purchase_floors":[13,22,22],"current_hp_per_floor":[80,64,67,67,66,35,59,49,49,73,45,45,45,51,80,39,80,52,52,52,31,31,0,0],"gold":72,"neow_bonus":"TRANSFORM_TWO_CARDS","is_daily":false,"chose_seed":false,"campfire_upgraded":0,"win_rate":0.0,"timestamp":1608231193,"path_taken":["M","?","M","?","?","E","R","E","T","R","?","?","$","M","R","BOSS","M","?","?","?","?","E"],"items_purchased_type":["Card","Card","Card"],"build_version":"2020-12-13","purchased_purges":1,"victory":false,"max_hp_per_floor":[80,80,80,80,80,80,80,80,80,80,80,80,80,80,80,80,80,80,80,80,80,80,80,80],"card_choices":[{"not_picked":["Wild Strike","Intimidate"],"picked":"Pommel Strike","floor":1},{"not_picked":["Body Slam","Clash"],"picked":"Sword Boomerang","floor":3},{"not_picked":["Perfected Strike","Body Slam"],"picked":"Armaments","floor":5},{"not_picked":["Bludgeon","Perfected Strike"],"picked":"Cleave","floor":6},{"not_picked":["Bludgeon","Carnage"],"picked":"Evolve","floor":8},{"not_picked":["Dark Embrace","Body Slam"],"picked":"Clash","floor":10},{"not_picked":["Clash","Sentinel"],"picked":"Anger","floor":11},{"not_picked":["Reckless Charge","Havoc"],"picked":"Iron Wave","floor":14},{"not_picked":["Cleave","Evolve"],"picked":"Rupture","floor":15},{"not_picked":["Brutality","Barricade"],"picked":"Berserk","floor":16},{"not_picked":["Flex+1","Fire Breathing+1"],"picked":"Metallicize","floor":18},{"not_picked":["Body Slam","Headbutt"],"picked":"Infernal Blade+1","floor":21}],"player_experience":95287,"relics_obtained":[{"floor":6,"key":"Bronze Scales"},{"floor":8,"key":"Omamori"},{"floor":9,"key":"Dream Catcher"},{"floor":11,"key":"Odd Mushroom"},{"floor":12,"key":"Regal Pillow"},{"floor":17,"key":"Potion Belt"},{"floor":17,"key":"Toxic Egg 2"},{"floor":17,"key":"StoneCalendar"}],"event_choices":[{"damage_healed":0,"gold_gain":0,"player_choice":"Entered Light","damage_taken":16,"max_hp_gain":0,"max_hp_loss":0,"event_name":"Shining Light","floor":2,"gold_loss":0,"cards_upgraded":["Defend_R","Defend_R"]},{"damage_healed":0,"gold_gain":0,"player_choice":"Got Potions","damage_taken":0,"max_hp_gain":0,"max_hp_loss":0,"event_name":"Lab","floor":4,"gold_loss":0},{"damage_healed":0,"gold_gain":0,"player_choice":"Fought Mushrooms","damage_taken":0,"max_hp_gain":0,"max_hp_loss":0,"event_name":"Mushrooms","floor":11,"gold_loss":0},{"damage_healed":0,"gold_gain":0,"player_choice":"Opened","damage_taken":0,"relics_obtained":["Pantograph"],"max_hp_gain":0,"max_hp_loss":0,"event_name":"The Mausoleum","floor":19,"gold_loss":0,"cards_obtained":["Writhe"]},{"damage_healed":0,"gold_gain":0,"cards_transformed":["Strike_R"],"player_choice":"Transformed","damage_taken":0,"max_hp_gain":0,"max_hp_loss":0,"event_name":"Transmorgrifier","floor":20,"gold_loss":0,"cards_obtained":["Demon Form"]}],"is_beta":false,"boss_relics":[{"not_picked":["Cursed Key","Snecko Eye"],"picked":"Calling Bell"}],"items_purged_floors":[13],"is_endless":false,"potions_floor_spawned":[1,3,16,18],"killed_by":"Slavers","ascension_level":0}}