{"host":"rqd50iigewdjy74u","time":1608202285,"event":{"mods":["AchievementEnabler","BaseMod","BetterRewards","Custom Start","Minty Spire (QoL Compilation)","StSLib"],"gold_per_floor":[110,127,202,202,220,245,245,256,282,312,331,362,379,328,328,328,328],"floor_reached":16,"playtime":799,"items_purged":[],"score":181,"play_id":"fc03f08b-eb7a-4414-988c-df4d3a46ff25","local_time":"20201217045125","is_ascension_mode":true,"campfire_choices":[{"data":"Sunder","floor":7,"key":"SMITH"},{"data":"Biased Cognition","floor":15,"key":"SMITH"}],"circlet_count":0,"master_deck":["Strike_B+1","Strike_B","Strike_B","Strike_B","Defend_B","Defend_B","Defend_B","Defend_B","Zap","Dualcast","Sunder+1","Coolheaded","Sunder+1","Defragment","Steam","Biased Cognition+1","Glacier","Gash"],"relics":["Cracked Core","PreservedInsect","Happy Flower","Bag of Marbles","Pen Nib","Ancient Tea Set","Smiling Mask","Tiny Chest"],"acts_visited":["Exordium"],"potions_floor_usage":[13,16],"damage_taken":[{"damage":0,"enemies":"Cultist","floor":1,"turns":4},{"damage":0,"enemies":"Jaw Worm","floor":2,"turns":3},{"damage":10,"enemies":"2 Louse","floor":5,"turns":2},{"damage":9,"enemies":"3 Sentries","floor":6,"turns":3},{"damage":0,"enemies":"Looter","floor":8,"turns":1},{"damage":10,"enemies":"Gremlin Nob","floor":10,"turns":3},{"damage":8,"enemies":"Lots of Slimes","floor":11,"turns":3},{"damage":5,"enemies":"3 Sentries","floor":12,"turns":3},{"damage":0,"enemies":"Red Slaver","floor":13,"turns":1},{"damage":36,"enemies":"Hexaghost","floor":16,"turns":12}],"seed_played":"485113501595041246","potions_obtained":[{"floor":5,"key":"BlessingOfTheForge"},{"floor":8,"key":"SpeedPotion"}],"is_trial":false,"path_per_floor":["M","M","?","?","M","E","R","M","T","E","M","E","M","?","R","B"],"character_chosen":"DEFECT","items_purchased":["PreservedInsect","Happy Flower","FairyPotion"],"campfire_rested":0,"item_purchase_floors":[0,0,0],"current_hp_per_floor":[75,75,64,49,39,30,30,30,30,20,12,7,7,7,7,0,0],"gold":328,"neow_bonus":"","is_daily":false,"chose_seed":false,"campfire_upgraded":2,"win_rate":0.0,"timestamp":1608202285,"path_taken":["M","?","?","?","M","E","R","M","T","E","M","E","M","?","R","BOSS"],"items_purchased_type":["Relic","Relic","Potion"],"build_version":"2020-12-13","purchased_purges":0,"victory":false,"max_hp_per_floor":[75,75,75,75,75,75,75,75,75,75,75,75,75,75,75,75,75],"card_choices":[{"not_picked":["Tempest","Doom and Gloom"],"picked":"Sunder","floor":1},{"not_picked":["Sweeping Beam","Hologram"],"picked":"Coolheaded","floor":2},{"not_picked":["Cold Snap","Sweeping Beam"],"picked":"Sunder","floor":5},{"not_picked":["Undo","Gash"],"picked":"Defragment","floor":6},{"not_picked":["Rebound","Heatsinks"],"picked":"Steam","floor":8},{"not_picked":["Force Field","Recycle","Auto Shields"],"picked":"SKIP","floor":10},{"not_picked":["Barrage","BootSequence"],"picked":"Biased Cognition","floor":11},{"not_picked":["Cold Snap","Barrage"],"picked":"Glacier","floor":12},{"not_picked":["Hello World","Recycle"],"picked":"Gash","floor":13}],"player_experience":53025,"relics_obtained":[{"floor":6,"key":"Bag of Marbles"},{"floor":9,"key":"Pen Nib"},{"floor":10,"key":"Ancient Tea Set"},{"floor":12,"key":"Smiling Mask"}],"event_choices":[{"damage_healed":0,"gold_gain":75,"player_choice":"Gather Gold","damage_taken":11,"max_hp_gain":0,"max_hp_loss":0,"event_name":"World of Goop","floor":3,"gold_loss":0},{"damage_healed":0,"gold_gain":0,"player_choice":"Entered Light","damage_taken":15,"max_hp_gain":0,"max_hp_loss":0,"event_name":"Shining Light","floor":4,"gold_loss":0,"cards_upgraded":["Sunder","Strike_B"]},{"damage_healed":0,"gold_gain":0,"player_choice":"Paid Gold","damage_taken":0,"relics_obtained":["Tiny Chest"],"max_hp_gain":0,"max_hp_loss":0,"event_name":"WeMeetAgain","floor":14,"gold_loss":51}],"is_beta":false,"boss_relics":[],"items_purged_floors":[],"is_endless":false,"potions_floor_spawned":[5,8,11],"killed_by":"Hexaghost","ascension_level":1}}