{"host":"mi0eibewekhugwl1","time":1608207061,"event":{"mods":["AchievementEnabler","BaseMod","Colored Map","Colored Powertips","DeckTracker","Keyboard Shortcuts","Minty Spire (QoL Compilation)","Quick Restart","Rare Cards Sparkle","Relic Stats","StSLib","SuperFastMode","everything is the same but u backflip on backflip"],"gold_per_floor":[113,127,28,38,51,51,51,51,130,130,149,224,243,243,243,320,320,331,331,331,88,99,99,134,147,147,67,67,67,67,67,67,145,145,158,53,53,53,68,68,82,82,82,14,49,60,78,97,97,97,97,97],"floor_reached":51,"playtime":1313,"items_purged":["Strike_B","Strike_B"],"score":1295,"play_id":"90a3b908-6421-4531-a5f9-b0fef4ca9dd4","local_time":"20201217211101","is_ascension_mode":true,"campfire_choices":[{"data":"Zap","floor":6,"key":"SMITH"},{"data":"Dualcast","floor":10,"key":"SMITH"},{"data":"Chaos","floor":15,"key":"SMITH"},{"data":"Self Repair","floor":23,"key":"SMITH"},{"floor":29,"key":"REST"},{"floor":32,"key":"REST"},{"floor":40,"key":"REST"},{"floor":49,"key":"RECALL"}],"circlet_count":0,"master_deck":["AscendersBane","Defend_B","Defend_B","Zap+1","Dualcast+1","Capacitor","Ball Lightning","Self Repair+1","Chaos+1","Cold Snap","Echo Form","Static Discharge+1","Glacier","Melter","Chill+1","Buffer+1","Turbo+1","Core Surge+1","Chill+1","Coolheaded","Consume+1","Compile Driver+1","FTL","Panacea","Apotheosis","Blizzard","Chaos+1","Thunder Strike"],"relics":["Cracked Core","NeowsBlessing","Blood Vial","White Beast Statue","Runic Pyramid","Runic Capacitor","Frozen Egg 2","The Courier","Astrolabe","Cables"],"acts_visited":["Exordium","TheCity","TheBeyond"],"potions_floor_usage":[5,22,24,33,39,39,41,50,50,50,51],"damage_taken":[{"damage":0,"enemies":"2 Louse","floor":1,"turns":1},{"damage":0,"enemies":"Small Slimes","floor":2,"turns":1},{"damage":0,"enemies":"Jaw Worm","floor":4,"turns":1},{"damage":39,"enemies":"Exordium Thugs","floor":5,"turns":5},{"damage":30,"enemies":"Gremlin Gang","floor":11,"turns":5},{"damage":7,"enemies":"3 Louse","floor":13,"turns":2},{"damage":31,"enemies":"Hexaghost","floor":16,"turns":9},{"damage":31,"enemies":"Shell Parasite","floor":18,"turns":5},{"damage":0,"enemies":"Chosen","floor":22,"turns":7},{"damage":31,"enemies":"Book of Stabbing","floor":24,"turns":4},{"damage":23,"enemies":"Centurion and Healer","floor":25,"turns":7},{"damage":38,"enemies":"Colosseum Slavers","floor":30,"turns":6},{"damage":31,"enemies":"Champ","floor":33,"turns":12},{"damage":37,"enemies":"3 Darklings","floor":35,"turns":7},{"damage":8,"enemies":"Orb Walker","floor":39,"turns":4},{"damage":3,"enemies":"Maw","floor":41,"turns":8},{"damage":7,"enemies":"Giant Head","floor":45,"turns":11},{"damage":30,"enemies":"Writhing Mass","floor":46,"turns":7},{"damage":0,"enemies":"Sphere and 2 Shapes","floor":47,"turns":5},{"damage":0,"enemies":"4 Shapes","floor":48,"turns":10},{"damage":59,"enemies":"Donu and Deca","floor":50,"turns":11},{"damage":30,"enemies":"Awakened One","floor":51,"turns":2}],"seed_played":"-5895329662264157323","potions_obtained":[{"floor":2,"key":"Swift Potion"},{"floor":11,"key":"Swift Potion"},{"floor":13,"key":"LiquidBronze"},{"floor":22,"key":"SteroidPotion"},{"floor":24,"key":"CultistPotion"},{"floor":25,"key":"LiquidBronze"},{"floor":33,"key":"DistilledChaos"},{"floor":39,"key":"SkillPotion"},{"floor":41,"key":"SpeedPotion"},{"floor":45,"key":"EssenceOfDarkness"},{"floor":46,"key":"EntropicBrew"},{"floor":48,"key":"Swift Potion"}],"is_trial":false,"path_per_floor":["M","M","$","M","M","R","?","?","T","R","M","?","M","?","R","B",null,"M","?","?","$","M","R","E","M","T","$","?","R","?","?","R","B",null,"M","$","?","?","M","R","M","?","T","$","E","M","M","M","R","B","B"],"character_chosen":"DEFECT","items_purchased":["Ball Lightning","Self Repair","Runic Capacitor","Consume","Block Potion","Blizzard"],"campfire_rested":3,"item_purchase_floors":[3,3,21,36,36,44],"current_hp_per_floor":[64,64,64,71,39,39,62,62,62,62,41,30,32,32,32,10,56,41,41,41,41,50,50,31,20,20,20,20,41,15,15,36,17,58,33,33,33,33,37,58,67,57,57,57,71,51,63,71,71,22,0,0],"gold":97,"neow_bonus":"THREE_ENEMY_KILL","is_daily":false,"chose_seed":false,"campfire_upgraded":4,"win_rate":0.0,"timestamp":1608207061,"path_taken":["M","M","$","M","M","R","?","?","T","R","M","?","M","?","R","BOSS","M","?","?","$","M","R","E","M","T","$","?","R","?","?","R","BOSS","M","$","?","?","?","R","?","?","T","?","E","M","M","M","R","BOSS","BOSS"],"items_purchased_type":["Card","Card","Relic","Card","Potion","Card"],"build_version":"2020-12-13","purchased_purges":2,"victory":false,"max_hp_per_floor":[71,71,71,71,71,71,71,71,71,71,71,71,71,71,71,71,71,71,71,71,71,71,71,71,71,71,71,71,71,71,71,71,71,71,71,71,71,71,71,71,71,71,71,71,71,71,71,71,71,71,71,71],"relic_stats":{"Blood Vial":32,"counters":[22,130],"Astrolabe":["Turbo","Core Surge","Chill"],"obtain_stats":[{"Blood Vial":8,"NeowsBlessing":0,"Astrolabe":34,"The Courier":26,"Runic Capacitor":21,"Frozen Egg 2":24,"Cracked Core":0,"White Beast Statue":9,"Runic Pyramid":17,"Cables":45},{"Blood Vial":4,"NeowsBlessing":0,"Astrolabe":13,"The Courier":11,"Runic Capacitor":8,"Frozen Egg 2":10,"Cracked Core":0,"White Beast Statue":4,"Runic Pyramid":7,"Cables":17},{"Blood Vial":8,"NeowsBlessing":0,"Astrolabe":65,"The Courier":47,"Runic Capacitor":29,"Frozen Egg 2":40,"Cracked Core":0,"White Beast Statue":8,"Runic Pyramid":24,"Cables":95}],"Cables":[32,10,19,2,1]},"card_choices":[{"not_picked":["Rebound","Hologram","Redo"],"picked":"SKIP","floor":1},{"not_picked":["Sweeping Beam","Gash"],"picked":"Capacitor","floor":2},{"not_picked":["BootSequence","Conserve Battery"],"picked":"Chaos","floor":4},{"not_picked":["Gash","Capacitor","Steam"],"picked":"SKIP","floor":5},{"not_picked":["Doom and Gloom","Turbo"],"picked":"Cold Snap","floor":11},{"not_picked":["Scrape","Conserve Battery"],"picked":"Echo Form","floor":13},{"not_picked":["Streamline+1","Leap+1"],"picked":"Static Discharge+1","floor":18},{"not_picked":["Hologram","Stack","Rip and Tear"],"picked":"SKIP","floor":22},{"not_picked":["Stack","Conserve Battery"],"picked":"Melter","floor":24},{"not_picked":["Conserve Battery","Streamline"],"picked":"Chill+1","floor":25},{"not_picked":["Hyperbeam","Biased Cognition+1"],"picked":"Buffer+1","floor":33},{"not_picked":["Darkness","Genetic Algorithm"],"picked":"Coolheaded","floor":35},{"not_picked":["Storm+1","Coolheaded"],"picked":"Compile Driver+1","floor":39},{"not_picked":["Cold Snap","BootSequence"],"picked":"FTL","floor":41},{"not_picked":["Blind","Trip"],"picked":"Panacea","floor":42},{"not_picked":["Discovery","Secret Technique"],"picked":"Apotheosis","floor":42},{"not_picked":["Ball Lightning","Sweeping Beam","Compile Driver"],"picked":"SKIP","floor":45},{"not_picked":["Ball Lightning","BootSequence+1"],"picked":"Chaos+1","floor":46},{"not_picked":["Go for the Eyes+1","Beam Cell","Sweeping Beam+1"],"picked":"SKIP","floor":47},{"not_picked":["Go for the Eyes+1","Beam Cell","Sweeping Beam+1"],"picked":"SKIP","floor":47},{"not_picked":["Ball Lightning","Barrage"],"picked":"Thunder Strike","floor":48}],"player_experience":1682704,"relics_obtained":[{"floor":9,"key":"White Beast Statue"},{"floor":24,"key":"Frozen Egg 2"},{"floor":26,"key":"The Courier"},{"floor":45,"key":"Cables"}],"event_choices":[{"damage_healed":23,"gold_gain":0,"player_choice":"Banana","damage_taken":0,"max_hp_gain":0,"max_hp_loss":0,"event_name":"Big Fish","floor":7,"gold_loss":0},{"damage_healed":0,"gold_gain":0,"player_choice":"Searched \u00271\u0027 times","damage_taken":0,"relics_obtained":["Blood Vial"],"max_hp_gain":0,"max_hp_loss":0,"event_name":"Dead Adventurer","floor":8,"gold_loss":0},{"damage_healed":0,"gold_gain":75,"player_choice":"Gather Gold","damage_taken":11,"max_hp_gain":0,"max_hp_loss":0,"event_name":"World of Goop","floor":12,"gold_loss":0},{"damage_healed":0,"gold_gain":0,"player_choice":"Ignored","damage_taken":0,"max_hp_gain":0,"max_hp_loss":0,"event_name":"Shining Light","floor":14,"gold_loss":0},{"damage_healed":0,"gold_gain":0,"player_choice":"Ignored","damage_taken":0,"max_hp_gain":0,"max_hp_loss":0,"event_name":"The Mausoleum","floor":19,"gold_loss":0},{"damage_healed":0,"gold_gain":0,"player_choice":"Read","damage_taken":0,"max_hp_gain":0,"max_hp_loss":0,"event_name":"The Library","floor":20,"gold_loss":0,"cards_obtained":["Glacier"]},{"damage_healed":0,"gold_gain":0,"player_choice":"Ignored","damage_taken":0,"max_hp_gain":0,"max_hp_loss":0,"event_name":"Vampires","floor":28,"gold_loss":0},{"damage_healed":0,"gold_gain":0,"player_choice":"Fight","damage_taken":0,"max_hp_gain":0,"max_hp_loss":0,"event_name":"Colosseum","floor":30,"gold_loss":0},{"damage_healed":0,"gold_gain":0,"player_choice":"Fled From Nobs","damage_taken":0,"max_hp_gain":0,"max_hp_loss":0,"event_name":"Colosseum","floor":30,"gold_loss":0},{"cards_removed":["Strike_B"],"damage_healed":0,"gold_gain":0,"player_choice":"Elegance","damage_taken":0,"max_hp_gain":0,"max_hp_loss":0,"event_name":"Back to Basics","floor":31,"gold_loss":0},{"damage_healed":0,"gold_gain":0,"player_choice":"Ignored","damage_taken":0,"max_hp_gain":0,"max_hp_loss":0,"event_name":"Mysterious Sphere","floor":37,"gold_loss":0},{"damage_healed":0,"gold_gain":0,"player_choice":"Upgraded","damage_taken":0,"max_hp_gain":0,"max_hp_loss":0,"event_name":"Upgrade Shrine","floor":38,"gold_loss":0,"cards_upgraded":["Consume"]},{"damage_healed":0,"gold_gain":0,"player_choice":"Memory 3","damage_taken":10,"max_hp_gain":0,"max_hp_loss":0,"event_name":"SensoryStone","floor":42,"gold_loss":0}],"is_beta":false,"boss_relics":[{"not_picked":["Philosopher\u0027s Stone","Velvet Choker"],"picked":"Runic Pyramid"},{"not_picked":["Coffee Dripper","SacredBark"],"picked":"Astrolabe"}],"items_purged_floors":[21,27],"is_endless":false,"potions_floor_spawned":[2,11,13,16,18,22,24,25,30,33,35,39,41,45,46,47,48],"killed_by":"Awakened One","ascension_level":20}}