{"host":"m6h67kf6cz80m3yv","time":1608170359,"event":{"mods":["BaseMod","Better Third Choice","BetterRewards","Colored Powertips","Downfall","Duelist Mod","Hermit","Marisa????????","Minty Spire (QoL Compilation)","Quick Restart","Shade Mod","Shop Mod","StSLib","SuperFastMode","The Servant 0.9.4"],"gold_per_floor":[110,110,14,26,44,71,71,92,115,115,178,178,204,224,224,327,327,340,357,357,371,371,371,371,371,371],"floor_reached":25,"playtime":1326,"items_purged":[],"score":293,"play_id":"5eebfa96-b87b-4b00-a753-13d7980050ac","local_time":"20201216235919","is_ascension_mode":true,"campfire_choices":[{"floor":7.0,"key":"REST"},{"floor":10.0,"key":"REST"},{"floor":12.0,"key":"REST"},{"floor":15.0,"key":"REST"},{"floor":23,"key":"REST"}],"circlet_count":0,"master_deck":["Strike_S+1","Strike_S+1","Strike_S","Strike_S","Defend_S","Defend_S","Defend_S","KidneyShot","Exchange","Initiator","BestPractice","WasteNot","Blind","Foresight","Barrier","DoubleEdge","TimeWarp","Read","PendulumOfEternity","Reset","BestPractice","TrueSight","Advance","BestPractice","Spin","Contraction+1"],"relics":["Uniform","Dream Catcher","Odd Mushroom","Whetstone","Thread and Needle","Busted Crown","betterThird:NestCultRelic"],"acts_visited":["Exordium","TheCity"],"potions_floor_usage":[],"damage_taken":[{"damage":5.0,"enemies":"2 Louse","floor":1.0,"turns":2.0},{"damage":0.0,"enemies":"Cultist","floor":4.0,"turns":3.0},{"damage":12.0,"enemies":"Small Slimes","floor":5.0,"turns":2.0},{"damage":32.0,"enemies":"3 Sentries","floor":6.0,"turns":9.0},{"damage":17.0,"enemies":"The Mushroom Lair","floor":8.0,"turns":4.0},{"damage":0.0,"enemies":"Lagavulin","floor":13.0,"turns":10.0},{"damage":13.0,"enemies":"3 Louse","floor":14.0,"turns":3.0},{"damage":16.0,"enemies":"Slime Boss","floor":16.0,"turns":9.0},{"damage":0.0,"enemies":"Chosen","floor":18.0,"turns":6.0},{"damage":8.0,"enemies":"Shell Parasite","floor":19.0,"turns":6.0},{"damage":21,"enemies":"3 Cultists","floor":21,"turns":6},{"damage":30,"enemies":"Slavers","floor":25,"turns":1}],"seed_played":"9051839797478501595","potions_obtained":[{"floor":8.0,"key":"ColorlessPotion"},{"floor":13.0,"key":"SpeedPotion"},{"floor":14.0,"key":"Fire Potion"},{"floor":16.0,"key":"Explosive Potion"},{"floor":18.0,"key":"FearPotion"}],"is_trial":false,"path_per_floor":["M","?","$","M","M","E","R","?","T","R","?","R","E","M","R","B",null,"M","M","?","M","?","R","?","E"],"character_chosen":"THE_SERVANT","items_purchased":["Blind"],"campfire_rested":5,"item_purchase_floors":[3],"current_hp_per_floor":[54,54,54,54,42,10,27,10,10,27,27,44,44,31,48,32,52,52,44,44,23,23,40,30,0,0],"gold":371,"neow_bonus":"THREE_RARE_CARDS","is_daily":false,"chose_seed":false,"campfire_upgraded":0,"win_rate":0.0,"timestamp":1608170359,"path_taken":["M","?","?","M","?","E","R","?","T","R","?","R","E","M","R","BOSS","M","M","?","?","?","R","?","E"],"items_purchased_type":["Card"],"build_version":"2020-12-13","purchased_purges":0,"victory":false,"max_hp_per_floor":[59,59,59,59,59,59,59,59,59,59,59,59,59,59,59,59,59,59,59,59,59,59,59,64,64,64],"card_choices":[{"not_picked":["SoulSculpture","ForgedInTime"],"picked":"Initiator","floor":0.0},{"not_picked":["Replace","Rearm"],"picked":"BestPractice","floor":1.0},{"not_picked":["DoubleEdge","Ricochet"],"picked":"Foresight","floor":4.0},{"not_picked":["Ricochet","StarChef"],"picked":"Barrier","floor":5.0},{"not_picked":["Barrier","Rearm"],"picked":"DoubleEdge","floor":6.0},{"not_picked":["Alleviate","DoubleEdge"],"picked":"TimeWarp","floor":7.0},{"not_picked":["Alleviate","ShiftingGears"],"picked":"Read","floor":8.0},{"not_picked":["Rewind","Alleviate"],"picked":"PendulumOfEternity","floor":10.0},{"not_picked":["Comet","DoubleEdge","Collapse"],"picked":"SKIP","floor":13.0},{"not_picked":["Foresight","Moonlight"],"picked":"Reset","floor":14.0},{"not_picked":["Starlight","Contraction"],"picked":"BestPractice","floor":15.0},{"not_picked":["SilverMatrix","TheWorld"],"picked":"TrueSight","floor":16.0},{"not_picked":[],"picked":"Advance","floor":18.0},{"not_picked":[],"picked":"BestPractice","floor":19.0},{"not_picked":[],"picked":"Contraction+1","floor":21}],"player_experience":275537,"relics_obtained":[{"floor":6.0,"key":"Dream Catcher"},{"floor":8.0,"key":"Odd Mushroom"},{"floor":9.0,"key":"Whetstone"},{"floor":13.0,"key":"Thread and Needle"}],"event_choices":[{"damage_healed":0.0,"max_hp_gain":0.0,"max_hp_loss":0.0,"gold_gain":0.0,"event_name":"Match and Keep!","player_choice":"1 cards matched","floor":2.0,"gold_loss":0.0,"damage_taken":0.0,"cards_obtained":["WasteNot"]},{"damage_healed":0.0,"max_hp_gain":0.0,"max_hp_loss":0.0,"gold_gain":0.0,"event_name":"Mushrooms","player_choice":"Fought Mushrooms","floor":8.0,"gold_loss":0.0,"damage_taken":0.0},{"damage_healed":0.0,"max_hp_gain":0.0,"max_hp_loss":0.0,"gold_gain":63.0,"event_name":"Golden Wing","player_choice":"Gained Gold","floor":11.0,"gold_loss":0.0,"damage_taken":0.0},{"damage_healed":0.0,"max_hp_gain":0.0,"max_hp_loss":0.0,"gold_gain":0.0,"cards_transformed":["Defend_S"],"event_name":"Transmorgrifier","player_choice":"Transformed","floor":20.0,"gold_loss":0.0,"damage_taken":0.0,"cards_obtained":["Spin"]},{"damage_healed":0,"gold_gain":0,"player_choice":"Madness","damage_taken":0,"relics_obtained":["betterThird:NestCultRelic"],"max_hp_gain":0,"max_hp_loss":0,"event_name":"betterThird:BetterNest","floor":22,"gold_loss":0},{"damage_healed":0,"gold_gain":0,"player_choice":"Shed Blood","damage_taken":15,"max_hp_gain":5,"max_hp_loss":0,"event_name":"Forgotten Altar","floor":24,"gold_loss":0}],"is_beta":false,"boss_relics":[{"not_picked":["SlaversCollar","Black Star"],"picked":"Busted Crown"}],"items_purged_floors":[],"is_endless":false,"potions_floor_spawned":[8,13,14,16,18],"killed_by":"Slavers","ascension_level":5}}