{"host":"qrt7o4dq2qslzw13","time":1608214961,"event":{"mods":["AchievementEnabler","BaseMod","Colored Map","Colored Powertips","Minty Spire (QoL Compilation)","Quick Restart","Rare Cards Sparkle","StSLib","SuperFastMode"],"gold_per_floor":[109,51,51,67,86,86,116,127,127,127,138,199,199,231,231,302,302,274,274,274,285,300,300,300,300,300,300,320,3,19,19,19,93,93,112,132,132,132],"floor_reached":37,"playtime":860,"items_purged":[],"score":758,"play_id":"60407f8f-41a5-4a56-b23a-4cf9c11aa667","local_time":"20201217092241","is_ascension_mode":true,"campfire_choices":[{"data":"Metamorphosis","floor":6.0,"key":"SMITH"},{"floor":10.0,"key":"REST"},{"floor":13.0,"key":"REST"},{"floor":15.0,"key":"REST"},{"floor":23.0,"key":"REST"},{"data":"Corruption","floor":25.0,"key":"SMITH"},{"data":"RitualDagger","floor":27.0,"key":"SMITH"},{"floor":32.0,"key":"REST"}],"circlet_count":0,"master_deck":["AscendersBane","Strike_R","Strike_R","Strike_R","Defend_R","Defend_R","Defend_R","Defend_R","Bash","Metamorphosis+1","Headbutt","Havoc","Disarm","Cleave","Corruption+1","Inflame","True Grit","Spot Weakness","Impervious","Carnage","RitualDagger+1","Metallicize+1","Battle Trance","Ghostly Armor","Master of Strategy","Finesse","Havoc","Feel No Pain","Limit Break","Flame Barrier"],"relics":["Burning Blood","Art of War","Regal Pillow","Paper Frog","Ornamental Fan","Mark of Pain","Eternal Feather","Torii","Empty Cage"],"acts_visited":["Exordium","TheCity","TheBeyond"],"potions_floor_usage":[37],"damage_taken":[{"damage":7.0,"enemies":"2 Louse","floor":1.0,"turns":4.0},{"damage":10.0,"enemies":"Small Slimes","floor":4.0,"turns":3.0},{"damage":5.0,"enemies":"Jaw Worm","floor":5.0,"turns":4.0},{"damage":22.0,"enemies":"Lagavulin","floor":7.0,"turns":5.0},{"damage":18.0,"enemies":"3 Louse","floor":8.0,"turns":5.0},{"damage":9.0,"enemies":"2 Fungi Beasts","floor":11.0,"turns":3.0},{"damage":40.0,"enemies":"3 Sentries","floor":12.0,"turns":6.0},{"damage":50.0,"enemies":"3 Sentries","floor":14.0,"turns":8.0},{"damage":30.0,"enemies":"Slime Boss","floor":16.0,"turns":8.0},{"damage":27.0,"enemies":"2 Thieves","floor":18.0,"turns":4.0},{"damage":17.0,"enemies":"Spheric Guardian","floor":21.0,"turns":5.0},{"damage":9.0,"enemies":"Centurion and Healer","floor":22.0,"turns":6.0},{"damage":7.0,"enemies":"Snake Plant","floor":28.0,"turns":5.0},{"damage":44.0,"enemies":"Cultist and Chosen","floor":30.0,"turns":8.0},{"damage":66,"enemies":"Collector","floor":33,"turns":12},{"damage":8,"enemies":"3 Darklings","floor":35,"turns":6},{"damage":14,"enemies":"Orb Walker","floor":36,"turns":4},{"damage":44,"enemies":"4 Shapes","floor":37,"turns":2}],"seed_played":"-1625934621407003980","potions_obtained":[{"floor":1.0,"key":"Swift Potion"},{"floor":7.0,"key":"Weak Potion"},{"floor":16.0,"key":"DistilledChaos"},{"floor":21.0,"key":"FearPotion"},{"floor":33,"key":"SpeedPotion"}],"is_trial":false,"path_per_floor":["M","$","?","M","M","R","E","M","T","R","M","?","R","E","R","B",null,"M","?","?","M","M","R","?","R","T","R","M","$","M","$","R","B",null,"M","M","M"],"character_chosen":"IRONCLAD","items_purchased":["Havoc","Master of Strategy","Finesse","Havoc"],"campfire_rested":5,"item_purchase_floors":[2,29,29,29],"current_hp_per_floor":[67,67,60,56,57,57,41,29,29,64,61,27,62,18,53,29,58,37,37,31,20,17,67,67,68,68,68,67,67,29,29,68,8,53,51,43,0,0],"gold":132,"neow_bonus":"RANDOM_COLORLESS_2","is_daily":false,"chose_seed":false,"campfire_upgraded":3,"win_rate":0.0,"timestamp":1608214961,"path_taken":["M","$","?","M","M","R","E","M","T","R","M","?","R","E","R","BOSS","M","?","?","M","M","R","?","R","T","R","?","?","M","$","R","BOSS","M","M","?"],"items_purchased_type":["Card","Card","Card","Card"],"build_version":"2020-12-13","purchased_purges":0,"victory":false,"max_hp_per_floor":[68,68,68,68,68,68,68,68,68,68,68,68,68,68,68,68,68,68,68,68,68,68,68,68,68,68,68,68,68,68,68,68,68,68,68,68,68,68],"card_choices":[{"not_picked":["Violence","Magnetism"],"picked":"Metamorphosis","floor":0.0},{"not_picked":["Pommel Strike","Infernal Blade"],"picked":"Headbutt","floor":1.0},{"not_picked":["Clothesline","Sword Boomerang"],"picked":"Disarm","floor":4.0},{"not_picked":["Sword Boomerang","Infernal Blade"],"picked":"Cleave","floor":5.0},{"not_picked":["Blood for Blood","Reckless Charge","Headbutt"],"picked":"SKIP","floor":7.0},{"not_picked":["Dark Embrace","Infernal Blade"],"picked":"Corruption","floor":8.0},{"not_picked":["Sword Boomerang","Clothesline"],"picked":"Inflame","floor":11.0},{"not_picked":["Sword Boomerang","Body Slam"],"picked":"True Grit","floor":12.0},{"not_picked":["Twin Strike","Battle Trance"],"picked":"Spot Weakness","floor":14.0},{"not_picked":["Immolate","Bludgeon"],"picked":"Impervious","floor":16.0},{"not_picked":["Sword Boomerang","Iron Wave"],"picked":"Carnage","floor":18.0},{"not_picked":["Shrug It Off","Anger"],"picked":"Metallicize+1","floor":21.0},{"not_picked":["Sword Boomerang+1","Havoc"],"picked":"Battle Trance","floor":22.0},{"not_picked":["Flex","Dual Wield"],"picked":"Ghostly Armor","floor":28.0},{"not_picked":["Havoc","Spot Weakness"],"picked":"Feel No Pain","floor":30.0},{"not_picked":["Reaper","Fiend Fire"],"picked":"Limit Break","floor":33},{"not_picked":["Headbutt+1","Pommel Strike","Wild Strike"],"picked":"SKIP","floor":35},{"not_picked":["Sword Boomerang","True Grit"],"picked":"Flame Barrier","floor":36}],"player_experience":459896,"relics_obtained":[{"floor":7.0,"key":"Art of War"},{"floor":9.0,"key":"Regal Pillow"},{"floor":12.0,"key":"Paper Frog"},{"floor":14.0,"key":"Ornamental Fan"},{"floor":26.0,"key":"Torii"}],"event_choices":[{"cards_removed":["Strike_R"],"damage_healed":0.0,"max_hp_gain":0.0,"max_hp_loss":0.0,"gold_gain":0.0,"event_name":"Golden Wing","player_choice":"Card Removal","floor":3.0,"gold_loss":0.0,"damage_taken":7.0},{"damage_healed":0.0,"max_hp_gain":0.0,"max_hp_loss":0.0,"gold_gain":0.0,"event_name":"Dead Adventurer","player_choice":"Searched \u00271\u0027 times","floor":12.0,"gold_loss":0.0,"damage_taken":0.0},{"damage_healed":0.0,"max_hp_gain":0.0,"max_hp_loss":0.0,"gold_gain":0.0,"event_name":"The Mausoleum","player_choice":"Opened","floor":19.0,"gold_loss":0.0,"damage_taken":0.0,"relics_obtained":["Eternal Feather"],"cards_obtained":["Writhe"]},{"damage_healed":0.0,"max_hp_gain":0.0,"max_hp_loss":0.0,"gold_gain":0.0,"event_name":"Nest","player_choice":"Joined the Cult","floor":20.0,"gold_loss":0.0,"damage_taken":6.0,"cards_obtained":["RitualDagger"]},{"damage_healed":0.0,"max_hp_gain":0.0,"max_hp_loss":0.0,"gold_gain":0.0,"event_name":"Beggar","player_choice":"Ignored","floor":24.0,"gold_loss":0.0,"damage_taken":0.0}],"is_beta":false,"boss_relics":[{"not_picked":["Runic Cube","Pandora\u0027s Box"],"picked":"Mark of Pain"},{"not_picked":["Velvet Choker","Black Star"],"picked":"Empty Cage"}],"items_purged_floors":[],"is_endless":false,"potions_floor_spawned":[1,7,16,21,33],"killed_by":"4 Shapes","ascension_level":20}}