{"host":"sav7uxregyirlf69","time":1608184191,"event":{"mods":["AchievementEnabler","BaseMod","Colored Map","DeckTracker","Keyboard Shortcuts","Minty Spire (QoL Compilation)","READ ME - Guardian Mod","StSLib","SuperFastMode"],"gold_per_floor":[111,111,111,121,121,164,114,134,134,147,164,164,204,152,152,231,303,315,357,357,357,102,125,75,75,101,81,81,104,104,104],"floor_reached":30,"playtime":486,"items_purged":["Strike_G","Deadly Poison","Expertise"],"score":526,"play_id":"5feec774-20fd-428d-8813-2dbc2af78339","local_time":"20201217144951","is_ascension_mode":true,"campfire_choices":[{"data":"Neutralize","floor":12.0,"key":"SMITH"},{"floor":15.0,"key":"REST"},{"data":"Terror","floor":28.0,"key":"SMITH"}],"circlet_count":0,"master_deck":["AscendersBane","Survivor","Neutralize+1","Deadly Poison+1","Quick Slash","Predator","Glass Knife+1","Terror+1","Calculated Gamble","All Out Attack+1","Night Terror+1","Eviscerate+1","Masterful Stab+1","Acrobatics+1","Backflip","Footwork","Prepared","Dagger Throw+1"],"relics":["Ring of the Snake","NeowsBlessing","Smiling Mask","CeramicFish","Pantograph","Molten Egg 2","Pandora\u0027s Box","Red Mask","War Paint"],"acts_visited":["Exordium","TheCity"],"potions_floor_usage":[],"damage_taken":[{"damage":0.0,"enemies":"2 Louse","floor":1.0,"turns":1.0},{"damage":0.0,"enemies":"Jaw Worm","floor":4.0,"turns":1.0},{"damage":0.0,"enemies":"Lagavulin","floor":6.0,"turns":1.0},{"damage":1.0,"enemies":"Cultist","floor":8.0,"turns":3.0},{"damage":5.0,"enemies":"3 Louse","floor":10.0,"turns":3.0},{"damage":0.0,"enemies":"2 Fungi Beasts","floor":11.0,"turns":4.0},{"damage":29.0,"enemies":"3 Sentries","floor":13.0,"turns":10.0},{"damage":38.0,"enemies":"Hexaghost","floor":16.0,"turns":10.0},{"damage":3.0,"enemies":"Spheric Guardian","floor":18.0,"turns":3.0},{"damage":0.0,"enemies":"Masked Bandits","floor":19.0,"turns":2.0},{"damage":24.0,"enemies":"2 Thieves","floor":23.0,"turns":4.0},{"damage":0.0,"enemies":"Snake Plant","floor":25.0,"turns":1.0},{"damage":24,"enemies":"Snecko","floor":29,"turns":5},{"damage":4,"enemies":"3 Cultists","floor":30,"turns":2}],"seed_played":"-8013127411293343100","potions_obtained":[{"floor":4.0,"key":"Fire Potion"},{"floor":11.0,"key":"SteroidPotion"},{"floor":16.0,"key":"Dexterity Potion"},{"floor":23.0,"key":"EntropicBrew"}],"is_trial":false,"path_per_floor":["M","?","?","M","T","E","$","M","T","M","M","R","E","?","R","B",null,"M","?","?","?","$","M","$","M","T","$","R","M","M"],"character_chosen":"THE_SILENT","items_purchased":["Backflip","War Paint","Prepared"],"campfire_rested":1,"item_purchase_floors":[22,22,27],"current_hp_per_floor":[59,59,39,39,39,39,39,38,38,33,33,33,4,4,23,10,52,49,49,49,49,49,25,25,25,25,25,25,1,0,0],"gold":104,"neow_bonus":"THREE_ENEMY_KILL","is_daily":false,"chose_seed":false,"campfire_upgraded":2,"win_rate":0.0,"timestamp":1608184191,"path_taken":["M","?","?","M","?","E","$","M","T","?","M","R","E","?","R","BOSS","M","?","?","?","$","M","$","M","T","$","R","M","M"],"items_purchased_type":["Card","Relic","Card"],"build_version":"2020-12-13","purchased_purges":3,"victory":false,"max_hp_per_floor":[66,66,66,66,66,66,66,66,66,66,66,66,66,66,66,66,66,66,66,66,66,66,66,66,66,66,66,66,66,66,66],"card_choices":[{"not_picked":["Acrobatics","Blur"],"picked":"Deadly Poison","floor":1.0},{"not_picked":["Accuracy","Expertise","Sucker Punch"],"picked":"SKIP","floor":4.0},{"not_picked":["Sucker Punch","Poisoned Stab"],"picked":"Predator","floor":6.0},{"not_picked":["Poisoned Stab","Prepared","Bane"],"picked":"SKIP","floor":8.0},{"not_picked":["Choke","Dagger Spray","All Out Attack"],"picked":"SKIP","floor":10.0},{"not_picked":["Slice","Unload","Endless Agony"],"picked":"SKIP","floor":11.0},{"not_picked":["Deadly Poison","Sucker Punch+1"],"picked":"Glass Knife+1","floor":13.0},{"not_picked":["Poisoned Stab+1","Blade Dance","Caltrops"],"picked":"SKIP","floor":18.0},{"not_picked":["Terror","Crippling Poison"],"picked":"Acrobatics","floor":19.0},{"not_picked":["Dash+1","Prepared"],"picked":"Footwork","floor":23.0},{"not_picked":["Footwork","Choke+1"],"picked":"Dagger Throw+1","floor":29}],"player_experience":938502,"relics_obtained":[{"floor":5.0,"key":"Smiling Mask"},{"floor":6.0,"key":"CeramicFish"},{"floor":9.0,"key":"Pantograph"},{"floor":13.0,"key":"Molten Egg 2"},{"floor":19.0,"key":"Red Mask"}],"event_choices":[{"damage_healed":0.0,"max_hp_gain":0.0,"max_hp_loss":0.0,"gold_gain":0.0,"cards_transformed":["Strike_G"],"event_name":"Living Wall","player_choice":"Change","floor":2.0,"gold_loss":0.0,"damage_taken":0.0,"cards_obtained":["Quick Slash"]},{"damage_healed":0.0,"max_hp_gain":0.0,"max_hp_loss":0.0,"gold_gain":0.0,"event_name":"Shining Light","player_choice":"Entered Light","floor":3.0,"gold_loss":0.0,"damage_taken":20.0,"cards_upgraded":["Deadly Poison","Strike_G"]},{"damage_healed":0.0,"max_hp_gain":0.0,"max_hp_loss":0.0,"gold_gain":0.0,"event_name":"World of Goop","player_choice":"Left Gold","floor":14.0,"gold_loss":52.0,"damage_taken":0.0},{"damage_healed":0.0,"max_hp_gain":0.0,"max_hp_loss":0.0,"gold_gain":0.0,"event_name":"Masked Bandits","player_choice":"Fought Bandits","floor":19.0,"gold_loss":0.0,"damage_taken":0.0},{"damage_healed":0.0,"max_hp_gain":0.0,"max_hp_loss":0.0,"gold_gain":0.0,"event_name":"Cursed Tome","player_choice":"Ignored","floor":20.0,"gold_loss":0.0,"damage_taken":0.0},{"damage_healed":0.0,"max_hp_gain":0.0,"max_hp_loss":0.0,"gold_gain":0.0,"event_name":"The Mausoleum","player_choice":"Ignored","floor":21.0,"gold_loss":0.0,"damage_taken":0.0}],"is_beta":false,"boss_relics":[{"not_picked":["WristBlade","Runic Dome"],"picked":"Pandora\u0027s Box"}],"items_purged_floors":[7,22,24],"is_endless":false,"potions_floor_spawned":[4,11,16,23],"killed_by":"3 Cultists","ascension_level":20}}