{"host":"hjw1ay65n7jm40lc","time":1608167297,"event":{"mods":["AchievementEnabler","BaseMod","Colored Map","Colored Powertips","Googly Eyes","Highlight Path","Minty Spire (QoL Compilation)","Quick Restart","Relic Stats"],"gold_per_floor":[114,114,132,132,151,177,177,210,210,239,260,260,4,4,4,75,75,94,112,112,112,130,130,164,164,164,191,205,205,40,66,66,141,141,151,151,151,162,233,233,183,202,202,202,255,290,315,347,347,372,372,372,25,56,56,56],"floor_reached":55,"playtime":23701,"items_purged":["Strike_R","Strike_R"],"score":1571,"play_id":"51ec9bc3-56f1-4ffb-bb80-6b478a3020fc","local_time":"20201216200817","is_ascension_mode":true,"campfire_choices":[{"floor":7.0,"key":"REST"},{"data":"Whirlwind","floor":12.0,"key":"SMITH"},{"data":"True Grit","floor":15.0,"key":"SMITH"},{"floor":23.0,"key":"REST"},{"floor":25.0,"key":"REST"},{"floor":29.0,"key":"REST"},{"floor":32.0,"key":"RECALL"},{"floor":40,"key":"REST"},{"floor":44,"key":"REST"},{"floor":49,"key":"REST"},{"floor":52,"key":"REST"}],"circlet_count":0,"master_deck":["AscendersBane","Strike_R","Strike_R+1","Strike_R+1","Defend_R","Defend_R+1","Defend_R","Defend_R","Bash","Shockwave","Uppercut+1","Cleave+1","Battle Trance","True Grit+1","Whirlwind+1","Feed","Infernal Blade+1","Disarm","J.A.X.","Shrug It Off","Reaper","Feed","HandOfGreed","Power Through+1","Armaments+1","Heavy Blade","Reaper"],"relics":["Burning Blood","Centennial Puzzle","Juzu Bracelet","Paper Frog","Orichalcum","Nunchaku","Lantern","Odd Mushroom","Medical Kit","Fusion Hammer","Smiling Mask","Question Card","Chemical X","Vajra","Snecko Eye","Champion Belt","Anchor","Regal Pillow","Mango","Sundial","Ornamental Fan","Whetstone"],"acts_visited":["Exordium","TheCity","TheBeyond","TheEnding"],"potions_floor_usage":[47,48,55,55],"damage_taken":[{"damage":3.0,"enemies":"2 Louse","floor":1.0,"turns":3.0},{"damage":4.0,"enemies":"Jaw Worm","floor":3.0,"turns":5.0},{"damage":8.0,"enemies":"Small Slimes","floor":5.0,"turns":5.0},{"damage":49.0,"enemies":"3 Sentries","floor":6.0,"turns":7.0},{"damage":0.0,"enemies":"Gremlin Nob","floor":8.0,"turns":3.0},{"damage":18.0,"enemies":"Lagavulin","floor":10.0,"turns":6.0},{"damage":2.0,"enemies":"The Mushroom Lair","floor":11.0,"turns":3.0},{"damage":8.0,"enemies":"Hexaghost","floor":16.0,"turns":10.0},{"damage":15.0,"enemies":"Shell Parasite","floor":18.0,"turns":2.0},{"damage":10.0,"enemies":"2 Thieves","floor":19.0,"turns":3.0},{"damage":8.0,"enemies":"Centurion and Healer","floor":22.0,"turns":3.0},{"damage":4.0,"enemies":"Book of Stabbing","floor":24.0,"turns":3.0},{"damage":14.0,"enemies":"Slavers","floor":27.0,"turns":3.0},{"damage":18.0,"enemies":"Snake Plant","floor":28.0,"turns":2.0},{"damage":2.0,"enemies":"Book of Stabbing","floor":31.0,"turns":3.0},{"damage":3.0,"enemies":"Champ","floor":33.0,"turns":5.0},{"damage":0,"enemies":"Orb Walker","floor":35,"turns":1},{"damage":6,"enemies":"3 Darklings","floor":38,"turns":3},{"damage":47,"enemies":"2 Orb Walkers","floor":39,"turns":4},{"damage":31,"enemies":"Writhing Mass","floor":42,"turns":5},{"damage":3,"enemies":"4 Shapes","floor":45,"turns":5},{"damage":57,"enemies":"Giant Head","floor":46,"turns":7},{"damage":3,"enemies":"Mind Bloom Boss Battle","floor":47,"turns":5},{"damage":41,"enemies":"Nemesis","floor":48,"turns":7},{"damage":29,"enemies":"Awakened One","floor":50,"turns":11},{"damage":90,"enemies":"Shield and Spear","floor":54,"turns":6},{"damage":85,"enemies":"The Heart","floor":55,"turns":6}],"seed_played":"7681385543020934070","potions_obtained":[{"floor":1.0,"key":"SteroidPotion"},{"floor":6.0,"key":"Block Potion"},{"floor":10.0,"key":"ElixirPotion"},{"floor":16.0,"key":"Swift Potion"},{"floor":18.0,"key":"Fruit Juice"},{"floor":28.0,"key":"PowerPotion"},{"floor":31.0,"key":"Strength Potion"},{"floor":33.0,"key":"BloodPotion"},{"floor":39,"key":"LiquidBronze"},{"floor":47,"key":"Block Potion"},{"floor":48,"key":"DuplicationPotion"}],"is_trial":false,"path_per_floor":["M","?","M","?","M","E","R","E","T","E","?","R","$","?","R","B",null,"M","M","?","?","M","R","E","R","T","E","M","R","$","E","R","B",null,"M","?","?","M","?","R","$","M","T","R","M","E","?","E","R","B",null,"R","$","E","B"],"character_chosen":"IRONCLAD","items_purchased":["Medical Kit","EssenceOfSteel","Chemical X","Heavy Blade","Ornamental Fan"],"campfire_rested":8,"item_purchase_floors":[13,13,30,53,53],"current_hp_per_floor":[71,60,62,62,60,17,39,45,45,33,37,37,37,14,14,12,59,53,52,52,34,35,63,65,93,93,88,79,100,100,100,100,100,100,100,100,90,100,62,92,92,70,70,101,107,65,123,92,131,111,128,134,134,64,0,0],"gold":56,"neow_bonus":"RANDOM_COMMON_RELIC","is_daily":false,"chose_seed":false,"campfire_upgraded":2,"win_rate":0.0,"timestamp":1608167297,"path_taken":["M","?","M","?","M","E","R","E","T","E","?","R","$","?","R","BOSS","M","M","?","?","M","R","E","R","T","E","M","R","$","E","R","BOSS","M","?","?","M","?","R","$","M","T","R","M","E","?","E","R","BOSS","R","$","E","BOSS"],"items_purchased_type":["Relic","Potion","Relic","Card","Relic"],"build_version":"2020-12-13","purchased_purges":2,"victory":false,"max_hp_per_floor":[75,75,75,75,75,75,75,75,75,75,75,75,75,75,75,75,75,78,81,81,91,94,94,94,94,94,97,100,100,100,100,100,100,100,100,100,100,100,103,103,103,106,106,106,109,109,127,131,131,134,134,134,134,134,134,134],"relic_stats":{"Regal Pillow":0,"counters":[27,126],"Juzu Bracelet":1,"Whetstone":["Strike_R","Strike_R"],"Orichalcum":[234],"Medical Kit":[30],"Smiling Mask":75,"Question Card":15,"Burning Blood":143,"Centennial Puzzle":[75],"Nunchaku":[22],"Sundial":[4],"Ornamental Fan":[20],"Snecko Eye":[104,95,108,134],"Chemical X":[20],"Champion Belt":[40],"obtain_stats":[{"Lantern":10,"Regal Pillow":46,"Vajra":31,"Mango":47,"Juzu Bracelet":2,"Whetstone":54,"Orichalcum":8,"Odd Mushroom":11,"Medical Kit":13,"Smiling Mask":24,"Question Card":27,"Burning Blood":0,"Centennial Puzzle":0,"Nunchaku":9,"Anchor":43,"Sundial":48,"Ornamental Fan":53,"Snecko Eye":34,"Fusion Hammer":17,"Chemical X":30,"Champion Belt":39,"Paper Frog":6},{"Lantern":6,"Regal Pillow":22,"Vajra":15,"Mango":23,"Juzu Bracelet":1,"Whetstone":26,"Orichalcum":5,"Odd Mushroom":7,"Medical Kit":7,"Smiling Mask":12,"Question Card":13,"Burning Blood":0,"Centennial Puzzle":0,"Nunchaku":5,"Anchor":20,"Sundial":24,"Ornamental Fan":25,"Snecko Eye":16,"Fusion Hammer":8,"Chemical X":14,"Champion Belt":19,"Paper Frog":4},{"Lantern":29,"Regal Pillow":91,"Vajra":61,"Mango":96,"Juzu Bracelet":3,"Whetstone":120,"Orichalcum":23,"Odd Mushroom":32,"Medical Kit":32,"Smiling Mask":53,"Question Card":56,"Burning Blood":0,"Centennial Puzzle":0,"Nunchaku":23,"Anchor":79,"Sundial":103,"Ornamental Fan":114,"Snecko Eye":66,"Fusion Hammer":42,"Chemical X":58,"Champion Belt":74,"Paper Frog":20}]},"card_choices":[{"not_picked":["Pummel","Iron Wave"],"picked":"Shockwave","floor":1.0},{"not_picked":["Dark Embrace","Armaments"],"picked":"Uppercut","floor":3.0},{"not_picked":["Warcry","Pummel"],"picked":"Cleave","floor":5.0},{"not_picked":["Thunderclap","Cleave"],"picked":"Battle Trance","floor":6.0},{"not_picked":["Berserk","Entrench"],"picked":"True Grit","floor":8.0},{"not_picked":["Iron Wave","Twin Strike","Rupture"],"picked":"SKIP","floor":10.0},{"not_picked":["Havoc","Flex"],"picked":"Whirlwind","floor":11.0},{"not_picked":["Impervious","Juggernaut"],"picked":"Feed","floor":16.0},{"not_picked":["Combust+1","Armaments"],"picked":"Infernal Blade+1","floor":18.0},{"not_picked":["Sword Boomerang","Battle Trance"],"picked":"Disarm","floor":19.0},{"not_picked":["Bloodletting+1","Anger"],"picked":"Shrug It Off","floor":22.0},{"not_picked":["Battle Trance","Havoc","Clothesline"],"picked":"SKIP","floor":24.0},{"not_picked":["Hemokinesis+1","Sever Soul"],"picked":"Reaper","floor":27.0},{"not_picked":["Pommel Strike","True Grit","Combust","Disarm+1"],"picked":"SKIP","floor":28.0},{"not_picked":["Dark Embrace","True Grit","Headbutt","Searing Blow"],"picked":"SKIP","floor":31.0},{"not_picked":["Barricade","Impervious","Fiend Fire"],"picked":"Feed","floor":33.0},{"not_picked":["Clothesline","Spot Weakness+1","Pommel Strike","Warcry+1"],"picked":"SKIP","floor":35},{"not_picked":["Trip","Impatience","Discovery"],"picked":"HandOfGreed","floor":37},{"not_picked":["Wild Strike","Perfected Strike","Infernal Blade+1","Rampage"],"picked":"SKIP","floor":38},{"not_picked":["Wild Strike","Pummel","Metallicize"],"picked":"Power Through+1","floor":42},{"not_picked":["Infernal Blade","Ghostly Armor","Intimidate"],"picked":"Armaments+1","floor":45},{"not_picked":["Wild Strike","Clash","Hemokinesis","Sword Boomerang+1"],"picked":"SKIP","floor":46},{"not_picked":["Flex","Wild Strike","Clothesline","Fire Breathing"],"picked":"SKIP","floor":48},{"not_picked":["Clash","Hemokinesis","Cleave"],"picked":"Reaper","floor":54}],"player_experience":259255,"relics_obtained":[{"floor":6.0,"key":"Paper Frog"},{"floor":8.0,"key":"Orichalcum"},{"floor":9.0,"key":"Nunchaku"},{"floor":10.0,"key":"Lantern"},{"floor":11.0,"key":"Odd Mushroom"},{"floor":24.0,"key":"Smiling Mask"},{"floor":27.0,"key":"Question Card"},{"floor":31.0,"key":"Vajra"},{"floor":39,"key":"Champion Belt"},{"floor":43,"key":"Anchor"},{"floor":46,"key":"Regal Pillow"},{"floor":47,"key":"Mango"},{"floor":48,"key":"Sundial"},{"floor":54,"key":"Whetstone"}],"event_choices":[{"damage_healed":0.0,"max_hp_gain":0.0,"max_hp_loss":0.0,"gold_gain":0.0,"event_name":"Scrap Ooze","player_choice":"Success","floor":2.0,"gold_loss":0.0,"damage_taken":11.0,"relics_obtained":["Juzu Bracelet"]},{"damage_healed":0.0,"max_hp_gain":0.0,"max_hp_loss":0.0,"gold_gain":0.0,"event_name":"Living Wall","player_choice":"Grow","floor":4.0,"gold_loss":0.0,"damage_taken":0.0,"cards_upgraded":["Uppercut"]},{"damage_healed":0.0,"max_hp_gain":0.0,"max_hp_loss":0.0,"gold_gain":0.0,"event_name":"Mushrooms","player_choice":"Fought Mushrooms","floor":11.0,"gold_loss":0.0,"damage_taken":0.0},{"damage_healed":0.0,"max_hp_gain":0.0,"max_hp_loss":0.0,"gold_gain":0.0,"event_name":"Shining Light","player_choice":"Entered Light","floor":14.0,"gold_loss":0.0,"damage_taken":23.0,"cards_upgraded":["Cleave","Defend_R"]},{"damage_healed":0.0,"max_hp_gain":0.0,"max_hp_loss":0.0,"gold_gain":0.0,"event_name":"Drug Dealer","player_choice":"Obtain J.A.X.","floor":20.0,"gold_loss":0.0,"damage_taken":0.0,"cards_obtained":["J.A.X."]},{"damage_healed":0.0,"max_hp_gain":5.0,"max_hp_loss":0.0,"gold_gain":0.0,"event_name":"Forgotten Altar","player_choice":"Shed Blood","floor":21.0,"gold_loss":0.0,"damage_taken":28.0},{"damage_healed":0,"gold_gain":0,"player_choice":"Ignored","damage_taken":0,"max_hp_gain":0,"max_hp_loss":0,"event_name":"Tomb of Lord Red Mask","floor":36,"gold_loss":0},{"damage_healed":0,"gold_gain":0,"player_choice":"Memory 3","damage_taken":10,"max_hp_gain":0,"max_hp_loss":0,"event_name":"SensoryStone","floor":37,"gold_loss":0},{"damage_healed":0,"gold_gain":0,"player_choice":"Fight","damage_taken":0,"max_hp_gain":0,"max_hp_loss":0,"event_name":"Mysterious Sphere","floor":39,"gold_loss":0},{"damage_healed":0,"gold_gain":0,"player_choice":"Fight","damage_taken":0,"max_hp_gain":0,"max_hp_loss":0,"event_name":"MindBloom","floor":47,"gold_loss":0}],"is_beta":false,"boss_relics":[{"not_picked":["Ectoplasm","Black Star"],"picked":"Fusion Hammer"},{"not_picked":["SlaversCollar","Busted Crown"],"picked":"Snecko Eye"}],"items_purged_floors":[41,53],"is_endless":false,"potions_floor_spawned":[1,6,10,16,18,28,31,33,39,47,48],"killed_by":"The Heart","ascension_level":17}}