{"host":"1rf9pknejqhzkc4o","time":1608220854,"event":{"mods":["Aspiration","BaseMod","Better Altar","Better Match","Better Note","Better Sensory Stone","Better Skull","Better Third Choice","Colored Map","Colored Powertips","Communication Mod","Conspire","Energized Spire","Hubris","Infinite Spire","Ironclad Rager","Minty Spire (QoL Compilation)","Quick Restart","RNG Fix","Rare Cards Sparkle","Relic Stats","Replay The Spire","Retaliation","Spicy Shops","StSLib","The Blue Laboratory","Trackpad"],"gold_per_floor":[116,128,128,128,56,85,85,103,103,115,129,24,39,51,51,154,154,174,174,174,36,29,29,29],"floor_reached":23,"playtime":1517,"items_purged":[],"score":193,"play_id":"dd271558-bc28-4775-929a-c9c5c65f3a9f","local_time":"20201217190054","is_ascension_mode":false,"campfire_choices":[{"floor":7.0,"key":"REST"},{"floor":15,"key":"REST"}],"circlet_count":0,"master_deck":["Strike_P","Strike_P","Strike_P","Defend_P","Defend_P","Eruption","Vigilance","Conclude","Consecrate","ForeignInfluence","Steam","Replay:DivineShield","EmptyFist","EmptyBody","Consecrate","ReplayTheSpireMod:IOU","Swivel","Protect","FollowUp","Glass Knife","EmptyBody","Fasting2","ReplayTheSpireMod:IOU","ReplayTheSpireMod:IOU","WreathOfFlame","EmptyBody+1"],"relics":["PureWater","aspiration:Nostalgia","Replay:M_StaffOfTheSnake","ReplayTheSpireMod:Ninjato","WingedGreaves","Dream Catcher","Replay:Wax Seal","hubris:EmptyBottle","SacredBark","PreservedInsect","conspire:TreasureMap"],"acts_visited":["Exordium","TheCity"],"potions_floor_usage":[23,23,23],"damage_taken":[{"damage":7.0,"enemies":"2 Louse","floor":1.0,"turns":2.0},{"damage":1.0,"enemies":"Jaw Worm","floor":2.0,"turns":3.0},{"damage":17.0,"enemies":"3 Sentries","floor":6.0,"turns":5.0},{"damage":0.0,"enemies":"Small Slimes","floor":8.0,"turns":1.0},{"damage":0.0,"enemies":"Looter","floor":10.0,"turns":2.0},{"damage":8.0,"enemies":"conspire:2 RoseBushes","floor":11.0,"turns":2.0},{"damage":0,"enemies":"Large Slime","floor":13,"turns":4},{"damage":11,"enemies":"Exordium Wildlife","floor":14,"turns":3},{"damage":54,"enemies":"Fading Forest","floor":16,"turns":11},{"damage":10,"enemies":"Chosen","floor":18,"turns":6},{"damage":6,"enemies":"2 Thieves","floor":22,"turns":4},{"damage":57,"enemies":"Nightmare","floor":23,"turns":9}],"seed_played":"6539585122186726013","potions_obtained":[{"floor":1.0,"key":"SteroidPotion"},{"floor":2.0,"key":"BottledMiracle"},{"floor":6.0,"key":"blueLaboratory:EpiphanyPotion"}],"is_trial":false,"path_per_floor":["M","M","T","?","$","E","R","M","T","M","M","$","M","M","R","B",null,"M","?","?","$","M","NM"],"character_chosen":"WATCHER","items_purchased":["Replay:DivineShield","Replay:Wax Seal","hubris:EmptyBottle","PreservedInsect","conspire:TreasureMap","WreathOfFlame"],"campfire_rested":2,"item_purchase_floors":[5,12,12,21,21,21],"current_hp_per_floor":[65,64,64,64,64,47,68,68,68,68,60,60,60,49,70,36,72,62,62,62,62,56,0,0],"gold":29,"neow_bonus":"NOSTALGIA","is_daily":false,"chose_seed":false,"campfire_upgraded":0,"win_rate":0.0,"timestamp":1608220854,"path_taken":["M","?","?","?","$","E","R","M","T","M","M","$","?","M","R","BOSS","M","?","?","$","M","NM"],"items_purchased_type":["Card","Relic","Relic","Relic","Relic","Card"],"build_version":"2020-12-13","purchased_purges":0,"victory":false,"max_hp_per_floor":[72,72,72,72,72,72,72,72,72,72,72,72,72,72,72,72,72,72,72,72,72,72,72,72],"relic_stats":{"Dream Catcher":1,"counters":[12,52],"PreservedInsect":50,"obtain_stats":[{"Dream Catcher":9,"conspire:TreasureMap":21,"Replay:M_StaffOfTheSnake":0,"ReplayTheSpireMod:Ninjato":3,"aspiration:Nostalgia":0,"SacredBark":17,"WingedGreaves":6,"PreservedInsect":21,"PureWater":0,"Replay:Wax Seal":12,"hubris:EmptyBottle":12},{"Dream Catcher":4,"conspire:TreasureMap":10,"Replay:M_StaffOfTheSnake":0,"ReplayTheSpireMod:Ninjato":2,"aspiration:Nostalgia":0,"SacredBark":9,"WingedGreaves":3,"PreservedInsect":10,"PureWater":0,"Replay:Wax Seal":6,"hubris:EmptyBottle":6},{"Dream Catcher":11,"conspire:TreasureMap":39,"Replay:M_StaffOfTheSnake":0,"ReplayTheSpireMod:Ninjato":5,"aspiration:Nostalgia":0,"SacredBark":33,"WingedGreaves":10,"PreservedInsect":39,"PureWater":0,"Replay:Wax Seal":15,"hubris:EmptyBottle":15}]},"card_choices":[{"not_picked":["Replay:ManipulateFuture","Protect"],"picked":"Conclude","floor":1.0},{"not_picked":["Acrobatics","FollowUp"],"picked":"Consecrate","floor":2.0},{"not_picked":["Prostrate","ThirdEye"],"picked":"EmptyFist","floor":6.0},{"not_picked":["LikeWater","Adaptation","Indignation"],"picked":"SKIP","floor":8.0},{"not_picked":["Wallop","Halt"],"picked":"EmptyBody","floor":10.0},{"not_picked":["EmptyFist","CrushJoints"],"picked":"Consecrate","floor":11.0},{"not_picked":["Escape Plan","WindmillStrike"],"picked":"Swivel","floor":13},{"not_picked":["MentalFortress","SashWhip"],"picked":"Protect","floor":14},{"not_picked":["PathToVictory","Well Laid Plans"],"picked":"FollowUp","floor":15},{"not_picked":["Wraith Form v2","Scrawl"],"picked":"Glass Knife","floor":16},{"not_picked":["Worship","Nirvana"],"picked":"EmptyBody","floor":18},{"not_picked":["Replay:Anticipation","BattleHymn"],"picked":"EmptyBody+1","floor":22}],"player_experience":140994,"relics_obtained":[{"floor":3.0,"key":"ReplayTheSpireMod:Ninjato"},{"floor":6.0,"key":"WingedGreaves"},{"floor":9.0,"key":"Dream Catcher"}],"event_choices":[{"damage_healed":0,"gold_gain":0,"cards_transformed":["Defend_P"],"player_choice":"Transformed","damage_taken":0,"max_hp_gain":0,"max_hp_loss":0,"event_name":"Transmorgrifier","floor":19,"gold_loss":0,"cards_obtained":["Fasting2"]},{"damage_healed":0,"gold_gain":0,"player_choice":"Ignored","damage_taken":0,"max_hp_gain":0,"max_hp_loss":0,"event_name":"N\u0027loth","floor":20,"gold_loss":0}],"is_beta":false,"boss_relics":[{"not_picked":["energizedSpire:EnergizedDie","energizedSpire:DeadBattery"],"picked":"SacredBark"}],"items_purged_floors":[],"is_endless":false,"potions_floor_spawned":[1,2,6,8,13,14,18],"killed_by":"Nightmare","ascension_level":0}}