{"host":"fqid566djxhwi0rl","time":1608219707,"event":{"mods":["2.2 Compatiblity","AchievementEnabler","Aspiration","BaseMod","Downfall","Energized Spire","Faster Ascension Climbing","GifTheSpireLib","Minty Spire (QoL Compilation)","Replay The Spire","StSLib","The Blackbeard","The Gatherer","Trackpad","Yuri Mod"],"gold_per_floor":[118,118,130,147,160,160,189,189,262,262,287,287,303,338,338,434,434,450,543,589,589,142,142,181,210,210,250,250,295,336,336,336,449,449,468,40,59,109,109,142,151,151,151,151,20,20,48,71,71,71],"floor_reached":51,"playtime":2482,"items_purged":["sneckomod:Defend","sneckomod:Strike","Shame"],"score":1617,"play_id":"380e2665-14a1-4cf7-9916-75ee4305b1e2","local_time":"20201217174147","is_ascension_mode":true,"campfire_choices":[{"data":"sneckomod:Nope","floor":6,"key":"SMITH"},{"data":"sneckomod:SoulDraw","floor":10,"key":"SMITH"},{"floor":15,"key":"REST"},{"floor":23,"key":"REST"},{"floor":28,"key":"REST"},{"floor":32,"key":"REST"},{"data":"sneckomod:DangerNoodle","floor":42,"key":"SMITH"},{"data":"sneckomod:UnknownRareAttack","floor":42,"key":"SMITH"},{"data":"sneckomod:UnknownUncommonPower","floor":44,"key":"SMITH"},{"data":"sneckomod:UnknownUncommonAttack","floor":44,"key":"SMITH"},{"floor":46,"key":"REST"},{"data":"sneckomod:Unknown","floor":49,"key":"SMITH"},{"data":"sneckomod:RainOfDice","floor":49,"key":"SMITH"}],"circlet_count":0,"master_deck":["AscendersBane","sneckomod:Strike+1","sneckomod:Strike+1","sneckomod:TailWhip+1","sneckomod:SnekBite+1","sneckomod:Unknown+1","sneckomod:Unknown+1","sneckomod:SlitherStrike","sneckomod:UnknownUncommonAttack+1","sneckomod:Nope+1","sneckomod:SoulDraw+1","sneckomod:UnknownUncommonPower+1","Injury","sneckomod:UnknownClassGREEN+1","sneckomod:UnknownBlock+1","sneckomod:TrashToTreasure+1","sneckomod:SoulExchange+1","sneckomod:SoulDraw+1","sneckomod:SnekBeam+1","Swift Strike+1","sneckomod:MorePower","sneckomod:UnknownStrength+1","sneckomod:UnknownClassHEXA_GHOST_PURPLE+1","sneckomod:UnknownVulnerable+1","sneckomod:DangerNoodle+1","sneckomod:UnknownClassYURI_PURPLE+1","sneckomod:UnknownRareAttack+1","Replay:SS_fish_2+1","sneckomod:Nope+1","sneckomod:RainOfDice+1","sneckomod:Nope+1","sneckomod:UnknownClassYURI_PURPLE+1","sneckomod:SoulDraw+1"],"relics":["aspiration:RitualDagger","Thread and Needle","Toxic Egg 2","Bottled Lightning","Replay:Arrowhead","m_SnakeBloodCore","White Beast Statue","aspiration:PoetsPen_weak","Gremlin Food","Smiling Mask","WingedGreaves","CeramicFish","aspiration:FetidBarrel","Bottled Flame","trackpad:Compendium","Matryoshka","energizedSpire:DeadBattery","Pondfish Scales","Replay:PocketPolymizer","trackpad:FieryHotPepper","Du-Vu Doll","trackpad:AdjectivePendant","Replay:Bottled Snecko"],"acts_visited":["Exordium","TheCity","TheBeyond"],"potions_floor_usage":[14,24,24,27,27,29,30,33,37,40,50,50],"damage_taken":[{"damage":14,"enemies":"2 Louse","floor":1,"turns":2},{"damage":16,"enemies":"Jaw Worm","floor":3,"turns":3},{"damage":24,"enemies":"Small Slimes","floor":4,"turns":3},{"damage":20,"enemies":"Blue Slaver","floor":5,"turns":3},{"damage":6,"enemies":"Gremlin Nob","floor":7,"turns":2},{"damage":41,"enemies":"Lagavulin","floor":11,"turns":6},{"damage":13,"enemies":"Exordium Thugs","floor":13,"turns":2},{"damage":44,"enemies":"Gremlin Nob","floor":14,"turns":5},{"damage":76,"enemies":"Slime Boss","floor":16,"turns":10},{"damage":6,"enemies":"Spheric Guardian","floor":18,"turns":2},{"damage":53,"enemies":"Slavers","floor":24,"turns":5},{"damage":12,"enemies":"Chosen","floor":25,"turns":4},{"damage":35,"enemies":"Book of Stabbing","floor":27,"turns":4},{"damage":28,"enemies":"Gremlin Leader","floor":29,"turns":7},{"damage":32,"enemies":"Book of Stabbing","floor":30,"turns":5},{"damage":115,"enemies":"Pondfish","floor":33,"turns":10},{"damage":66,"enemies":"3 Shapes","floor":35,"turns":5},{"damage":3,"enemies":"Orb Walker","floor":37,"turns":1},{"damage":13,"enemies":"Mind Bloom Boss Battle","floor":38,"turns":4},{"damage":57,"enemies":"Giant Head","floor":40,"turns":6},{"damage":9,"enemies":"R_Hoarder","floor":47,"turns":3},{"damage":31,"enemies":"Writhing Mass","floor":48,"turns":4},{"damage":78,"enemies":"Donu and Deca","floor":50,"turns":7}],"seed_played":"989755767907100833","potions_obtained":[{"floor":3,"key":"Swift Potion"},{"floor":5,"key":"PowerPotion"},{"floor":7,"key":"Dexterity Potion"},{"floor":16,"key":"Explosive Potion"},{"floor":24,"key":"Block Potion"},{"floor":25,"key":"champ:CounterPotion"},{"floor":27,"key":"Block Potion"},{"floor":29,"key":"Weak Potion"},{"floor":30,"key":"AttackPotion"},{"floor":33,"key":"champ:CounterPotion"},{"floor":35,"key":"SneckoOil"},{"floor":37,"key":"DuplicationPotion"},{"floor":40,"key":"Guardian:BlockOnCardUsePotion"},{"floor":48,"key":"Venom Potion"}],"is_trial":false,"path_per_floor":["M","?","M","M","M","R","E","?","T","R","E","?","M","E","R","B",null,"M","?","T","?","$","R","E","M","T","E","R","E","E","?","R","B",null,"M","$","M","?","?","E","R","R","T","R","$","R","E","M","R","B",null],"character_chosen":"THE_SNECKO","items_purchased":["Swift Strike","WingedGreaves","Pondfish Scales","Replay:SS_fish_2+1","sneckomod:Nope+1","sneckomod:UnknownClassYURI_PURPLE+1"],"campfire_rested":5,"item_purchase_floors":[22,22,36,36,45,45],"current_hp_per_floor":[67,49,33,9,89,89,90,90,90,90,62,62,61,31,58,11,70,69,33,33,33,33,60,25,36,36,21,48,50,38,38,65,25,74,26,26,37,65,74,66,66,66,66,66,66,90,90,89,89,62],"gold":71,"neow_bonus":"BOSS_RELIC","is_daily":false,"chose_seed":false,"campfire_upgraded":8,"win_rate":0.0,"timestamp":1608219707,"path_taken":["M","?","M","M","M","R","E","?","T","R","E","?","M","E","R","BOSS","M","?","?","?","$","R","E","?","T","E","R","E","E","?","R","BOSS","M","$","M","?","?","E","R","R","T","R","$","R","E","M","R","BOSS"],"items_purchased_type":["Card","Relic","Relic","Card","Card","Card"],"build_version":"2020-12-13","purchased_purges":3,"victory":true,"max_hp_per_floor":[90,90,90,90,90,90,90,90,90,90,90,90,90,90,90,90,90,90,90,90,90,90,90,90,90,90,90,90,90,90,90,90,90,90,90,90,90,90,90,90,90,90,90,90,90,90,90,90,90,90],"card_choices":[{"not_picked":["sneckomod:UnknownCommonAttack","sneckomod:ImprovisedAttack"],"picked":"sneckomod:SlitherStrike","floor":1},{"not_picked":["sneckomod:QuickMove","sneckomod:DiceBlock"],"picked":"sneckomod:UnknownUncommonAttack","floor":3},{"not_picked":["sneckomod:Unknown1Cost","sneckomod:RainOfDice"],"picked":"sneckomod:Nope","floor":4},{"not_picked":["sneckomod:UnknownX","sneckomod:Unknown2Cost"],"picked":"sneckomod:SoulDraw","floor":5},{"not_picked":["sneckomod:UnknownClassGUARDIAN","sneckomod:RainOfDice"],"picked":"sneckomod:UnknownUncommonPower","floor":7},{"not_picked":["sneckomod:QuickBite","sneckomod:PureSnecko+1"],"picked":"sneckomod:UnknownClassGREEN+1","floor":11},{"not_picked":["sneckomod:UnknownClassYURI_RED+1","sneckomod:UnknownStrike"],"picked":"sneckomod:UnknownBlock+1","floor":13},{"not_picked":["sneckomod:UnknownCommonSkill+1","sneckomod:PureSnecko+1"],"picked":"sneckomod:TrashToTreasure+1","floor":14},{"not_picked":["sneckomod:DangerNoodle","sneckomod:UnknownRareAttack"],"picked":"sneckomod:SoulExchange+1","floor":16},{"not_picked":["sneckomod:UnknownEthereal+1","sneckomod:IronFang+1"],"picked":"sneckomod:SoulDraw+1","floor":18},{"not_picked":["sneckomod:Unknown0Cost+1","sneckomod:UnknownWeak+1"],"picked":"sneckomod:SnekBeam+1","floor":19},{"not_picked":["sneckomod:SoulCleanse+1","sneckomod:WideSting"],"picked":"sneckomod:MorePower","floor":24},{"not_picked":["sneckomod:UnknownClassBLACKBEARD_BLACK+1","sneckomod:SoulDraw+1"],"picked":"sneckomod:UnknownStrength+1","floor":25},{"not_picked":["sneckomod:Unknown0Cost+1","sneckomod:UnknownUncommonPower+1","sneckomod:UnknownWeak+1"],"picked":"SKIP","floor":25},{"not_picked":["sneckomod:SlitherStrike","sneckomod:DiceBlock+1"],"picked":"sneckomod:UnknownClassHEXA_GHOST_PURPLE+1","floor":27},{"not_picked":["sneckomod:UnknownUncommonSkill+1","sneckomod:UnknownClassYURI_RED+1"],"picked":"sneckomod:UnknownVulnerable+1","floor":29},{"not_picked":["sneckomod:WideSting","sneckomod:UnknownEthereal+1"],"picked":"sneckomod:DangerNoodle","floor":29},{"not_picked":["sneckomod:TrashToTreasure+1","sneckomod:DiceBlock+1"],"picked":"sneckomod:UnknownClassYURI_PURPLE+1","floor":30},{"not_picked":["sneckomod:SerpentMind","sneckomod:UnknownColorless+1"],"picked":"sneckomod:UnknownRareAttack","floor":33},{"not_picked":["sneckomod:UnknownRarePower+1","sneckomod:UnknownClassGREEN+1","sneckomod:UnknownDexterity+1"],"picked":"SKIP","floor":35},{"not_picked":["sneckomod:WideSting+1","sneckomod:UnknownCommonSkill+1","sneckomod:UnknownStrike+1"],"picked":"SKIP","floor":35},{"not_picked":["sneckomod:DiceBlock+1","sneckomod:Unknown1Cost+1"],"picked":"sneckomod:Nope+1","floor":37},{"not_picked":["sneckomod:UnknownCommonSkill+1","sneckomod:UnknownClassRED+1","sneckomod:Unknown+1"],"picked":"SKIP","floor":40},{"not_picked":["sneckomod:Unknown1Cost+1","sneckomod:UnknownClassGUARDIAN+1","sneckomod:UnknownClassRED+1"],"picked":"SKIP","floor":40},{"not_picked":["sneckomod:UnknownClassYURI_PURPLE+1","sneckomod:DiceBlock+1","sneckomod:RainOfDice"],"picked":"SKIP","floor":47},{"not_picked":["sneckomod:Unknown0Cost+1","sneckomod:SoulRoll+1"],"picked":"sneckomod:SoulDraw+1","floor":48}],"player_experience":705351,"relics_obtained":[{"floor":7,"key":"Thread and Needle"},{"floor":9,"key":"Bottled Lightning"},{"floor":11,"key":"Replay:Arrowhead"},{"floor":14,"key":"White Beast Statue"},{"floor":19,"key":"Gremlin Food"},{"floor":20,"key":"Smiling Mask"},{"floor":24,"key":"CeramicFish"},{"floor":26,"key":"aspiration:FetidBarrel"},{"floor":27,"key":"Bottled Flame"},{"floor":29,"key":"trackpad:Compendium"},{"floor":30,"key":"Matryoshka"},{"floor":38,"key":"Replay:PocketPolymizer"},{"floor":40,"key":"trackpad:FieryHotPepper"},{"floor":43,"key":"Du-Vu Doll"},{"floor":43,"key":"trackpad:AdjectivePendant"},{"floor":47,"key":"Replay:Bottled Snecko"}],"event_choices":[{"damage_healed":0,"gold_gain":0,"player_choice":"Entered Light","damage_taken":18,"max_hp_gain":0,"max_hp_loss":0,"event_name":"Shining Light","floor":2,"gold_loss":0,"cards_upgraded":["sneckomod:SnekBite","sneckomod:TailWhip"]},{"damage_healed":0,"gold_gain":0,"player_choice":"Fight","damage_taken":0,"max_hp_gain":0,"max_hp_loss":0,"event_name":"MindBloom","floor":38,"gold_loss":0}],"is_beta":false,"boss_relics":[{"not_picked":["SlaversCollar","Kintsugi"],"picked":"aspiration:PoetsPen_weak"},{"not_picked":["Replay:Ancient Bell","Philosopher\u0027s Stone"],"picked":"energizedSpire:DeadBattery"}],"items_purged_floors":[22,36,45],"is_endless":false,"potions_floor_spawned":[3,5,7,11,16,18,24,25,27,29,30,33,35,37,38,40,47,48],"ascension_level":11}}