{"host":"cyh4fejqtcjbfr7k","time":1608229860,"event":{"mods":["2.2 Compatiblity","AchievementEnabler","BaseMod","Colored Map","Colored Powertips","DeckTracker","Downfall","Googly Eyes","Hubris","Infinite Spire","Minty Spire (QoL Compilation)","Replay The Spire","Shop Mod","StSLib","SuperFastMode","Unceasing Turn Reminder"],"gold_per_floor":[113,113,113,113,123,123,154,154,227,227,246,272,287,302,302,406,406,422,422,422,440,451,451,482,482,564,564,578,578,597,617,617,617,617],"floor_reached":33,"playtime":1562,"items_purged":[],"score":319,"play_id":"5e05bbd3-1da4-4c82-b879-16e188eac9bf","local_time":"20201217113100","is_ascension_mode":true,"campfire_choices":[{"data":"Poisoned Stab","floor":6,"key":"SMITH"},{"data":"Poisoned Stab","floor":8,"key":"SMITH"},{"floor":15,"key":"REST"},{"floor":23,"key":"REST"},{"floor":29,"key":"REST"},{"floor":32,"key":"REST"}],"circlet_count":0,"master_deck":["Strike_G+1","Strike_G+1","Strike_G+1","Strike_G+1","Strike_G+1","Defend_G+1","Defend_G+1","Defend_G+1","Defend_G+1","Defend_G+1","Survivor","Neutralize","Poisoned Stab+1","Poisoned Stab+1","Dagger Spray","Quick Slash","Blade Dance","Deflect","Cloak And Dagger","Adrenaline","Prepared+1","Outmaneuver","Footwork+1","Envenom","Deflect+1","Dagger Throw+1"],"relics":["Ring of the Snake","Blue Candle","hubris:TenFootPole","Darkstone Periapt","HornCleat","Durian","HoveringKite","infinitespire:Golems Mask","Orichalcum","hubris:Towel","Bottled Tornado"],"acts_visited":["Exordium","TheCity"],"potions_floor_usage":[7,7,16,16,24,24,24,24,31,33,33],"damage_taken":[{"damage":2,"enemies":"Small Slimes","floor":1,"turns":6},{"damage":0,"enemies":"Jaw Worm","floor":5,"turns":5},{"damage":9,"enemies":"3 Sentries","floor":7,"turns":10},{"damage":0,"enemies":"2 Louse","floor":11,"turns":2},{"damage":40,"enemies":"Lagavulin","floor":12,"turns":6},{"damage":10,"enemies":"Lots of Slimes","floor":13,"turns":2},{"damage":3,"enemies":"Looter","floor":14,"turns":3},{"damage":10,"enemies":"Fading Forest","floor":16,"turns":11},{"damage":0,"enemies":"3 Byrds","floor":18,"turns":4},{"damage":11,"enemies":"Spheric Guardian","floor":21,"turns":4},{"damage":6,"enemies":"Centurion and Healer","floor":22,"turns":4},{"damage":60,"enemies":"Gremlin Leader","floor":24,"turns":11},{"damage":14,"enemies":"Snake Plant","floor":28,"turns":5},{"damage":17,"enemies":"Sentry and Sphere","floor":30,"turns":8},{"damage":0,"enemies":"Centurion and Healer","floor":31,"turns":6},{"damage":42,"enemies":"Automaton","floor":33,"turns":10}],"seed_played":"-8659862863528328755","potions_obtained":[{"floor":0,"key":"GhostInAJar"},{"floor":0,"key":"SkillPotion"},{"floor":0,"key":"Cursed Concoction"},{"floor":13,"key":"Strength Potion"},{"floor":14,"key":"Elixir"},{"floor":16,"key":"EntropicBrew"},{"floor":18,"key":"BlessingOfTheForge"},{"floor":22,"key":"Block Potion"},{"floor":28,"key":"BlessingOfTheForge"},{"floor":31,"key":"Energy Potion"}],"is_trial":false,"path_per_floor":["M","$","?","?","M","R","E","R","T","T","M","E","M","M","R","B",null,"M","?","AVR","M","M","R","E","?","T","?","M","R","M","M","R","B"],"character_chosen":"THE_SILENT","items_purchased":[],"campfire_rested":4,"item_purchase_floors":[],"current_hp_per_floor":[68,68,68,68,68,68,59,59,59,59,59,24,14,11,33,31,75,75,75,75,64,58,75,15,15,15,15,1,23,6,6,28,0,0],"gold":617,"neow_bonus":"THREE_SMALL_POTIONS","is_daily":false,"chose_seed":false,"campfire_upgraded":2,"win_rate":0.0,"timestamp":1608229860,"path_taken":["M","$","?","?","M","R","E","R","T","?","M","E","M","?","R","BOSS","M","?","AVR","M","M","R","E","?","T","?","M","R","M","M","R","BOSS"],"items_purchased_type":[],"build_version":"2020-12-13","purchased_purges":0,"victory":false,"max_hp_per_floor":[70,70,70,70,70,70,70,70,70,70,70,75,75,75,75,75,75,75,75,75,75,75,75,75,75,75,75,75,75,75,75,75,75,75],"card_choices":[{"not_picked":["Flying Knee","Flechettes"],"picked":"Poisoned Stab","floor":1},{"not_picked":["Dagger Throw","Acrobatics"],"picked":"Poisoned Stab","floor":5},{"not_picked":["ReplayTheSpireMod:Necrosis","Bane"],"picked":"Dagger Spray","floor":7},{"not_picked":["Deflect","hubris:TrickCloak"],"picked":"Quick Slash","floor":11},{"not_picked":["Dodge and Roll","Blur"],"picked":"Blade Dance","floor":12},{"not_picked":["Flying Knee","Blade Dance"],"picked":"Deflect","floor":13},{"not_picked":["Dodge and Roll","Blur"],"picked":"Cloak And Dagger","floor":14},{"not_picked":["Burst","Grand Finale"],"picked":"Adrenaline","floor":16},{"not_picked":["Flying Knee","Flechettes"],"picked":"Prepared+1","floor":18},{"not_picked":["ReplayTheSpireMod:Shiv Toss","Crippling Poison"],"picked":"Outmaneuver","floor":21},{"not_picked":["Slice","Blade Dance"],"picked":"Footwork+1","floor":22},{"not_picked":["Infinite Blades+1","Fluid Movement"],"picked":"Envenom","floor":24},{"not_picked":["Hidden Blade","Distraction+1"],"picked":"Deflect+1","floor":28},{"not_picked":["ReplayTheSpireMod:Tripwire+1","Expertise+1","Dagger Throw"],"picked":"SKIP","floor":30},{"not_picked":["Doppelganger","Backflip"],"picked":"Dagger Throw+1","floor":31}],"player_experience":576790,"relics_obtained":[{"floor":4,"key":"Blue Candle"},{"floor":7,"key":"hubris:TenFootPole"},{"floor":9,"key":"Darkstone Periapt"},{"floor":10,"key":"HornCleat"},{"floor":12,"key":"Durian"},{"floor":24,"key":"Orichalcum"},{"floor":26,"key":"Bottled Tornado"}],"event_choices":[{"damage_healed":0,"gold_gain":0,"player_choice":"Ignored","damage_taken":0,"max_hp_gain":0,"max_hp_loss":0,"event_name":"Golden Idol","floor":3,"gold_loss":0},{"damage_healed":0,"gold_gain":0,"player_choice":"Ignored","damage_taken":0,"max_hp_gain":0,"max_hp_loss":0,"event_name":"Ghosts","floor":19,"gold_loss":0},{"damage_healed":0,"gold_gain":0,"player_choice":"Simplicity","damage_taken":0,"max_hp_gain":0,"max_hp_loss":0,"event_name":"Back to Basics","floor":27,"gold_loss":0,"cards_upgraded":["Strike_G","Strike_G","Strike_G","Strike_G","Strike_G","Defend_G","Defend_G","Defend_G","Defend_G","Defend_G"]}],"is_beta":false,"boss_relics":[{"not_picked":["Astrolabe","Runic Dome"],"picked":"HoveringKite"}],"items_purged_floors":[],"is_endless":false,"potions_floor_spawned":[13,14,16,18,22,28,31],"killed_by":"Automaton","ascension_level":3}}