{"host":"0y7rggrn2c7yxnri","time":1608188149,"event":{"mods":["AchievementEnabler","Act Like it!","AlwaysNeverKeys","Aspiration","Bartender","BaseMod","Better Altar","Better Sensory Stone","Better Skull","Better Third Choice","Better Vampires","BetterRewards","Colored Map","Colored Powertips","Displayed Cursed Tome","Duelist Mod","GifTheSpireLib","Magitek Elite","Minty Spire (QoL Compilation)","Permanent Neow","Quick Restart","Replay The Spire","Shop Mod","Spicy Shops","StSLib","Stuff the Spire","The Alterego","The Animator","The Servant 0.9.4","Transform Curses","Virulent Crown","Wandering Minibosses","vexMod"],"gold_per_floor":[111,111,125,138,138,138,213,49,49,63,96,157,169,285,285,359,359,373,373,47,47,59,183,183,303,303,303,303,303,415,431,431,506,506,520,520,520,530,530,530,67,208,232,348,43,55,67,109,109,109,109,109,0,25,25],"floor_reached":56,"playtime":2754,"items_purged":["Normality","Languid"],"score":2535,"play_id":"e610e879-5a80-4e8c-828c-bf2d9da5064c","local_time":"20201217015549","is_ascension_mode":true,"campfire_choices":[{"data":"Cleave","floor":6,"key":"SMITH"},{"data":"Berserk","floor":24,"key":"SMITH"},{"data":"Rampage","floor":27,"key":"SMITH"},{"data":"Spot Weakness","floor":29,"key":"SMITH"},{"floor":32,"key":"REST"},{"floor":40,"key":"REST"},{"floor":49,"key":"REST"},{"data":"StuffTheSpire:BrainWave","floor":52,"key":"SMITH"}],"circlet_count":0,"master_deck":["AscendersBane","Strike_R","Strike_R","Strike_R","Strike_R","Defend_R+1","Defend_R","Defend_R+1","Defend_R","Bash","Cleave+1","Rampage+1","Regret","Pommel Strike","Reaper","Disarm+1","Inflame","Berserk+1","Spot Weakness+1","Immolate","animator:Curse_GriefSeed","Delirium","Infernal Blade+1","StuffTheSpire:BrainWave+1","Offering"],"relics":["Burning Blood","StuffTheSpire:ForceGauntlet","HornCleat","Paper Frog","StuffTheSpire:RedRose","StuffTheSpire:Gunfinga","aspiration:StickyExplosives","Gem_Box","alterego_mod:SomeoneToFightFor","MerchantsRug","Akabeko","Toy Ornithopter","Replay:Baseball","Blue Candle","wanderingMiniBosses:Inkheart","aspiration:ChemicalBlood","Replay:Bottled Flurry","Prayer Wheel","Replay:Wax Seal","Medical Kit","aspiration:HummingbirdHeart","CaptainsWheel","Lantern","Replay:WaspNest","StuffTheSpire:CocoNut","Oddly Smooth Stone"],"acts_visited":["Exordium","TheCity","TheBeyond","TheEnding"],"potions_floor_usage":[14,18,30,33,38,44,50,50,50,55,55,55,55,55,55,55,55],"damage_taken":[{"damage":12,"enemies":"Jaw Worm","floor":1,"turns":2},{"damage":0,"enemies":"Cultist","floor":3,"turns":3},{"damage":8,"enemies":"2 Louse","floor":4,"turns":3},{"damage":5,"enemies":"Blue Slaver","floor":10,"turns":3},{"damage":28,"enemies":"Lagavulin","floor":11,"turns":4},{"damage":9,"enemies":"Lagavulin Event","floor":12,"turns":3},{"damage":0,"enemies":"Exordium Wildlife","floor":13,"turns":1},{"damage":4,"enemies":"Gremlin Nob","floor":14,"turns":3},{"damage":38,"enemies":"The Guardian","floor":16,"turns":7},{"damage":4,"enemies":"Chosen","floor":18,"turns":5},{"damage":25,"enemies":"Spheric Guardian","floor":22,"turns":3},{"damage":3,"enemies":"Replay:Snechameleon","floor":23,"turns":4},{"damage":23,"enemies":"theDuelist:KaibaA2","floor":25,"turns":5},{"damage":46,"enemies":"Slavers","floor":30,"turns":6},{"damage":27,"enemies":"Snake Plant","floor":31,"turns":6},{"damage":5,"enemies":"Champ","floor":33,"turns":5},{"damage":0,"enemies":"Orb Walker","floor":35,"turns":2},{"damage":29,"enemies":"3 Darklings","floor":38,"turns":2},{"damage":17,"enemies":"R_Hoarder","floor":42,"turns":5},{"damage":2,"enemies":"Reptomancer","floor":44,"turns":2},{"damage":3,"enemies":"Maw","floor":46,"turns":3},{"damage":7,"enemies":"Writhing Mass","floor":47,"turns":2},{"damage":27,"enemies":"Awakened One","floor":50,"turns":6},{"damage":17,"enemies":"Shield and Spear","floor":54,"turns":3},{"damage":118,"enemies":"The Heart","floor":55,"turns":5}],"seed_played":"5690347632952782985","potions_obtained":[{"floor":3,"key":"FearPotion"},{"floor":11,"key":"FearPotion"},{"floor":16,"key":"AttackPotion"},{"floor":22,"key":"Block Potion"},{"floor":31,"key":"Adrenaline Potion"},{"floor":33,"key":"SpeedPotion"},{"floor":37,"key":"Flashbang"},{"floor":48,"key":"LiquidMemories"},{"floor":50,"key":"Flashbang"},{"floor":55,"key":"DuplicationPotion"}],"is_trial":false,"path_per_floor":["M","?","M","M","?","R","?","$","T","M","E","?","M","E","R_BF","B",null,"M","?","$","?","M","E","R","E","T","R","?","R","E","M","R","B",null,"M","?","?","M","T","R","$","E","T","E","$","M","M","?","R","B",null,"R","$","E","B",null],"character_chosen":"IRONCLAD","items_purchased":["StuffTheSpire:ForceGauntlet","HornCleat","Cleave","Paper Frog","StuffTheSpire:Gunfinga","MerchantsRug","Akabeko","Centennial Puzzle","Medical Kit","aspiration:HummingbirdHeart","Juzu Bracelet","Replay:WaspNest","StuffTheSpire:CocoNut"],"campfire_rested":3,"item_purchase_floors":[0,0,0,0,8,20,20,20,41,41,41,45,53],"current_hp_per_floor":[62,62,68,66,66,66,55,55,55,56,34,31,37,53,75,43,67,75,75,75,75,59,70,70,70,70,70,70,70,47,43,65,75,75,75,64,64,46,46,64,64,64,64,64,64,64,63,38,64,56,62,62,69,71,14],"gold":25,"neow_bonus":"","is_daily":false,"chose_seed":false,"campfire_upgraded":5,"win_rate":0.0,"timestamp":1608188149,"path_taken":["M","?","M","?","?","R","?","?","T","M","E","?","M","E","R_BF","BOSS","M","?","$","?","M","E","R","E","T","R","?","R","E","M","R","BOSS","M","?","?","M","?","R","$","E","T","E","$","M","M","?","R","BOSS","R","$","E","BOSS"],"items_purchased_type":["Relic","Relic","Card","Relic","Relic","Relic","Relic","Relic","Relic","Relic","Relic","Relic","Relic"],"build_version":"2020-12-13","purchased_purges":2,"victory":true,"max_hp_per_floor":[75,75,75,75,75,75,75,75,75,75,75,75,75,75,75,75,75,75,75,75,75,75,75,75,75,75,75,75,75,75,75,75,75,75,75,64,64,64,64,64,64,64,64,64,64,64,64,64,64,64,64,64,71,71,71],"card_choices":[{"not_picked":["Clash","Wild Strike","Rage"],"picked":"SKIP","floor":1},{"not_picked":["Havoc","Life Link","ReplayTheSpireMod:Strike From Hell"],"picked":"SKIP","floor":3},{"not_picked":["Metallicize","Seeing Red"],"picked":"Rampage","floor":4},{"not_picked":["StuffTheSpire:RockThrow","Havoc"],"picked":"Pommel Strike","floor":10},{"not_picked":["Thunderclap","Exhume"],"picked":"Reaper","floor":11},{"not_picked":["StuffTheSpire:RagingBull","Headbutt"],"picked":"Disarm","floor":12},{"not_picked":["Hemokinesis","Entrench","Havoc"],"picked":"SKIP","floor":13},{"not_picked":["Warcry","Replay:Undeath\u0027s Touch"],"picked":"Inflame","floor":14},{"not_picked":["Hemogenesis","StuffTheSpire:TitanForm"],"picked":"Berserk","floor":16},{"not_picked":["Twin Strike+1","Clash","Rupture"],"picked":"SKIP","floor":18},{"not_picked":["Perfected Strike","Sever Soul","Run Through"],"picked":"SKIP","floor":22},{"not_picked":["StuffTheSpire:Slingshot","Clash","Thunderclap"],"picked":"SKIP","floor":23},{"not_picked":["Anger","Replay:Many Hands","Replay:Undeath\u0027s Touch"],"picked":"SKIP","floor":25},{"not_picked":["Clothesline","Replay:Undeath\u0027s Touch","Shrug It Off"],"picked":"SKIP","floor":30},{"not_picked":["Pommel Strike","Flame Barrier","Evolve"],"picked":"SKIP","floor":31},{"not_picked":["Bludgeon","Brutality"],"picked":"Immolate","floor":33},{"not_picked":["Normality","animator:Curse_Greed"],"picked":"animator:Curse_GriefSeed","floor":34},{"not_picked":["StuffTheSpire:CuriosityCurse","AbeCurse"],"picked":"Delirium","floor":34},{"not_picked":["theDuelist:DuelistAscender","animator:Curse_Dizziness"],"picked":"Languid","floor":34},{"not_picked":["Warcry","Headbutt"],"picked":"Infernal Blade+1","floor":35},{"not_picked":["Shrug It Off","Body Slam","Barricade"],"picked":"SKIP","floor":35},{"not_picked":["Power Through","StuffTheSpire:Slingshot","Burning Pact"],"picked":"SKIP","floor":38},{"not_picked":["Dual Wield","Body Slam+1","Infernal Blade"],"picked":"SKIP","floor":38},{"not_picked":["Fire Breathing+1","Combust","Anger"],"picked":"SKIP","floor":42},{"not_picked":["StuffTheSpire:Slingshot","Cleave","ReplayTheSpireMod:Strike From Hell"],"picked":"SKIP","floor":44},{"not_picked":["Thunderclap","Armaments"],"picked":"Offering","floor":46},{"not_picked":["Reckless Charge+1","Inflame","StuffTheSpire:Slingshot+1"],"picked":"SKIP","floor":46},{"not_picked":["Replay:Undeath\u0027s Touch","StuffTheSpire:Slingshot","ReplayTheSpireMod:Strike From Hell"],"picked":"SKIP","floor":47},{"not_picked":["ReplayTheSpireMod:Corrosion Curse","Anger+1","Clash"],"picked":"SKIP","floor":47},{"not_picked":["Sword Boomerang","Spot Weakness","ReplayTheSpireMod:Strike From Hell"],"picked":"SKIP","floor":54}],"player_experience":304991,"relics_obtained":[{"floor":9,"key":"Ice Cream"},{"floor":11,"key":"StuffTheSpire:TintedRock"},{"floor":14,"key":"Red Skull"},{"floor":23,"key":"Toy Ornithopter"},{"floor":25,"key":"Replay:Baseball"},{"floor":26,"key":"Tiny Chest"},{"floor":30,"key":"Blue Candle"},{"floor":31,"key":"wanderingMiniBosses:Inkheart"},{"floor":39,"key":"Replay:Wax Seal"},{"floor":42,"key":"CaptainsWheel"},{"floor":43,"key":"Lantern"},{"floor":44,"key":"Regal Pillow"},{"floor":54,"key":"Oddly Smooth Stone"}],"event_choices":[{"cards_removed":["Strike_R"],"damage_healed":0,"gold_gain":0,"player_choice":"Offered Basic","damage_taken":0,"max_hp_gain":0,"max_hp_loss":0,"event_name":"Bonfire Elementals","floor":2,"gold_loss":0},{"damage_healed":0,"gold_gain":75,"player_choice":"Gold","damage_taken":11,"max_hp_gain":0,"max_hp_loss":0,"event_name":"betterThird:BetterGoop","floor":7,"gold_loss":0},{"damage_healed":0,"gold_gain":0,"player_choice":"Searched \u00273\u0027 times","damage_taken":0,"relics_obtained":["aspiration:StickyExplosives"],"max_hp_gain":0,"max_hp_loss":0,"event_name":"Dead Adventurer","floor":12,"gold_loss":0},{"damage_healed":0,"gold_gain":0,"player_choice":"Choice 2","damage_taken":0,"relics_obtained":["alterego_mod:SomeoneToFightFor"],"max_hp_gain":0,"max_hp_loss":0,"event_name":"Secret Garden","floor":19,"gold_loss":0},{"damage_healed":0,"gold_gain":0,"player_choice":"Ignored","damage_taken":0,"max_hp_gain":0,"max_hp_loss":0,"event_name":"Ghosts","floor":21,"gold_loss":0},{"damage_healed":0,"gold_gain":0,"player_choice":"Read","damage_taken":0,"max_hp_gain":0,"max_hp_loss":0,"event_name":"The Library","floor":28,"gold_loss":0,"cards_obtained":["Spot Weakness"]}],"is_beta":false,"boss_relics":[{"not_picked":["StuffTheSpire:RunicHypercube","Empty Cage"],"picked":"Gem_Box"},{"not_picked":["Painkiller Herb","ReplayTheSpireMod:DimensionalGlitch"],"picked":"Replay:Ancient Bell"},{"not_picked":["Replay:Bandana","Simple Rune"],"picked":"aspiration:ChemicalBlood"},{"not_picked":["Replay:Accelerometer","Quantum Egg"],"picked":"Replay:Bottled Flurry"},{"not_picked":["Dead Branch","Shovel"],"picked":"Prayer Wheel"}],"items_purged_floors":[0,45],"is_endless":false,"potions_floor_spawned":[3,11,16,22,31,33,38,47],"ascension_level":19}}