{"host":"wha9hktbkslqvblg","time":1608165790,"event":{"mods":["BaseMod","Colored Map","Minty Spire (QoL Compilation)","Relic Stats","SuperFastMode","everything is the same but u backflip on backflip"],"gold_per_floor":[116,116,130,130,130,174,193,218,218,243,268,193,193,206,206,296,296,315,240,256,274,295,295,295,295,295],"floor_reached":25,"playtime":824,"items_purged":["Strike_R"],"score":464,"play_id":"11291ef8-08eb-4cc5-85ba-3a33fde832a7","local_time":"20201217094310","is_ascension_mode":true,"campfire_choices":[{"data":"Uppercut","floor":15,"key":"SMITH"},{"data":"Battle Trance","floor":23,"key":"SMITH"}],"circlet_count":0,"master_deck":["AscendersBane","Strike_R","Strike_R+1","Defend_R","Defend_R","Defend_R","Defend_R","Bash","Pommel Strike+1","Uppercut+1","Second Wind","Battle Trance+1","Power Through","Feel No Pain","Disarm","Impervious","CurseOfTheBell","Bloodletting+1"],"relics":["Burning Blood","NeowsBlessing","Golden Idol","Happy Flower","Calling Bell","Potion Belt","Toxic Egg 2","TungstenRod"],"acts_visited":["Exordium","TheCity"],"potions_floor_usage":[14,16,18,18,25],"damage_taken":[{"damage":0.0,"enemies":"Small Slimes","floor":1.0,"turns":1.0},{"damage":0.0,"enemies":"2 Louse","floor":3.0,"turns":1.0},{"damage":0.0,"enemies":"3 Sentries","floor":6.0,"turns":2.0},{"damage":2.0,"enemies":"Jaw Worm","floor":7.0,"turns":3.0},{"damage":11.0,"enemies":"3 Louse","floor":8.0,"turns":5.0},{"damage":6,"enemies":"Looter","floor":10,"turns":3},{"damage":1,"enemies":"Red Slaver","floor":11,"turns":4},{"damage":17,"enemies":"Gremlin Gang","floor":14,"turns":6},{"damage":11,"enemies":"The Guardian","floor":16,"turns":12},{"damage":24,"enemies":"3 Byrds","floor":18,"turns":12},{"damage":5,"enemies":"Shell Parasite","floor":20,"turns":10},{"damage":13,"enemies":"Centurion and Healer","floor":21,"turns":10},{"damage":22,"enemies":"Snake Plant","floor":22,"turns":7},{"damage":32,"enemies":"Cultist and Chosen","floor":25,"turns":8}],"seed_played":"8788742340363763347","potions_obtained":[{"floor":6.0,"key":"AttackPotion"},{"floor":10,"key":"SteroidPotion"},{"floor":14,"key":"DistilledChaos"},{"floor":16,"key":"Block Potion"},{"floor":18,"key":"GamblersBrew"}],"is_trial":false,"path_per_floor":["M","?","M","?","?","E","M","M","T","M","M","$","?","M","R","B",null,"M","?","M","M","M","R","?","M"],"character_chosen":"IRONCLAD","items_purchased":[],"campfire_rested":0,"item_purchase_floors":[],"current_hp_per_floor":[74,48,54,59,35,41,45,40,40,40,45,45,45,34,34,29,67,49,49,50,43,27,27,27,0,0],"gold":295,"neow_bonus":"THREE_ENEMY_KILL","is_daily":false,"chose_seed":false,"campfire_upgraded":2,"win_rate":0.0,"timestamp":1608165790,"path_taken":["M","?","M","?","?","E","M","M","T","M","M","?","?","M","R","BOSS","M","?","M","M","M","R","?","M"],"items_purchased_type":[],"build_version":"2020-12-13","purchased_purges":1,"victory":false,"max_hp_per_floor":[75,75,75,80,80,80,80,80,80,80,80,80,80,80,80,80,80,80,80,80,80,80,80,80,80,80],"relic_stats":{"Happy Flower":[26],"counters":[14,84],"Golden Idol":72,"obtain_stats":[{"Calling Bell":17,"Potion Belt":17,"NeowsBlessing":0,"Happy Flower":6,"Golden Idol":2,"Toxic Egg 2":17,"Burning Blood":0,"TungstenRod":17},{"Calling Bell":9,"Potion Belt":9,"NeowsBlessing":0,"Happy Flower":3,"Golden Idol":1,"Toxic Egg 2":9,"Burning Blood":0,"TungstenRod":9},{"Calling Bell":37,"Potion Belt":37,"NeowsBlessing":0,"Happy Flower":4,"Golden Idol":1,"Toxic Egg 2":37,"Burning Blood":0,"TungstenRod":37}],"Burning Blood":78,"TungstenRod":48},"card_choices":[{"not_picked":["Anger","Fire Breathing"],"picked":"Pommel Strike","floor":1.0},{"not_picked":["Flex","Entrench"],"picked":"Uppercut","floor":3.0},{"not_picked":["Bloodletting","Reckless Charge"],"picked":"Second Wind","floor":6.0},{"not_picked":["Warcry","Pummel"],"picked":"Battle Trance","floor":7.0},{"not_picked":["Warcry","Thunderclap"],"picked":"Power Through","floor":8},{"not_picked":["Thunderclap","Heavy Blade"],"picked":"Feel No Pain","floor":10},{"not_picked":["Armaments","Dual Wield","Carnage"],"picked":"SKIP","floor":11},{"not_picked":["Armaments","Dual Wield","Carnage"],"picked":"SKIP","floor":11},{"not_picked":["Havoc","Sword Boomerang","Second Wind"],"picked":"SKIP","floor":14},{"not_picked":["Fiend Fire","Feed"],"picked":"Impervious","floor":16},{"not_picked":["Ghostly Armor+1","Flex+1","Cleave"],"picked":"SKIP","floor":18},{"not_picked":["Pommel Strike","Wild Strike+1","Inflame+1"],"picked":"SKIP","floor":20},{"not_picked":["Blood for Blood","Iron Wave"],"picked":"Bloodletting+1","floor":21},{"not_picked":["Ghostly Armor+1","Shrug It Off+1","Heavy Blade+1"],"picked":"SKIP","floor":22}],"player_experience":859102,"relics_obtained":[{"floor":6.0,"key":"Happy Flower"},{"floor":17,"key":"Potion Belt"},{"floor":17,"key":"Toxic Egg 2"},{"floor":17,"key":"TungstenRod"}],"event_choices":[{"damage_healed":0.0,"max_hp_gain":0.0,"max_hp_loss":0.0,"gold_gain":0.0,"event_name":"Golden Idol","player_choice":"Take Damage","floor":2.0,"gold_loss":0.0,"damage_taken":26.0,"relics_obtained":["Golden Idol"]},{"damage_healed":0.0,"max_hp_gain":5.0,"max_hp_loss":0.0,"gold_gain":0.0,"event_name":"Big Fish","player_choice":"Donut","floor":4.0,"gold_loss":0.0,"damage_taken":0.0},{"damage_healed":0.0,"max_hp_gain":0.0,"max_hp_loss":0.0,"gold_gain":0.0,"event_name":"Shining Light","player_choice":"Entered Light","floor":5.0,"gold_loss":0.0,"damage_taken":24.0,"cards_upgraded":["Pommel Strike","Strike_R"]},{"damage_healed":0,"gold_gain":0,"cards_transformed":["Strike_R"],"player_choice":"Change","damage_taken":0,"max_hp_gain":0,"max_hp_loss":0,"event_name":"Living Wall","floor":13,"gold_loss":0,"cards_obtained":["Disarm"]},{"cards_removed":["Strike_R"],"damage_healed":0,"gold_gain":0,"player_choice":"Gave Gold","damage_taken":0,"max_hp_gain":0,"max_hp_loss":0,"event_name":"Beggar","floor":19,"gold_loss":75},{"damage_healed":0,"gold_gain":0,"player_choice":"Ignored","damage_taken":0,"max_hp_gain":0,"max_hp_loss":0,"event_name":"Vampires","floor":24,"gold_loss":0}],"is_beta":false,"boss_relics":[{"not_picked":["Empty Cage","Busted Crown"],"picked":"Calling Bell"}],"items_purged_floors":[12],"is_endless":false,"potions_floor_spawned":[6,10,14,16,18],"killed_by":"Cultist and Chosen","ascension_level":20}}