{"host":"ek3xvuouaw6vk9if","time":1608183340,"event":{"mods":["BaseMod","Downfall","Minty Spire (QoL Compilation)","Permanent Neow","Quick Restart","Replay The Spire","StSLib"],"gold_per_floor":[0,10,35,35,52,52,98,137,299,311,323,356,368,399,422,434,434],"floor_reached":16,"playtime":667,"items_purged":[],"score":124,"play_id":"9959864e-0cff-4a29-887a-cce051497468","local_time":"20201217003540","is_ascension_mode":true,"campfire_choices":[{"data":"champ:EnchantCrown","floor":1,"key":"SMITH"},{"data":"champ:Taunt","floor":4,"key":"SMITH"},{"floor":6,"key":"REST"},{"data":"champ:Haymaker","floor":10,"key":"SMITH"}],"circlet_count":0,"master_deck":["champ:Strike","champ:Strike","champ:Strike","champ:Strike","champ:Defend","champ:Defend","champ:Defend","champ:Defend","champ:Execute","champ:Taunt+1","champ:EnchantCrown+1","champ:Haymaker+1","Slimebound:Icky","champ:PreciseThrust","champ:BladeFlurry","champ:CrookedStrike"],"relics":["champ:ChampionCrown","Anchor","MawBank","WingedGreaves","Odd Mushroom"],"acts_visited":["Exordium"],"potions_floor_usage":[12,16,16,16],"damage_taken":[{"damage":13,"enemies":"2 Louse","floor":2,"turns":3},{"damage":52,"enemies":"Lagavulin","floor":3,"turns":9},{"damage":1,"enemies":"Small Slimes","floor":5,"turns":4},{"damage":28,"enemies":"Replay:BlueRogue","floor":8,"turns":7},{"damage":27,"enemies":"The Mushroom Lair","floor":12,"turns":5},{"damage":5,"enemies":"Cultist","floor":14,"turns":3},{"damage":25,"enemies":"Lots of Slimes","floor":15,"turns":6},{"damage":21,"enemies":"downfall:Ironclad","floor":16,"turns":9}],"seed_played":"-5145478402866088748","potions_obtained":[{"floor":8,"key":"sneckomod:MuddlingPotion"},{"floor":13,"key":"downfall:CursedFountainPotion"},{"floor":14,"key":"Venom Potion"},{"floor":15,"key":"LifebloodPotion"}],"is_trial":false,"path_per_floor":["R","M","E","R","M","R","T","E","?","R","?","?","?","M","M","B"],"character_chosen":"THE_CHAMP","items_purchased":[],"campfire_rested":1,"item_purchase_floors":[],"current_hp_per_floor":[90,85,43,43,42,69,69,56,56,56,56,34,34,34,14,0,0],"gold":434,"neow_bonus":"THREE_RARE_CARDS","is_daily":false,"chose_seed":false,"campfire_upgraded":3,"win_rate":0.0,"timestamp":1608183340,"path_taken":["R","M","E","R","M","R","T","E","?","R","?","?","?","?","M","BOSS"],"items_purchased_type":[],"build_version":"2020-12-13","purchased_purges":0,"victory":false,"max_hp_per_floor":[90,90,90,90,90,90,90,90,90,90,90,90,90,90,90,90,90],"card_choices":[{"not_picked":["champ:HoldFirm","champ:ShieldSlam"],"picked":"champ:EnchantCrown","floor":0},{"not_picked":["champ:PerfectedStrike","champ:BerserkersShout","champ:Encircle"],"picked":"SKIP","floor":2},{"not_picked":["champ:RageSigil","champ:FalseCounter","champ:Encircle"],"picked":"SKIP","floor":3},{"not_picked":["champ:FaceSlap","champ:DeathBlow","champ:PerfectedStrike"],"picked":"SKIP","floor":5},{"not_picked":["champ:ShieldSigil","champ:StrikeOfGenius"],"picked":"champ:Haymaker","floor":8},{"not_picked":["champ:Backstep","champ:Encircle"],"picked":"champ:PreciseThrust","floor":12},{"not_picked":["champ:CrookedStrike","champ:Encircle"],"picked":"champ:BladeFlurry","floor":14},{"not_picked":["champ:Backstep","champ:FanOfKnives"],"picked":"champ:CrookedStrike","floor":15}],"player_experience":690093,"relics_obtained":[{"floor":3,"key":"Anchor"},{"floor":7,"key":"MawBank"},{"floor":8,"key":"WingedGreaves"},{"floor":12,"key":"Odd Mushroom"}],"event_choices":[{"damage_healed":0,"gold_gain":0,"player_choice":"Fought Mushrooms","damage_taken":0,"max_hp_gain":0,"max_hp_loss":0,"event_name":"Mushrooms","floor":12,"gold_loss":0}],"is_beta":false,"boss_relics":[],"items_purged_floors":[],"is_endless":false,"potions_floor_spawned":[8,14,15],"killed_by":"downfall:Ironclad","ascension_level":3}}