{"host":"g1wmg2w41xhsnw8g","time":1608172037,"event":{"mods":["2.2 Compatiblity","Act Like it!","BaseMod","Better Altar","Better Match","Better Note","Better Sensory Stone","Better Skull","Better Third Choice","BetterRewards","Booster Modes","CapriCore","Colored Map","Colored Powertips","Curses Come First","Defuse TimeMaze Blight","Displayed Cursed Tome","Friendly Minions","GifTheSpireLib","Googly Eyes","Infinite Spire","Minty Spire (QoL Compilation)","Red Circlet Mod","Relic Sorter","SCP261 Mod","Shop Mod","Spicy Shops","StSLib","The Poker Player","The Sage","TheBandit","Transform Curses","????"],"gold_per_floor":[118,118,118,118,130,130,162,162,240,267,284,315,16,50,50,50,50,50],"floor_reached":16,"playtime":763,"items_purged":[],"score":184,"play_id":"a0bfae41-2cdf-4c7a-be4e-adb2ab8ed2e4","local_time":"20201216212717","daily_mods":["SealedDeck","Specialized","Heirloom","Elite Swarm"],"is_ascension_mode":true,"campfire_choices":[{"data":"wariomod:RacingSpeed","floor":6.0,"key":"SMITH"},{"data":"wariomod:DeadlyDash","floor":8.0,"key":"SMITH"},{"data":"wariomod:WipeClean","floor":15,"key":"SMITH"}],"circlet_count":0,"master_deck":["wariomod:BlastDash","wariomod:BlastDash","wariomod:BlastDash+1","wariomod:BlastDash","wariomod:WhirlwindBurst","wariomod:BumRush","wariomod:DiceyMove","PokerPlayerMod:DartThrow","wariomod:Goblast+1","wariomod:ChargeForth","wariomod:EmptyMind","PokerPlayerMod:CloakAndDiamond","wariomod:VeryLongJump","wariomod:GoAgain","PokerPlayerMod:Harden","wariomod:RacingSpeed+1","wariomod:Leapslam","wariomod:DeadlyDash+1","wariomod:WipeClean+1","PokerPlayerMod:HeartStrike+1","wariomod:PoisonBombs"],"relics":["wariomod:TheHat","infinitespire:Magic Flask","Omamori","HornCleat","MealTicket","Tiny Chest","PreservedInsect","MerchantsRug","Whetstone"],"acts_visited":["Exordium"],"potions_floor_usage":[12,14,16],"damage_taken":[{"damage":12.0,"enemies":"Jaw Worm","floor":1.0,"turns":3.0},{"damage":0.0,"enemies":"Cultist","floor":5.0,"turns":2.0},{"damage":30.0,"enemies":"Gremlin Nob","floor":7.0,"turns":5.0},{"damage":9.0,"enemies":"3 Sentries","floor":10.0,"turns":3.0},{"damage":0.0,"enemies":"Small Slimes","floor":11.0,"turns":1.0},{"damage":20,"enemies":"Gremlin Nob","floor":12,"turns":5},{"damage":0,"enemies":"Lagavulin","floor":14,"turns":3},{"damage":28,"enemies":"The Guardian","floor":16,"turns":4}],"seed_played":"1418510215867531556","potions_obtained":[{"floor":11.0,"key":"Fire Potion"},{"floor":12,"key":"SCP261:EnergyGasPotion"},{"floor":14,"key":"Regen Potion"}],"is_trial":true,"path_per_floor":["M","?","$","?","M","R","E","R","T","E","M","E","R","E","R","B"],"character_chosen":"THE_BANDIT","items_purchased":["PreservedInsect","MerchantsRug"],"campfire_rested":0,"item_purchase_floors":[13,13],"current_hp_per_floor":[68,68,68,68,68,68,38,38,38,29,29,12,12,15,15,0,0,0],"gold":50,"neow_bonus":"","is_daily":false,"chose_seed":false,"campfire_upgraded":3,"win_rate":0.0,"timestamp":1608172037,"path_taken":["M","?","?","?","?","R","E","R","T","E","M","E","R","E","R","BOSS"],"items_purchased_type":["Relic","Relic"],"build_version":"2020-12-13","purchased_purges":0,"victory":false,"max_hp_per_floor":[80,80,80,80,80,80,80,80,80,80,80,80,80,80,80,80,80,80],"card_choices":[{"not_picked":["PokerPlayerMod:MagicTrick","wariomod:BoomBoom"],"picked":"PokerPlayerMod:Harden","floor":1.0},{"not_picked":["PokerPlayerMod:PoorCopy","PokerPlayerMod:RiskyBet"],"picked":"wariomod:Leapslam","floor":5.0},{"not_picked":["wariomod:ShipSmash","wariomod:ForbiddenMagic"],"picked":"wariomod:DeadlyDash","floor":7.0},{"not_picked":["wariomod:ShipSmash","wariomod:SpacialMastery"],"picked":"wariomod:WipeClean","floor":10.0},{"not_picked":["wariomod:SpikeSlash","wariomod:SilenceBombs"],"picked":"PokerPlayerMod:HeartStrike","floor":11.0},{"not_picked":["PokerPlayerMod:FakeSymbols","PokerPlayerMod:Duplicate","PokerPlayerMod:StackedDeck"],"picked":"SKIP","floor":12},{"not_picked":["wariomod:BoomForm","wariomod:VeryLongJump"],"picked":"wariomod:PoisonBombs","floor":14}],"player_experience":1115671,"relics_obtained":[{"floor":7.0,"key":"Omamori"},{"floor":9.0,"key":"HornCleat"},{"floor":10.0,"key":"MealTicket"},{"floor":12,"key":"Tiny Chest"},{"floor":14,"key":"Whetstone"}],"event_choices":[{"damage_healed":0.0,"max_hp_gain":0.0,"max_hp_loss":0.0,"gold_gain":0.0,"event_name":"Upgrade Shrine","player_choice":"Upgraded","floor":2.0,"gold_loss":0.0,"damage_taken":0.0,"cards_upgraded":["wariomod:Goblast"]},{"damage_healed":0.0,"max_hp_gain":0.0,"max_hp_loss":0.0,"gold_gain":0.0,"cards_transformed":["wariomod:BlastDash"],"event_name":"Transmorgrifier","player_choice":"Transformed","floor":4.0,"gold_loss":0.0,"damage_taken":0.0,"cards_obtained":["wariomod:RacingSpeed"]}],"is_beta":false,"boss_relics":[],"items_purged_floors":[],"is_endless":false,"potions_floor_spawned":[11,12,14],"killed_by":"The Guardian","ascension_level":1}}