{"host":"02w9hl92h62kgkzk","time":1608163596,"event":{"mods":["2.2 Compatiblity","AchievementEnabler","Act Like it!","AlwaysNeverKeys","Aspiration","BaseMod","Better Altar","Better Match","Better Note","Better Sensory Stone","Better Skull","Better Third Choice","Better Vampires","BetterRewards","Block Reminder","CCEM","ChefMod","Chen","Colored Map","Colored Powertips","Conspire","Downfall","Ekko","Emptier Cage","Energized Spire","Fireblade Mod","Friendly Minions","FruityMod","GifTheSpireLib","Halation","Hallownest","Hermit","Hubris","Magitek Elite","Marisa????????","Marked Mod","Mimic Mod","Minty Spire (QoL Compilation)","Permanent Neow","QueenMod","Quick Restart","Rare Cards Sparkle","Retaliation","Reworked Bosses","Robot Space Explorer","Shade Mod","Shop Mod","Spicy Shops","Spikes Relics","StSLib","Stuff the Spire","The Edgeheg","The Gatherer","The Hayseed","The Hierophant","The Judge","The Jungle","The Necromancer","The Wild Card","TheSwordswoman","TheVacant","Trackpad","Transform Curses","Unceasing Turn Reminder","Wandering Minibosses","vexMod"],"gold_per_floor":[81,156,175,22,32,32,64,64,142,142,142],"floor_reached":10,"playtime":490,"items_purged":["theEdgeheg:Shotgun"],"score":91,"play_id":"1906c088-0914-49a1-a53a-5501efb3051c","local_time":"20201216180636","daily_mods":["SealedDeck","Heirloom","downfall:Jewelcrafting","Elite Swarm"],"is_ascension_mode":false,"campfire_choices":[],"circlet_count":0,"master_deck":["Guardian:ExploitGems","Guardian:ExploitGems","theEdgeheg:ChaosGrenade","theEdgeheg:GunSteal","theEdgeheg:BetterShoot","theEdgeheg:BetterShoot","theEdgeheg:Fastness","theEdgeheg:BetterShoot+1","theEdgeheg:BetterShoot+1","theEdgeheg:UseAndThrow","theEdgeheg:Reload","Guardian:Gem_Red","Guardian:Gem_Lightblue","theEdgeheg:FastRevolver"],"relics":["theEdgeheg:UltimateLifeformRelic","theEdgeheg:GreenEmeraldRelic","Guardian:PickAxe","trackpad:FieryHotPepper","vexMod:PaidLearning","trackpad:ByrdBGone","Bottled Flame"],"acts_visited":["Exordium"],"potions_floor_usage":[10],"damage_taken":[{"damage":0,"enemies":"2 Louse","floor":1,"turns":2},{"damage":0,"enemies":"Cultist","floor":3,"turns":2},{"damage":1,"enemies":"Small Slimes","floor":5,"turns":2},{"damage":1,"enemies":"Gremlin Nob","floor":7,"turns":3},{"damage":1,"enemies":"3 Sentries","floor":10,"turns":2}],"seed_played":"9143319169351857630","potions_obtained":[{"floor":7,"key":"Swift Potion"}],"is_trial":true,"path_per_floor":["M","?","M","$","M","R","E","$","T","E"],"character_chosen":"THE_DEFAULT","items_purchased":["vexMod:PaidLearning"],"campfire_rested":0,"item_purchase_floors":[4],"current_hp_per_floor":[4,3,3,3,2,2,1,1,1,0,0],"gold":142,"neow_bonus":"","is_daily":false,"chose_seed":false,"campfire_upgraded":0,"win_rate":0.0,"timestamp":1608163596,"path_taken":["M","?","?","$","M","R","E","$","T","E"],"items_purchased_type":["Relic"],"build_version":"2020-12-13","purchased_purges":1,"victory":false,"max_hp_per_floor":[5,5,5,5,5,5,5,5,5,5,5],"card_choices":[{"not_picked":["theEdgeheg:Birthday","theEdgeheg:DashKatana","theEdgeheg:ChaosWhip"],"picked":"SKIP","floor":1},{"not_picked":["theEdgeheg:TeleportsAbove","theEdgeheg:PlayRandomCard","theEdgeheg:BlackKatana"],"picked":"SKIP","floor":3},{"not_picked":["theEdgeheg:Tsk","theEdgeheg:Disrobe","theEdgeheg:BloodyNodachi"],"picked":"SKIP","floor":5},{"not_picked":["theEdgeheg:RevolverOcelot","theEdgeheg:SoulSiphon"],"picked":"theEdgeheg:FastRevolver","floor":7}],"player_experience":689894,"relics_obtained":[{"floor":7,"key":"trackpad:ByrdBGone"},{"floor":9,"key":"Bottled Flame"}],"event_choices":[{"damage_healed":0,"gold_gain":75,"player_choice":"Touch","damage_taken":1,"max_hp_gain":0,"max_hp_loss":0,"event_name":"FaceTrader","floor":2,"gold_loss":0}],"is_beta":false,"boss_relics":[],"items_purged_floors":[4],"is_endless":false,"potions_floor_spawned":[7],"killed_by":"3 Sentries","ascension_level":0}}