{"host":"m3rs92yjkwi06hli","time":1608230918,"event":{"mods":["Act Like it!","Aspiration","BaseMod","Colored Map","Conspire","Defuse TimeMaze Blight","Energized Spire","Hubris","Infinite Spire","Minty Spire (QoL Compilation)","Relic Stats","Replay The Spire","Spicy Shops","StSLib","The Gatherer"],"gold_per_floor":[117,131,131,141,155,155,155,165,214,214,214,231,231,249,249,348,348,368,368,380,393,393,393,411,411,411,411,427,443,460,492,492,588,588,604,617,617,617,617,617,617,617],"floor_reached":40,"playtime":2918,"items_purged":["Injury"],"score":402,"play_id":"1c073f75-cd3f-462d-aec4-97e7868d5105","local_time":"20201217124838","is_ascension_mode":false,"metric_token":977,"campfire_choices":[{"data":"Gatherer:AcidicSpray","floor":6,"key":"SMITH"},{"data":"Gatherer:Pollute","floor":10,"key":"SMITH"},{"data":"Gatherer:CollectorsShot","floor":13,"key":"SMITH"},{"data":"Gatherer:FlowerWhip","floor":15,"key":"SMITH"},{"data":"Gatherer:FlowerBeam+1","floor":23,"key":"SMITH"},{"data":"Gatherer:FlowerBeam+2","floor":25,"key":"SMITH"},{"data":"Gatherer:FlowerWhip+2","floor":27,"key":"SMITH"},{"data":"Gatherer:WitheringStrike","floor":32,"key":"SMITH"}],"circlet_count":0,"master_deck":["Gatherer:Strike_Gatherer","Gatherer:Strike_Gatherer","Gatherer:Strike_Gatherer","Gatherer:Strike_Gatherer","Gatherer:Strike_Gatherer","Gatherer:Defend_Gatherer","Gatherer:Defend_Gatherer","Gatherer:Defend_Gatherer","Gatherer:Defend_Gatherer","Gatherer:Defend_Gatherer","Gatherer:Centralize","Gatherer:FlowerWhip+3","Gatherer:Pollute+1","Gatherer:CollectorsShot+1","Gatherer:AcidicSpray+1","Gatherer:WitheringStrike+1","Gatherer:DrugPower+1","Gatherer:Snatch+1","Gatherer:Frenzy+1","Gatherer:Bulldoze+1","CurseOfTheBell","Gatherer:FragileHammer+1","Gatherer:FlowerBeam+3","Gatherer:FinishingStrike+1","Gatherer:ScherryThrow+1","Gatherer:TacticalStrike+1","Gatherer:Misfortune+1","Gatherer:Polymorphism+1","Gatherer:OddSpoils+1","Gatherer:MindSearch+1","Gatherer:FeelingFine","Gatherer:BalancedGrowth"],"relics":["Gatherer:AlchemyBag","Ancient Tea Set","Molten Egg 2","Bag of Marbles","Toxic Egg 2","Replay:Grab Bag","hubris:GrandSneckoEye","energizedSpire:RedRose","Calling Bell","SlaversCollar","Tiny Chest","StrikeDummy","conspire:InfiniteJournal","hubris:OldNail","Gatherer:FloralEgg","Simple Rune","Philosopher\u0027s Stone","aspiration:StickyExplosives"],"acts_visited":["Exordium","TheCity","TheBeyond"],"potions_floor_usage":[24,31,33,33],"damage_taken":[{"damage":0,"enemies":"Jaw Worm","floor":1,"turns":3},{"damage":0,"enemies":"Cultist","floor":2,"turns":3},{"damage":0,"enemies":"Small Slimes","floor":4,"turns":2},{"damage":10,"enemies":"Exordium Wildlife","floor":5,"turns":5},{"damage":7,"enemies":"3 Louse","floor":8,"turns":3},{"damage":0,"enemies":"Exordium Thugs","floor":12,"turns":3},{"damage":3,"enemies":"conspire:2 RoseBushes","floor":14,"turns":3},{"damage":22,"enemies":"The Guardian","floor":16,"turns":9},{"damage":16,"enemies":"3 Byrds","floor":18,"turns":2},{"damage":7,"enemies":"conspire:FuzzyDice","floor":20,"turns":2},{"damage":16,"enemies":"Snake Plant","floor":21,"turns":2},{"damage":3,"enemies":"Centurion and Healer","floor":24,"turns":3},{"damage":10,"enemies":"Sentry and Sphere","floor":28,"turns":1},{"damage":5,"enemies":"Shelled Parasite and Fungi","floor":29,"turns":1},{"damage":8,"enemies":"3 Cultists","floor":30,"turns":3},{"damage":15,"enemies":"Replay:Snechameleon","floor":31,"turns":3},{"damage":25,"enemies":"Automaton","floor":33,"turns":6},{"damage":12,"enemies":"Orb Walker","floor":35,"turns":2},{"damage":34,"enemies":"3 Darklings","floor":36,"turns":3},{"damage":27,"enemies":"Giant Head","floor":40,"turns":2}],"seed_played":"8970769834565118005","potions_obtained":[{"floor":4,"key":"BlessingOfTheForge"},{"floor":5,"key":"EssenceOfSteel"},{"floor":8,"key":"PowerPotion"},{"floor":18,"key":"Fire Potion"},{"floor":28,"key":"GhostInAJar"},{"floor":29,"key":"DuplicationPotion"},{"floor":33,"key":"DuplicationPotion"},{"floor":36,"key":"Elixir"}],"is_trial":false,"path_per_floor":["M","M","?","M","M","R","?","M","T","R","?","M","R","M","R","B",null,"M","AVR","M","M","?","R","M","R","T","R","M","M","M","E","R","B",null,"M","M","?","T","?","E"],"character_chosen":"THE_GATHERER","items_purchased":[],"campfire_rested":0,"item_purchase_floors":[],"current_hp_per_floor":[72,72,72,72,62,62,62,55,55,55,52,52,52,49,49,27,72,56,56,49,33,72,72,69,69,69,69,59,54,46,31,31,6,72,60,26,26,26,26,0,0,0],"gold":617,"neow_bonus":"RANDOM_COMMON_RELIC","is_daily":false,"chose_seed":false,"campfire_upgraded":8,"win_rate":0.0,"timestamp":1608230918,"path_taken":["M","M","?","M","?","R","?","M","T","R","?","?","R","M","R","BOSS","M","AVR","M","M","?","R","M","R","T","R","M","?","M","E","R","BOSS","M","M","?","?","?","E"],"items_purchased_type":[],"build_version":"2020-12-13","purchased_purges":1,"victory":false,"max_hp_per_floor":[72,72,72,72,72,72,72,72,72,72,72,72,72,72,72,72,72,72,72,72,72,72,72,72,72,72,72,72,72,72,72,72,72,72,72,72,72,72,72,72,72,72],"relic_stats":{"counters":[20,61],"Tiny Chest":1,"obtain_stats":[{"energizedSpire:RedRose":17,"aspiration:StickyExplosives":38,"Replay:Grab Bag":17,"Gatherer:FloralEgg":26,"Ancient Tea Set":0,"conspire:InfiniteJournal":17,"Calling Bell":17,"SlaversCollar":17,"Molten Egg 2":7,"Tiny Chest":17,"Simple Rune":31,"Philosopher\u0027s Stone":34,"Bag of Marbles":9,"hubris:GrandSneckoEye":17,"Toxic Egg 2":11,"StrikeDummy":17,"Gatherer:AlchemyBag":0,"hubris:OldNail":19},{"energizedSpire:RedRose":8,"aspiration:StickyExplosives":19,"Replay:Grab Bag":8,"Gatherer:FloralEgg":12,"Ancient Tea Set":0,"conspire:InfiniteJournal":8,"Calling Bell":8,"SlaversCollar":8,"Molten Egg 2":4,"Tiny Chest":8,"Simple Rune":16,"Philosopher\u0027s Stone":17,"Bag of Marbles":5,"hubris:GrandSneckoEye":8,"Toxic Egg 2":5,"StrikeDummy":8,"Gatherer:AlchemyBag":0,"hubris:OldNail":9},{"energizedSpire:RedRose":31,"aspiration:StickyExplosives":59,"Replay:Grab Bag":31,"Gatherer:FloralEgg":40,"Ancient Tea Set":0,"conspire:InfiniteJournal":31,"Calling Bell":31,"SlaversCollar":31,"Molten Egg 2":13,"Tiny Chest":31,"Simple Rune":48,"Philosopher\u0027s Stone":54,"Bag of Marbles":16,"hubris:GrandSneckoEye":31,"Toxic Egg 2":16,"StrikeDummy":31,"Gatherer:AlchemyBag":0,"hubris:OldNail":33}]},"card_choices":[{"not_picked":["Gatherer:DrugPower","Gatherer:QuickSynthesis"],"picked":"Gatherer:Pollute","floor":1},{"not_picked":["Gatherer:WoolGloves","Gatherer:GatherMaterial"],"picked":"Gatherer:CollectorsShot","floor":2},{"not_picked":["Gatherer:PotentialSlash","Gatherer:AromaProtection"],"picked":"Gatherer:AcidicSpray","floor":4},{"not_picked":["Gatherer:Polymorphism","Gatherer:SmartManeuver"],"picked":"Gatherer:WitheringStrike","floor":5},{"not_picked":["Gatherer:AcidicSpray+1","Gatherer:Pollute"],"picked":"Gatherer:DrugPower+1","floor":8},{"not_picked":["Gatherer:ScherryThrow+1","Gatherer:RottenStipe+1"],"picked":"Gatherer:Snatch+1","floor":12},{"not_picked":["Gatherer:CollectorsShot+1","Gatherer:GatherMaterial+1"],"picked":"Gatherer:Frenzy+1","floor":14},{"not_picked":["Gatherer:Examine+1","Gatherer:GrowBook+1"],"picked":"Gatherer:Bulldoze+1","floor":16},{"not_picked":["Gatherer:ScentOfRosmari+1","Gatherer:Nutrients+1"],"picked":"Gatherer:FragileHammer+1","floor":18},{"not_picked":["Gatherer:Snatch+1","Gatherer:WoolGloves+1"],"picked":"Gatherer:FlowerBeam+1","floor":20},{"not_picked":["Gatherer:DrugPower+1","Gatherer:ScrollOfWall+1"],"picked":"Gatherer:FinishingStrike+1","floor":21},{"not_picked":["Gatherer:CollectorsShot+1","Gatherer:EchoOfNature+1"],"picked":"Gatherer:ScherryThrow+1","floor":24},{"not_picked":["Gatherer:AcidicSpray+1","Gatherer:ScherryThrow+1"],"picked":"Gatherer:TacticalStrike+1","floor":28},{"not_picked":["Gatherer:CarefulStrike+1","Gatherer:Pollute+1"],"picked":"Gatherer:Misfortune+1","floor":29},{"not_picked":["Gatherer:Convert+1","Gatherer:BambuSword+1"],"picked":"Gatherer:Polymorphism+1","floor":30},{"not_picked":["Gatherer:TacticalStrike+1","Gatherer:FlowerShield+1"],"picked":"Gatherer:OddSpoils+1","floor":31},{"not_picked":["Gatherer:Examine+1","Gatherer:ScrollOfPurity+1"],"picked":"Gatherer:MindSearch+1","floor":33},{"not_picked":["Gatherer:BambuSword+1","Gatherer:TreeGrowth+1"],"picked":"Gatherer:FeelingFine","floor":35},{"not_picked":["Gatherer:Frenzy+1","Gatherer:FragileHammer+1"],"picked":"Gatherer:BalancedGrowth","floor":36}],"player_experience":723505,"relics_obtained":[{"floor":9,"key":"Bag of Marbles"},{"floor":17,"key":"Tiny Chest"},{"floor":17,"key":"StrikeDummy"},{"floor":17,"key":"conspire:InfiniteJournal"},{"floor":26,"key":"Gatherer:FloralEgg"},{"floor":31,"key":"Simple Rune"},{"floor":38,"key":"aspiration:StickyExplosives"}],"event_choices":[{"damage_healed":0,"gold_gain":0,"player_choice":"Upgraded","damage_taken":0,"max_hp_gain":0,"max_hp_loss":0,"event_name":"Upgrade Shrine","floor":3,"gold_loss":0,"cards_upgraded":["Gatherer:Strike_Gatherer"]},{"damage_healed":0,"gold_gain":0,"player_choice":"Success","damage_taken":3,"relics_obtained":["Toxic Egg 2"],"max_hp_gain":0,"max_hp_loss":0,"event_name":"Scrap Ooze","floor":11,"gold_loss":0},{"damage_healed":39,"gold_gain":0,"player_choice":"Full Heal","damage_taken":0,"max_hp_gain":0,"max_hp_loss":0,"event_name":"Wheel of Change","floor":22,"gold_loss":0},{"damage_healed":0,"gold_gain":0,"player_choice":"Ignored","damage_taken":0,"max_hp_gain":0,"max_hp_loss":0,"event_name":"NoteForYourself","floor":37,"gold_loss":0},{"damage_healed":0,"gold_gain":0,"player_choice":"Leave","damage_taken":0,"max_hp_gain":0,"max_hp_loss":0,"event_name":"conspire:Investor","floor":39,"gold_loss":0}],"is_beta":false,"boss_relics":[{"not_picked":["Replay:Bronze Core","energizedSpire:SpiderWeb"],"picked":"Replay:Grab Bag"},{"not_picked":["Gatherer:ExplorersPath","energizedSpire:HugeHouse"],"picked":"hubris:GrandSneckoEye"},{"not_picked":["ReplayTheSpireMod:DimensionalGlitch","Ectoplasm"],"picked":"energizedSpire:RedRose"},{"not_picked":["aspiration:RitualDagger","hubris:Backtick"],"picked":"Calling Bell"},{"not_picked":["aspiration:PoetsPen","aspiration:WatcherSkillbook"],"picked":"SlaversCollar"},{"not_picked":["hubris:CrackedHourglass","energizedSpire:MagnifyingGlass"],"picked":"Philosopher\u0027s Stone"}],"items_purged_floors":[19],"is_endless":false,"potions_floor_spawned":[4,5,8,16,18,20,28,29,33,36],"killed_by":"Giant Head","ascension_level":0}}