{"host":"oc5h2hqz0xgb0igf","time":1608177164,"event":{"mods":["AchievementEnabler","BaseMod","Card Forge","Colored Map","Colored Powertips","Minty Spire (QoL Compilation)","Rare Cards Sparkle","StSLib"],"gold_per_floor":[109,120,130,140,151,184,199,234,234,260,109,128,163,16,16,115,115,126,138,150,150,249,277,297,332,332,187,202,202,229,229,229,329,329,343,359,47,64,84,119,169,201,248,282,282,315,315,331,331,331,331,331,83,115,115],"floor_reached":56,"playtime":1123,"items_purged":[],"score":2103,"play_id":"96e60904-f58e-4a91-bd43-9838276f7989","local_time":"20201216195244","is_ascension_mode":true,"campfire_choices":[{"floor":15,"key":"RECALL"},{"floor":32,"key":"REST"},{"floor":45,"key":"REST"},{"floor":47,"key":"REST"},{"floor":49,"key":"REST"},{"floor":52,"key":"REST"}],"circlet_count":0,"master_deck":["Double Tap+1","Flex+1","Limit Break+1","Offering+1","Seeing Red+1","Whirlwind+1","Flex+1","Offering+1","Offering+1"],"relics":["Burning Blood","Hammer of Thor","Seething Fire","Anvil of the Gods","Frozen Egg 2","Omamori","Eternal Feather","Toxic Egg 2","Sling","Orichalcum","Chemical X","Magic Flower","White Beast Statue","Anchor","Singing Bowl","Busted Crown","TungstenRod","Blue Candle","FossilizedHelix","Turnip","Lantern","Regal Pillow","Peace Pipe","Paper Frog","Mercury Hourglass"],"acts_visited":["Exordium","TheCity","TheBeyond","TheEnding"],"potions_floor_usage":[55,55,55,55,55],"damage_taken":[{"damage":6,"enemies":"Cultist","floor":1,"turns":1},{"damage":6,"enemies":"Jaw Worm","floor":2,"turns":1},{"damage":6,"enemies":"2 Louse","floor":3,"turns":1},{"damage":0,"enemies":"Looter","floor":4,"turns":1},{"damage":6,"enemies":"Exordium Wildlife","floor":5,"turns":1},{"damage":0,"enemies":"Gremlin Nob","floor":6,"turns":1},{"damage":6,"enemies":"Exordium Thugs","floor":7,"turns":1},{"damage":6,"enemies":"Lagavulin","floor":8,"turns":1},{"damage":6,"enemies":"3 Sentries","floor":10,"turns":1},{"damage":6,"enemies":"Blue Slaver","floor":12,"turns":1},{"damage":6,"enemies":"Lagavulin","floor":13,"turns":1},{"damage":15,"enemies":"The Guardian","floor":16,"turns":2},{"damage":6,"enemies":"Chosen","floor":18,"turns":1},{"damage":6,"enemies":"3 Byrds","floor":19,"turns":1},{"damage":6,"enemies":"Shelled Parasite and Fungi","floor":20,"turns":1},{"damage":6,"enemies":"Gremlin Leader","floor":23,"turns":1},{"damage":6,"enemies":"3 Cultists","floor":24,"turns":1},{"damage":6,"enemies":"Slavers","floor":25,"turns":1},{"damage":12,"enemies":"Snake Plant","floor":28,"turns":1},{"damage":12,"enemies":"Book of Stabbing","floor":30,"turns":1},{"damage":18,"enemies":"Collector","floor":33,"turns":1},{"damage":12,"enemies":"Orb Walker","floor":35,"turns":1},{"damage":6,"enemies":"3 Darklings","floor":36,"turns":1},{"damage":10,"enemies":"Spire Growth","floor":38,"turns":1},{"damage":10,"enemies":"Writhing Mass","floor":39,"turns":1},{"damage":10,"enemies":"Giant Head","floor":40,"turns":1},{"damage":10,"enemies":"Mind Bloom Boss Battle","floor":41,"turns":1},{"damage":0,"enemies":"Reptomancer","floor":42,"turns":1},{"damage":5,"enemies":"Nemesis","floor":44,"turns":1},{"damage":5,"enemies":"Giant Head","floor":46,"turns":1},{"damage":0,"enemies":"Jaw Worm Horde","floor":48,"turns":1},{"damage":5,"enemies":"Donu and Deca","floor":50,"turns":1},{"damage":5,"enemies":"Shield and Spear","floor":54,"turns":1},{"damage":65,"enemies":"The Heart","floor":55,"turns":3}],"seed_played":"3303399145828727867","potions_obtained":[{"floor":2,"key":"FearPotion"},{"floor":5,"key":"Weak Potion"},{"floor":12,"key":"SteroidPotion"},{"floor":16,"key":"EntropicBrew"}],"is_trial":false,"path_per_floor":["M","M","M","M","M","E","M","E","T","E","$","M","E","$","R","B",null,"M","M","M","$","?","E","M","E","T","$","M","?","E","$","R","B",null,"M","M","$","M","M","E","?","E","T","E","R","E","R","M","R","B",null,"R","$","E","B",null],"character_chosen":"IRONCLAD","items_purchased":["Sling","Chemical X","Anchor","TungstenRod","Paper Frog"],"campfire_rested":5,"item_purchase_floors":[11,14,27,37,53],"current_hp_per_floor":[88,88,88,88,88,88,88,88,88,88,88,88,88,88,88,79,88,88,88,88,88,88,88,88,88,88,88,85,85,84,84,90,83,92,91,96,96,97,98,99,100,106,106,108,108,110,110,112,112,112,112,112,112,114,58],"gold":115,"neow_bonus":"TEN_PERCENT_HP_BONUS","is_daily":false,"chose_seed":false,"campfire_upgraded":0,"win_rate":0.0,"timestamp":1608177164,"path_taken":["M","M","M","M","M","E","M","E","T","E","$","M","E","$","R","BOSS","M","?","M","$","?","E","M","E","T","$","M","?","E","$","R","BOSS","M","M","$","M","M","E","?","E","T","E","R","E","R","M","R","BOSS","R","$","E","BOSS"],"items_purchased_type":["Relic","Relic","Relic","Relic","Relic"],"build_version":"2020-12-13","purchased_purges":0,"victory":true,"max_hp_per_floor":[88,88,88,88,88,88,88,88,88,88,88,88,88,88,88,88,88,88,88,88,88,88,88,88,88,88,88,88,88,90,90,90,92,92,94,96,96,98,100,102,104,106,106,108,108,110,110,112,112,112,112,112,112,114,114],"card_choices":[{"not_picked":["Clothesline","Clash","Sword Boomerang"],"picked":"SKIP","floor":1},{"not_picked":["Perfected Strike","Wild Strike","Shrug It Off"],"picked":"SKIP","floor":2},{"not_picked":["Entrench","Shrug It Off","Headbutt"],"picked":"SKIP","floor":3},{"not_picked":["Demon Form","Anger","Combust"],"picked":"SKIP","floor":4},{"not_picked":["Thunderclap","Spot Weakness","Hemokinesis"],"picked":"SKIP","floor":5},{"not_picked":["Combust+1","Iron Wave","Power Through"],"picked":"SKIP","floor":6},{"not_picked":["Body Slam","Clothesline","Flex"],"picked":"SKIP","floor":7},{"not_picked":["Fire Breathing+1","Perfected Strike","Dropkick"],"picked":"SKIP","floor":8},{"not_picked":["Clothesline","Pommel Strike","Dark Embrace+1"],"picked":"SKIP","floor":10},{"not_picked":["Burning Pact+1","Body Slam","Anger"],"picked":"SKIP","floor":12},{"not_picked":["Disarm+1","Second Wind+1","Pummel"],"picked":"SKIP","floor":13},{"not_picked":["Exhume+1","Reaper"],"picked":"Offering+1","floor":16},{"not_picked":["Armaments+1","Uppercut","Shrug It Off+1"],"picked":"SKIP","floor":18},{"not_picked":["Warcry+1","Iron Wave","Perfected Strike"],"picked":"SKIP","floor":19},{"not_picked":["Spot Weakness+1","Shrug It Off+1","Havoc+1"],"picked":"SKIP","floor":20},{"not_picked":["Twin Strike","Anger","Rampage"],"picked":"SKIP","floor":23},{"not_picked":["Iron Wave","Body Slam","Sword Boomerang"],"picked":"SKIP","floor":24},{"not_picked":["True Grit+1","Havoc+1","Ghostly Armor+1"],"picked":"SKIP","floor":25},{"not_picked":["Iron Wave","Immolate","Heavy Blade"],"picked":"SKIP","floor":28},{"not_picked":["Disarm+1","Entrench+1","Thunderclap"],"picked":"Singing Bowl","floor":30},{"not_picked":["Offering+1","Corruption+1","Bludgeon"],"picked":"Singing Bowl","floor":33},{"not_picked":["Cleave+1"],"picked":"Singing Bowl","floor":35},{"not_picked":["Searing Blow+1"],"picked":"Singing Bowl","floor":36},{"not_picked":["Thunderclap+1"],"picked":"Singing Bowl","floor":38},{"not_picked":["Spot Weakness+1"],"picked":"Singing Bowl","floor":39},{"not_picked":["Havoc+1"],"picked":"Singing Bowl","floor":40},{"not_picked":["Rampage+1"],"picked":"Singing Bowl","floor":41},{"not_picked":["Battle Trance+1"],"picked":"Singing Bowl","floor":42},{"not_picked":["Intimidate+1"],"picked":"Singing Bowl","floor":44},{"not_picked":["Rage+1"],"picked":"Singing Bowl","floor":46},{"not_picked":["Clash"],"picked":"Singing Bowl","floor":48},{"not_picked":["Pommel Strike"],"picked":"Singing Bowl","floor":54}],"player_experience":104492,"relics_obtained":[{"floor":6,"key":"Frozen Egg 2"},{"floor":8,"key":"Omamori"},{"floor":9,"key":"Eternal Feather"},{"floor":10,"key":"Toxic Egg 2"},{"floor":13,"key":"Orichalcum"},{"floor":23,"key":"Magic Flower"},{"floor":25,"key":"White Beast Statue"},{"floor":30,"key":"Singing Bowl"},{"floor":40,"key":"Blue Candle"},{"floor":41,"key":"FossilizedHelix"},{"floor":42,"key":"Turnip"},{"floor":43,"key":"Lantern"},{"floor":44,"key":"Regal Pillow"},{"floor":46,"key":"Peace Pipe"},{"floor":54,"key":"Mercury Hourglass"}],"event_choices":[{"damage_healed":0,"gold_gain":99,"player_choice":"Stole From Cult","damage_taken":0,"max_hp_gain":0,"max_hp_loss":0,"event_name":"Nest","floor":22,"gold_loss":0},{"damage_healed":0,"gold_gain":0,"player_choice":"Ignored","damage_taken":0,"max_hp_gain":0,"max_hp_loss":0,"event_name":"Vampires","floor":29,"gold_loss":0},{"damage_healed":0,"gold_gain":0,"player_choice":"Fight","damage_taken":0,"max_hp_gain":0,"max_hp_loss":0,"event_name":"MindBloom","floor":41,"gold_loss":0}],"is_beta":false,"boss_relics":[{"not_picked":["Velvet Choker","Snecko Eye","Astrolabe"]},{"not_picked":["Calling Bell","Fusion Hammer"],"picked":"Busted Crown"}],"items_purged_floors":[],"is_endless":false,"potions_floor_spawned":[2,5,12,13,16,23,25,28,30,33,35,36,38,39,40,41,42,44,46,48,54],"ascension_level":3}}