{"host":"02w9hl92h62kgkzk","time":1608193141,"event":{"mods":["2.2 Compatiblity","AchievementEnabler","Act Like it!","AlwaysNeverKeys","Aspiration","Bard","BaseMod","Beaked The Cultist","Better Altar","Better Match","Better Note","Better Sensory Stone","Better Skull","Better Third Choice","Better Vampires","BetterRewards","Block Reminder","CCEM","ChefMod","Colored Map","Colored Powertips","Conspire","Dio Mod","Downfall","Ekko","Elementarium","Emptier Cage","Energized Spire","Fireblade Mod","Friendly Minions","FruityMod","Gensokyo","GifTheSpireLib","Halation","Hallownest","Hermit","Hubris","Jorbs\u0027s Wanderer Trilogy","Magitek Elite","Marisa????????","Marked Mod","Minty Spire (QoL Compilation)","Permanent Neow","QueenMod","Quick Restart","Random Character Mod","Rare Cards Sparkle","Replay The Spire","Retaliation","Reworked Bosses","Robot Space Explorer","SIMod","Shade Mod","Shop Mod","Somnambulant","Spicy Shops","Spikes Relics","StSLib","Stuff the Spire","Synergy Search","The Administrix","The Alterego","The Animator","The Blackbeard","The Blue Laboratory","The Bug Knight","The Construct","The Cursed","The Death Knight","The Disciple","The Factory","The Fake Hero","The Forsaken","The Gatherer","The Hayseed","The Hierophant","The Judge","The Jungle","The Runesmith","The Valiant","The Vixen","The Wild Card","TheHero","TheVacant","Trackpad","Transform Curses","Unceasing Turn Reminder","Wandering Minibosses","thorton","vexMod"],"gold_per_floor":[159,159,212,18,18,18,110,110,110,201,201,201,275,369,369,529,529,610,650,650,717,717,717,832,832,832,832,933,1037,1143,824,824,1021,1021,1115,1024,1095,1197,1307,1307,1417,1417,1417,1417,1537,1537,1626,1626,1626,1626,1626,1722,1722,1722,1290,1400,1600],"floor_reached":58,"playtime":2117,"items_purged":["Hallownest:curseDreamersLament","Looming Evil","Writhe","blackbeard:FieryDefense","blackbeard:FieryDefense"],"score":1451,"play_id":"a408a4fd-85be-4bd2-bdbc-2e5df382a6c8","local_time":"20201217021901","daily_mods":["Draft"],"is_ascension_mode":false,"campfire_choices":[{"data":"blackbeard:Bandana","floor":6,"key":"SMITH"},{"data":"blackbeard:WoodenLeg","floor":8,"key":"SMITH"},{"floor":15,"key":"RECALL"},{"data":"blackbeard:PowerHungry","floor":23,"key":"SMITH"},{"data":"blackbeard:WoodenLeg","floor":32,"key":"SMITH"},{"data":"blackbeard:CaptainsHat","floor":40,"key":"SMITH"},{"data":"blackbeard:RemoveScurvy","floor":42,"key":"SMITH"},{"data":"blackbeard:GhostInTheRum","floor":44,"key":"SMITH"},{"data":"blackbeard:BlindAttacks","floor":46,"key":"SMITH"},{"data":"blackbeard:GoldenStrike","floor":51,"key":"SMITH"},{"data":"blackbeard:BlindAttacks","floor":54,"key":"SMITH"}],"circlet_count":0,"master_deck":["blackbeard:WoodenLeg+1","blackbeard:CannonballSupply","blackbeard:BlindAttacks+1","blackbeard:FieryDefense","blackbeard:Bandana+1","blackbeard:CloakAndCannonball","blackbeard:PowderKeg","blackbeard:Bandana+1","blackbeard:GhostInTheRum+1","blackbeard:Shrapnel","blackbeard:RemoveScurvy+1","blackbeard:Boarding","blackbeard:WoodenLeg+1","blackbeard:GoldenDefense","blackbeard:PowerHungry+1","blackbeard:BlindAttacks+1","blackbeard:CaptainsHat+1","blackbeard:GoldenStrike+1","Pot Of Greed","Pot Of Greed"],"relics":["blackbeard:LoadTheCannons","Ring of Chaos","Hallownest:TeacherSealRelic","MerchantsRug","vexMod:Dragonfruit","Akabeko","Hallownest:DreamNailRelic","theForsaken:Lifeblossom","StuffTheSpire:Kangaroo","ReplayTheSpireMod:CursedCoin","Replay:Bandana","Juzu Bracelet","Bag of Preparation","hubris:Icosahedron","vexMod:Spyglass","construct:WeddingRing","trackpad:PetRock","halation:KoshaPiece","InkBottle","SpikesRelics:DaevaFist","halation:StarCompass","CCEMRelics:OldTooth","BargainBundle","Grinning Jar","Huge Egg"],"acts_visited":["Hallownest:Greenpath","TheCity","TheBeyond","TheEnding"],"potions_floor_usage":[16,39],"damage_taken":[{"damage":0,"enemies":"2_ Uuma","floor":1,"turns":4},{"damage":0,"enemies":"Hallownest:monsterHuskWarrior","floor":3,"turns":3},{"damage":10,"enemies":"Hallownest:eliteMossKnight","floor":7,"turns":6},{"damage":1,"enemies":"Hallownest:eliteVengeflyKing","floor":10,"turns":4},{"damage":0,"enemies":"Hallownest:monsterHuskGuard","floor":13,"turns":1},{"damage":17,"enemies":"Hallownest:eliteMossKnight","floor":14,"turns":5},{"damage":55,"enemies":"Hallownest:BossHornet","floor":16,"turns":8},{"damage":3,"enemies":"2 Thieves","floor":18,"turns":2},{"damage":0,"enemies":"Spheric Guardian","floor":21,"turns":3},{"damage":15,"enemies":"HollowMod:Nosk","floor":24,"turns":3},{"damage":0,"enemies":"Centurion and Healer","floor":28,"turns":2},{"damage":0,"enemies":"Chosen and Byrds","floor":29,"turns":4},{"damage":16,"enemies":"Snake Plant","floor":30,"turns":4},{"damage":0,"enemies":"bossMod:newCollector","floor":33,"turns":4},{"damage":2,"enemies":"Orb Walker","floor":35,"turns":3},{"damage":13,"enemies":"3 Shapes","floor":37,"turns":2},{"damage":0,"enemies":"Maw","floor":38,"turns":4},{"damage":31,"enemies":"Transient","floor":39,"turns":5},{"damage":3,"enemies":"Nemesis","floor":41,"turns":3},{"damage":0,"enemies":"HollowMod:StalkingDevout","floor":45,"turns":3},{"damage":0,"enemies":"Jaw Worm Horde","floor":47,"turns":1},{"damage":7,"enemies":"bossMod:newAwakened","floor":52,"turns":6},{"damage":0,"enemies":"Shield and Spear","floor":56,"turns":2},{"damage":10,"enemies":"Kars","floor":57,"turns":7}],"seed_played":"-3939761331630390364","potions_obtained":[{"floor":1,"key":"blueLaboratory:ExaltedPotion"},{"floor":7,"key":"blueLaboratory:FrostheartPotion"},{"floor":14,"key":"Toxic Potion"},{"floor":18,"key":"blueLaboratory:TrueEctoplasm"},{"floor":29,"key":"Weak Potion"},{"floor":30,"key":"blueLaboratory:SavagePotion"},{"floor":33,"key":"Elixir"},{"floor":35,"key":"Strength Potion"},{"floor":38,"key":"Fire Potion"},{"floor":39,"key":"blueLaboratory:BubblePotion"},{"floor":47,"key":"Milkshake"}],"is_trial":true,"path_per_floor":["M","?","M","$","?","R","E","R","T","E","?","?","M","E","R","B",null,"M","$","?","M","?","R","E","?","T","?","M","M","M","$","R","B",null,"M","$","M","M","M","R","E","R","T","R","E","R","M","PTL","PTL","?","R","B",null,"R","$","E","B",null],"character_chosen":"BLACKBEARD_CLASS","items_purchased":["MerchantsRug","ReplayTheSpireMod:CursedCoin","Replay:Bandana","aspiration:Nostalgia","vexMod:Spyglass","trackpad:PetRock","CCEMRelics:OldTooth","BargainBundle","Ancient Potion","DeathKnight:RimePotion","DeathKnight:RimePotion","blueLaboratory:SavagePotion","Grinning Jar"],"campfire_rested":0,"item_purchase_floors":[4,19,19,31,31,36,55,55,55,55,55,55,55],"current_hp_per_floor":[75,75,75,75,75,75,70,70,70,74,74,74,74,57,57,13,80,77,77,77,80,80,80,68,68,68,68,73,80,68,68,68,77,80,80,80,72,80,54,54,64,64,64,64,72,72,80,80,80,80,80,76,80,80,80,80,78],"gold":1600,"neow_bonus":"","is_daily":false,"chose_seed":false,"campfire_upgraded":10,"win_rate":0.0,"timestamp":1608193141,"path_taken":["M","?","M","$","?","R","E","R","T","E","?","?","M","E","R","BOSS","M","$","?","M","?","R","E","?","T","?","M","M","M","$","R","BOSS","M","$","?","M","M","R","E","R","T","R","E","R","M","PTL","PTL","?","R","BOSS","R","$","E","BOSS"],"items_purchased_type":["Relic","Relic","Relic","Relic","Relic","Relic","Relic","Relic","Potion","Potion","Potion","Potion","Relic"],"build_version":"2020-12-13","purchased_purges":5,"victory":true,"max_hp_per_floor":[75,75,75,75,75,75,80,80,80,80,80,80,80,80,80,80,80,80,80,80,80,80,80,80,80,80,80,80,80,80,80,80,80,80,80,80,80,80,80,80,80,80,80,80,80,80,80,80,80,80,80,80,80,80,80,80,80],"card_choices":[{"not_picked":["blackbeard:Eyepatch","blackbeard:FieryDefense"],"picked":"blackbeard:WoodenLeg","floor":0},{"not_picked":["blackbeard:Spear","blackbeard:GoldenDefense"],"picked":"blackbeard:CannonballSupply","floor":0},{"not_picked":["blackbeard:Fencing","blackbeard:DeadlyArsenal"],"picked":"blackbeard:WiseDefense","floor":0},{"not_picked":["blackbeard:WiseDefense","blackbeard:BeatUp"],"picked":"blackbeard:BlindAttacks","floor":0},{"not_picked":["blackbeard:RearmingStrike","blackbeard:Fencing"],"picked":"blackbeard:FieryDefense","floor":0},{"not_picked":["blackbeard:Eyepatch","blackbeard:PiratesWill"],"picked":"blackbeard:Bandana","floor":0},{"not_picked":["blackbeard:Provisioning","blackbeard:Fencing"],"picked":"blackbeard:CloakAndCannonball","floor":0},{"not_picked":["blackbeard:GoldenStrike","blackbeard:Toast"],"picked":"blackbeard:FieryDefense","floor":0},{"not_picked":["blackbeard:PiratesWill","blackbeard:PirateEarring"],"picked":"blackbeard:PowderKeg","floor":0},{"not_picked":["blackbeard:BlindAttacks","blackbeard:RearmingStrike"],"picked":"blackbeard:Bandana","floor":0},{"not_picked":["blackbeard:Sword","blackbeard:DeadlyArsenal"],"picked":"blackbeard:GhostInTheRum","floor":0},{"not_picked":["blackbeard:AgileStrike","blackbeard:BeatUp"],"picked":"blackbeard:Shrapnel","floor":0},{"not_picked":["blackbeard:Eyepatch","blackbeard:SmithingHammer"],"picked":"blackbeard:RemoveScurvy","floor":0},{"not_picked":["blackbeard:Fencing","blackbeard:WiseDefense"],"picked":"blackbeard:Boarding","floor":0},{"not_picked":["blackbeard:Shrapnel","blackbeard:Anchor"],"picked":"blackbeard:FieryDefense","floor":0},{"not_picked":["blackbeard:PowderKeg","blackbeard:DoubleBottom","blackbeard:VengefulSpirit"],"picked":"SKIP","floor":1},{"not_picked":["blackbeard:Sharpening","blackbeard:BrownPants","blackbeard:DeadlyArsenal"],"picked":"SKIP","floor":3},{"not_picked":["blackbeard:Boarding","blackbeard:Recklessness","blackbeard:PiratesWill"],"picked":"SKIP","floor":7},{"not_picked":["blackbeard:CloakAndCannonball","blackbeard:Dagger"],"picked":"blackbeard:WoodenLeg","floor":10},{"not_picked":["blackbeard:BeatUp","blackbeard:TacticalRetreat","blackbeard:JollyRoger"],"picked":"SKIP","floor":13},{"not_picked":["blackbeard:Spear","blackbeard:Lifeboat"],"picked":"blackbeard:GoldenDefense","floor":14},{"not_picked":["blackbeard:Murder","blackbeard:MegaUpgrade"],"picked":"blackbeard:PowerHungry","floor":16},{"not_picked":["blackbeard:Fencing","blackbeard:Toast"],"picked":"blackbeard:BlindAttacks","floor":18},{"not_picked":["blackbeard:Spear","blackbeard:Sharpening+1","blackbeard:DoubleCannonball+1"],"picked":"SKIP","floor":21},{"not_picked":["blackbeard:Shrapnel","blackbeard:FieryDefense","blackbeard:PowderKeg"],"picked":"SKIP","floor":24},{"not_picked":["blackbeard:WeaponProficiency","blackbeard:Sword","blackbeard:GhostInTheRum"],"picked":"SKIP","floor":28},{"not_picked":["blackbeard:Fencing","blackbeard:Sword","blackbeard:RearmingStrike"],"picked":"SKIP","floor":29},{"not_picked":["blackbeard:WeaponProficiency","blackbeard:Sharpening","blackbeard:ChaoticDefense+1"],"picked":"SKIP","floor":30},{"not_picked":["blackbeard:Lifeboat","blackbeard:GoldenGuillotine"],"picked":"blackbeard:CaptainsHat","floor":33},{"not_picked":["blackbeard:Shrapnel+1","blackbeard:Rum","blackbeard:WiseDefense+1"],"picked":"SKIP","floor":35},{"not_picked":["blackbeard:ArmorUp+1","blackbeard:BrownPants+1","blackbeard:CloakAndCannonball"],"picked":"SKIP","floor":37},{"not_picked":["blackbeard:GoldenDefense","blackbeard:GhostInTheRum+1","blackbeard:ArmorUp+1"],"picked":"SKIP","floor":38},{"not_picked":["blackbeard:BeatUp","blackbeard:Upgrade","blackbeard:CannonballSupply+1"],"picked":"SKIP","floor":39},{"not_picked":["blackbeard:SwordDance+1","blackbeard:HumongousCannonball","blackbeard:RemoveScurvy"],"picked":"SKIP","floor":41},{"not_picked":["blackbeard:GoldenDefense+1","blackbeard:Rum"],"picked":"blackbeard:GoldenStrike","floor":45},{"not_picked":["blackbeard:Fencing+1","blackbeard:JollyRoger+1","blackbeard:GoldenDefense+1"],"picked":"SKIP","floor":47},{"not_picked":["blackbeard:CloakAndCannonball+1","blackbeard:DoubleBottom","blackbeard:BountyHunter"],"picked":"SKIP","floor":56}],"player_experience":1103328,"relics_obtained":[{"floor":7,"key":"vexMod:Dragonfruit"},{"floor":10,"key":"Akabeko"},{"floor":14,"key":"theForsaken:Lifeblossom"},{"floor":24,"key":"Juzu Bracelet"},{"floor":26,"key":"Bag of Preparation"},{"floor":41,"key":"halation:KoshaPiece"},{"floor":43,"key":"InkBottle"},{"floor":45,"key":"SpikesRelics:DaevaFist"},{"floor":56,"key":"Huge Egg"}],"event_choices":[{"damage_healed":0,"gold_gain":0,"player_choice":"Leave","damage_taken":0,"max_hp_gain":0,"max_hp_loss":0,"event_name":"conspire:Investor","floor":22,"gold_loss":0},{"damage_healed":0,"gold_gain":0,"player_choice":"Ignored","damage_taken":0,"max_hp_gain":0,"max_hp_loss":0,"event_name":"Ghosts","floor":25,"gold_loss":0}],"is_beta":false,"boss_relics":[{"not_picked":["Coffee Dripper","Ectoplasm"],"picked":"StuffTheSpire:Kangaroo"},{"not_picked":["Replay:Fungal Core","thethorton:BottledFunds"],"picked":"construct:WeddingRing"}],"items_purged_floors":[4,19,31,36,55],"is_endless":false,"potions_floor_spawned":[1,7,14,18,29,30,33,35,38,39,47],"ascension_level":0}}