{"host":"07ljfmttuzqopd7f","time":1608178220,"event":{"mods":["2.2 Compatiblity","BaseMod","Bestiary","Block Reminder","Colored Map","Colored Powertips","Curses Come First","Hermit","Minty Spire (QoL Compilation)","Quick Restart","Random Character Button","Rare Cards Sparkle","Relic Stats","StSLib","The Cursed","UnlockEverythingMod","everything is the same but u backflip on backflip"],"gold_per_floor":[116,116,81,99,99,131,144,144,144,157,3,3,17,43,43,138,138,154,184,184,283,298,298,328,328,401,401,7,26,53,53,53,157,157,167,218,232,232,248,248,248],"floor_reached":40,"playtime":1545,"items_purged":["Strike_B","Strike_B"],"score":608,"play_id":"c9f92c08-c37a-4e07-9767-0862bb6211da","local_time":"20201216231020","is_ascension_mode":true,"campfire_choices":[{"data":"Genetic Algorithm","floor":8,"key":"SMITH"},{"floor":15,"key":"REST"},{"floor":23,"key":"REST"},{"floor":25,"key":"REST"},{"floor":27,"key":"REST"},{"data":"Rainbow","floor":32,"key":"SMITH"}],"circlet_count":0,"master_deck":["Defend_B","Defend_B+1","Defend_B","Zap+1","Dualcast","Gash","Hologram","Glacier+1","Genetic Algorithm+1","Gash","FTL","Scrape","Capacitor","Rainbow+1","Fission","Sweeping Beam","Streamline+1","Gash","Gash+1","Seek","Barrage","Multi-Cast","Core Surge","Barrage"],"relics":["Cracked Core","White Beast Statue","HornCleat","Matryoshka","MealTicket","Runic Dome","Red Mask","MutagenicStrength","Dream Catcher","Question Card","Letter Opener","Runic Capacitor","Anchor","Art of War","Empty Cage","Shovel"],"acts_visited":["Exordium","TheCity","TheBeyond"],"potions_floor_usage":[10,14,16,19,22,24,30,33,36,40],"damage_taken":[{"damage":12,"enemies":"Small Slimes","floor":1,"turns":3},{"damage":0,"enemies":"2 Louse","floor":4,"turns":2},{"damage":29,"enemies":"Gremlin Nob","floor":6,"turns":5},{"damage":0,"enemies":"Jaw Worm","floor":7,"turns":4},{"damage":3,"enemies":"Lots of Slimes","floor":10,"turns":2},{"damage":0,"enemies":"Exordium Thugs","floor":13,"turns":4},{"damage":12,"enemies":"3 Sentries","floor":14,"turns":5},{"damage":26,"enemies":"Slime Boss","floor":16,"turns":12},{"damage":0,"enemies":"3 Byrds","floor":18,"turns":5},{"damage":55,"enemies":"Masked Bandits","floor":19,"turns":6},{"damage":0,"enemies":"Chosen","floor":22,"turns":4},{"damage":25,"enemies":"Gremlin Leader","floor":24,"turns":7},{"damage":0,"enemies":"Snake Plant","floor":29,"turns":4},{"damage":1,"enemies":"Slavers","floor":30,"turns":4},{"damage":39,"enemies":"Collector","floor":33,"turns":8},{"damage":7,"enemies":"3 Shapes","floor":35,"turns":5},{"damage":33,"enemies":"2 Orb Walkers","floor":36,"turns":6},{"damage":49,"enemies":"3 Darklings","floor":37,"turns":4},{"damage":2,"enemies":"Sphere and 2 Shapes","floor":39,"turns":5},{"damage":47,"enemies":"Giant Head","floor":40,"turns":7}],"seed_played":"-2001484965536374953","potions_obtained":[{"floor":7,"key":"Explosive Potion"},{"floor":10,"key":"Explosive Potion"},{"floor":13,"key":"Ancient Potion"},{"floor":14,"key":"PowerPotion"},{"floor":16,"key":"FairyPotion"},{"floor":18,"key":"Block Potion"},{"floor":19,"key":"BlessingOfTheForge"},{"floor":22,"key":"EssenceOfSteel"},{"floor":24,"key":"DistilledChaos"},{"floor":30,"key":"SkillPotion"},{"floor":33,"key":"Dexterity Potion"},{"floor":35,"key":"Fire Potion"},{"floor":36,"key":"FairyPotion"},{"floor":37,"key":"SneckoOil"},{"floor":39,"key":"Strength Potion"}],"is_trial":false,"path_per_floor":["M","?","?","M","?","E","M","R","T","M","$","?","M","E","R","B",null,"M","?","?","?","M","R","E","R","T","R","$","M","E","?","R","B",null,"M","?","M","?","M","E"],"character_chosen":"DEFECT","items_purchased":["Scrape","Runic Capacitor","Anchor"],"campfire_rested":4,"item_purchase_floors":[11,28,28],"current_hp_per_floor":[56,41,59,59,59,30,30,30,30,27,27,27,27,15,37,11,59,59,4,4,4,4,26,1,23,23,45,60,60,59,59,59,20,61,54,21,22,22,20,0,0],"gold":248,"neow_bonus":"THREE_CARDS","is_daily":false,"chose_seed":false,"campfire_upgraded":2,"win_rate":0.0,"timestamp":1608178220,"path_taken":["M","?","?","M","?","E","M","R","T","M","$","?","M","E","R","BOSS","M","?","?","?","M","R","E","R","T","R","$","M","E","?","R","BOSS","M","?","M","?","M","E"],"items_purchased_type":["Card","Relic","Relic"],"build_version":"2020-12-13","purchased_purges":2,"victory":false,"max_hp_per_floor":[75,75,75,75,75,75,75,75,75,75,75,75,75,75,75,75,75,75,75,75,75,75,75,75,75,75,75,75,75,75,75,75,75,75,75,75,75,75,75,75,75],"relic_stats":{"Dream Catcher":2,"Shovel":0,"counters":[20,102],"MealTicket":15,"Art of War":[4],"Letter Opener":[183],"Question Card":8,"obtain_stats":[{"Runic Capacitor":28,"Letter Opener":26,"Question Card":26,"Empty Cage":34,"White Beast Statue":6,"Runic Dome":17,"Dream Catcher":24,"Anchor":28,"HornCleat":9,"Matryoshka":12,"Shovel":36,"MutagenicStrength":20,"MealTicket":14,"Red Mask":19,"Art of War":30,"Cracked Core":0},{"Runic Capacitor":12,"Letter Opener":12,"Question Card":12,"Empty Cage":15,"White Beast Statue":3,"Runic Dome":8,"Dream Catcher":12,"Anchor":12,"HornCleat":4,"Matryoshka":5,"Shovel":17,"MutagenicStrength":10,"MealTicket":7,"Red Mask":10,"Art of War":14,"Cracked Core":0},{"Runic Capacitor":59,"Letter Opener":59,"Question Card":59,"Empty Cage":75,"White Beast Statue":10,"Runic Dome":37,"Dream Catcher":59,"Anchor":59,"HornCleat":14,"Matryoshka":16,"Shovel":86,"MutagenicStrength":48,"MealTicket":25,"Red Mask":48,"Art of War":67,"Cracked Core":0}]},"card_choices":[{"not_picked":["Stack","Go for the Eyes"],"picked":"Gash","floor":0},{"not_picked":["Rebound","Blizzard"],"picked":"Hologram","floor":1},{"not_picked":["Gash","Cold Snap"],"picked":"Glacier","floor":4},{"not_picked":["Streamline","Blizzard"],"picked":"Genetic Algorithm","floor":6},{"not_picked":["Blizzard","Genetic Algorithm"],"picked":"Gash","floor":7},{"not_picked":["Beam Cell","Glacier"],"picked":"FTL","floor":10},{"not_picked":["Rebound","Beam Cell"],"picked":"Capacitor","floor":13},{"not_picked":["Scrape","Genetic Algorithm"],"picked":"Rainbow","floor":14},{"not_picked":["Creative AI","Rainbow"],"picked":"Fission","floor":16},{"not_picked":["Auto Shields","Reprogram"],"picked":"Sweeping Beam","floor":18},{"not_picked":["Fusion","Ball Lightning"],"picked":"Streamline+1","floor":19},{"not_picked":["Leap+1","Ball Lightning"],"picked":"Gash","floor":22},{"not_picked":["Rebound","Storm"],"picked":"Gash+1","floor":24},{"not_picked":["Reprogram+1","Fusion"],"picked":"Seek","floor":25},{"not_picked":["Sweeping Beam+1","Turbo","Beam Cell+1"],"picked":"Barrage","floor":29},{"not_picked":["Streamline+1","Compile Driver","Redo"],"picked":"Multi-Cast","floor":30},{"not_picked":["Streamline+1","White Noise+1","Stack","Force Field+1"],"picked":"SKIP","floor":35},{"not_picked":["Ball Lightning+1","Redo+1","Sweeping Beam+1"],"picked":"Core Surge","floor":37},{"not_picked":["Conserve Battery","Ball Lightning+1","Compile Driver"],"picked":"Barrage","floor":39}],"player_experience":424071,"relics_obtained":[{"floor":6,"key":"White Beast Statue"},{"floor":9,"key":"HornCleat"},{"floor":14,"key":"MealTicket"},{"floor":19,"key":"Red Mask"},{"floor":24,"key":"Dream Catcher"},{"floor":26,"key":"Question Card"},{"floor":26,"key":"Letter Opener"},{"floor":30,"key":"Art of War"},{"floor":36,"key":"Shovel"}],"event_choices":[{"damage_healed":0,"gold_gain":0,"player_choice":"Entered Light","damage_taken":15,"max_hp_gain":0,"max_hp_loss":0,"event_name":"Shining Light","floor":2,"gold_loss":0,"cards_upgraded":["Zap","Defend_B"]},{"damage_healed":18,"gold_gain":0,"player_choice":"Healed","damage_taken":0,"max_hp_gain":0,"max_hp_loss":0,"event_name":"The Cleric","floor":3,"gold_loss":35},{"damage_healed":0,"gold_gain":0,"player_choice":"Grow","damage_taken":0,"max_hp_gain":0,"max_hp_loss":0,"event_name":"Living Wall","floor":5,"gold_loss":0,"cards_upgraded":["Glacier"]},{"damage_healed":0,"gold_gain":0,"player_choice":"Searched \u00271\u0027 times","damage_taken":0,"relics_obtained":["Matryoshka"],"max_hp_gain":0,"max_hp_loss":0,"event_name":"Dead Adventurer","floor":12,"gold_loss":0},{"damage_healed":0,"gold_gain":0,"player_choice":"Fought Bandits","damage_taken":0,"max_hp_gain":0,"max_hp_loss":0,"event_name":"Masked Bandits","floor":19,"gold_loss":0},{"damage_healed":0,"gold_gain":0,"player_choice":"Inject Mutagens","damage_taken":0,"relics_obtained":["MutagenicStrength"],"max_hp_gain":0,"max_hp_loss":0,"event_name":"Drug Dealer","floor":20,"gold_loss":0},{"damage_healed":0,"gold_gain":99,"player_choice":"Stole From Cult","damage_taken":0,"max_hp_gain":0,"max_hp_loss":0,"event_name":"Nest","floor":21,"gold_loss":0},{"damage_healed":0,"gold_gain":0,"player_choice":"Fight","damage_taken":0,"max_hp_gain":0,"max_hp_loss":0,"event_name":"Mysterious Sphere","floor":36,"gold_loss":0},{"cards_removed":["Strike_B"],"damage_healed":0,"gold_gain":0,"player_choice":"Removed Attack","damage_taken":0,"max_hp_gain":0,"max_hp_loss":0,"event_name":"Falling","floor":38,"gold_loss":0}],"is_beta":false,"boss_relics":[{"not_picked":["SacredBark","Cursed Key"],"picked":"Runic Dome"},{"not_picked":["Velvet Choker","Calling Bell"],"picked":"Empty Cage"}],"items_purged_floors":[11,28],"is_endless":false,"potions_floor_spawned":[7,10,13,14,16,18,19,22,24,29,30,33,35,36,37,39],"killed_by":"Giant Head","ascension_level":7}}