{"host":"fdq5pmhluajjrf8d","time":1608249399,"event":{"mods":["BaseMod","Minty Spire (QoL Compilation)"],"gold_per_floor":[119,119,119,131,406,434,446,446,446,462,462,612,218,238,238,312,312,322,322,63,79,79,79,96,110,133,133,148,163,0,0,0,0,0],"floor_reached":33,"playtime":1384,"items_purged":["Doubt","Writhe"],"score":482,"play_id":"5c0b13d1-aa8d-4029-9aed-c0e18c7633da","local_time":"20201217185639","is_ascension_mode":true,"campfire_choices":[{"floor":8,"key":"REST"},{"floor":15,"key":"REST"},{"floor":23,"key":"REST"},{"floor":27,"key":"REST"},{"floor":32,"key":"REST"}],"circlet_count":0,"master_deck":["AscendersBane","Strike_B+1","Strike_B","Strike_B","Strike_B","Defend_B","Defend_B+1","Defend_B","Defend_B","Zap","Dualcast","Gash","Streamline","Doom and Gloom","Hologram","Gash","Turbo","Apotheosis","FTL","Seek","Core Surge","Beam Cell","Rebound+1","Sweeping Beam","Skim"],"relics":["Cracked Core","Ice Cream","StrikeDummy","Oddly Smooth Stone","Fusion Hammer","MawBank","ClockworkSouvenir","Ancient Tea Set"],"acts_visited":["Exordium","TheCity"],"potions_floor_usage":[14,18,25,25,25,33,33],"damage_taken":[{"damage":0.0,"enemies":"2 Louse","floor":1.0,"turns":1.0},{"damage":0.0,"enemies":"Cultist","floor":4.0,"turns":3.0},{"damage":38.0,"enemies":"Gremlin Nob","floor":6.0,"turns":4.0},{"damage":7.0,"enemies":"Jaw Worm","floor":7.0,"turns":3.0},{"damage":3,"enemies":"Large Slime","floor":10,"turns":3},{"damage":0,"enemies":"3 Louse","floor":14,"turns":2},{"damage":33,"enemies":"Hexaghost","floor":16,"turns":7},{"damage":0,"enemies":"Spheric Guardian","floor":18,"turns":3},{"damage":31,"enemies":"Shell Parasite","floor":21,"turns":5},{"damage":33,"enemies":"Snake Plant","floor":24,"turns":4},{"damage":0,"enemies":"Shelled Parasite and Fungi","floor":25,"turns":2},{"damage":7,"enemies":"Snecko","floor":28,"turns":4},{"damage":12,"enemies":"3 Cultists","floor":29,"turns":3},{"damage":71,"enemies":"Automaton","floor":33,"turns":6}],"seed_played":"-4733587734817725320","potions_obtained":[{"floor":10,"key":"Explosive Potion"},{"floor":14,"key":"Fire Potion"},{"floor":16,"key":"PowerPotion"},{"floor":21,"key":"EntropicBrew"},{"floor":29,"key":"LiquidBronze"}],"is_trial":false,"path_per_floor":["M","?","?","M","?","E","M","R","T","M","?","?","$","M","R","B",null,"M","?","$","M","?","R","M","M","T","R","M","M","?","$","R","B"],"character_chosen":"DEFECT","items_purchased":["Turbo","Apotheosis","FTL","ClockworkSouvenir"],"campfire_rested":5,"item_purchase_floors":[13,13,13,20],"current_hp_per_floor":[64,45,64,64,64,26,19,38,38,35,35,35,35,35,54,21,53,53,53,53,22,22,41,8,8,8,27,20,8,8,8,27,0,0],"gold":0,"neow_bonus":"ONE_RARE_RELIC","is_daily":false,"chose_seed":false,"campfire_upgraded":0,"win_rate":0.0,"timestamp":1608249399,"path_taken":["M","?","?","M","?","E","M","R","T","?","?","?","$","M","R","BOSS","M","?","$","M","?","R","M","M","T","R","M","M","?","$","R","BOSS"],"items_purchased_type":["Card","Card","Card","Relic"],"build_version":"2020-12-13","purchased_purges":2,"victory":false,"max_hp_per_floor":[64,64,64,64,64,64,64,64,64,64,64,64,64,64,64,64,64,64,64,64,64,64,64,64,64,64,64,64,64,64,64,64,64,64],"card_choices":[{"not_picked":["Leap","Capacitor"],"picked":"Gash","floor":1.0},{"not_picked":["Lockon","Force Field"],"picked":"Streamline","floor":4.0},{"not_picked":["Cold Snap","Streamline"],"picked":"Doom and Gloom","floor":6.0},{"not_picked":["Turbo","Self Repair"],"picked":"Hologram","floor":7.0},{"not_picked":["Sweeping Beam","Coolheaded"],"picked":"Gash","floor":10},{"not_picked":["Rebound","Cold Snap"],"picked":"Seek","floor":14},{"not_picked":["Thunder Strike","Buffer"],"picked":"Core Surge","floor":16},{"not_picked":["Turbo+1","Leap"],"picked":"Beam Cell","floor":18},{"not_picked":["Lockon","Steam"],"picked":"Rebound+1","floor":21},{"not_picked":["Cold Snap","Aggregate"],"picked":"Sweeping Beam","floor":24},{"not_picked":["Go for the Eyes","Melter","Turbo"],"picked":"SKIP","floor":25},{"not_picked":["Rebound","White Noise+1"],"picked":"Skim","floor":28},{"not_picked":["Redo","Leap","Barrage"],"picked":"SKIP","floor":29}],"player_experience":1875999,"relics_obtained":[{"floor":6.0,"key":"StrikeDummy"},{"floor":9,"key":"Oddly Smooth Stone"},{"floor":26,"key":"Ancient Tea Set"}],"event_choices":[{"damage_healed":0.0,"max_hp_gain":0.0,"max_hp_loss":0.0,"gold_gain":0.0,"event_name":"Shining Light","player_choice":"Entered Light","floor":2.0,"gold_loss":0.0,"damage_taken":19.0,"cards_upgraded":["Defend_B","Strike_B"]},{"damage_healed":21.0,"max_hp_gain":0.0,"max_hp_loss":0.0,"gold_gain":0.0,"event_name":"Big Fish","player_choice":"Banana","floor":3.0,"gold_loss":0.0,"damage_taken":0.0},{"damage_healed":0.0,"max_hp_gain":0.0,"max_hp_loss":0.0,"gold_gain":275.0,"event_name":"Golden Shrine","player_choice":"Desecrate","floor":5.0,"gold_loss":0.0,"damage_taken":0.0,"cards_obtained":["Regret"]},{"cards_removed":["Regret"],"damage_healed":0,"gold_gain":0,"player_choice":"Forget","damage_taken":0,"max_hp_gain":0,"max_hp_loss":0,"event_name":"Living Wall","floor":11,"gold_loss":0},{"damage_healed":0,"gold_gain":150,"player_choice":"AGREE","damage_taken":0,"max_hp_gain":0,"max_hp_loss":0,"event_name":"Liars Game","floor":12,"gold_loss":0,"cards_obtained":["Doubt"]},{"damage_healed":0,"gold_gain":0,"player_choice":"Opened","damage_taken":0,"relics_obtained":["MawBank"],"max_hp_gain":0,"max_hp_loss":0,"event_name":"The Mausoleum","floor":19,"gold_loss":0,"cards_obtained":["Writhe"]},{"damage_healed":0,"gold_gain":0,"player_choice":"Ignored","damage_taken":0,"max_hp_gain":0,"max_hp_loss":0,"event_name":"Ghosts","floor":22,"gold_loss":0},{"damage_healed":0,"gold_gain":0,"player_choice":"Paid Fearfully","damage_taken":0,"max_hp_gain":0,"max_hp_loss":0,"event_name":"Masked Bandits","floor":30,"gold_loss":163}],"is_beta":false,"boss_relics":[{"not_picked":["Runic Dome","Empty Cage"],"picked":"Fusion Hammer"}],"items_purged_floors":[13,20],"is_endless":false,"potions_floor_spawned":[10,14,16,21,29],"killed_by":"Automaton","ascension_level":19}}