{"host":"zekcc3vicrep0och","time":1608220599,"event":{"mods":["AchievementEnabler","BaseMod","Colored Map","Colored Powertips","Displayed Cursed Tome","Minty Spire (QoL Compilation)","Relic Stats","StSLib"],"gold_per_floor":[18,31,42,42,60,98,98,142,142,142,0,0,0,0,0,123,123,137,137,148,148,166,201,201,228,228,258,258,258,258,258,258,356,356,376,386,404,415,415,449,449,449,449],"floor_reached":42,"playtime":1973,"items_purged":["Strike_B"],"score":787,"play_id":"4a350724-229f-4fc7-9892-93a0f216a2f5","local_time":"20201217185639","is_ascension_mode":true,"campfire_choices":[{"floor":7.0,"key":"REST"},{"floor":10.0,"key":"DIG"},{"floor":12.0,"key":"DIG"},{"data":"Loop","floor":15.0,"key":"SMITH"},{"floor":24.0,"key":"DIG"},{"floor":28.0,"key":"DIG"},{"floor":32.0,"key":"REST"},{"data":"Buffer","floor":41,"key":"SMITH"}],"circlet_count":0,"master_deck":["AscendersBane","Strike_B+1","Strike_B+1","Strike_B+1","Defend_B+1","Defend_B+1","Defend_B+1","Defend_B+1","Zap","Dualcast","Electrodynamics","Sweeping Beam","Static Discharge","Fission","Glacier","Seek","Conserve Battery","Loop+1","Buffer+1","Undo","Tempest+1","Decay","Ball Lightning","Doom and Gloom","Machine Learning","Echo Form","Skim+1","Coolheaded+1","Conserve Battery+1","Aggregate+1","Writhe","Reboot"],"relics":["Cracked Core","Bloody Idol","Cables","Shovel","Lizard Tail","White Beast Statue","Gambling Chip","Snecko Eye","Nunchaku","Oddly Smooth Stone","Bag of Marbles","Bronze Scales","Symbiotic Virus","Regal Pillow","MutagenicStrength","Black Star","StrikeDummy","Ancient Tea Set"],"acts_visited":["Exordium","TheCity","TheBeyond"],"potions_floor_usage":[42],"damage_taken":[{"damage":4.0,"enemies":"2 Louse","floor":1.0,"turns":2.0},{"damage":1.0,"enemies":"Cultist","floor":2.0,"turns":3.0},{"damage":8.0,"enemies":"Small Slimes","floor":3.0,"turns":2.0},{"damage":17.0,"enemies":"3 Louse","floor":5.0,"turns":4.0},{"damage":23.0,"enemies":"Gremlin Nob","floor":6.0,"turns":4.0},{"damage":10.0,"enemies":"3 Sentries","floor":8.0,"turns":2.0},{"damage":31.0,"enemies":"The Guardian","floor":16.0,"turns":15.0},{"damage":6.0,"enemies":"3 Byrds","floor":18.0,"turns":2.0},{"damage":8.0,"enemies":"Spheric Guardian","floor":20.0,"turns":4.0},{"damage":0.0,"enemies":"3 Cultists","floor":22.0,"turns":3.0},{"damage":21.0,"enemies":"Slavers","floor":23.0,"turns":2.0},{"damage":14.0,"enemies":"Book of Stabbing","floor":25.0,"turns":6.0},{"damage":7.0,"enemies":"Slavers","floor":27.0,"turns":3.0},{"damage":54.0,"enemies":"Collector","floor":33.0,"turns":8.0},{"damage":0.0,"enemies":"Orb Walker","floor":35.0,"turns":3.0},{"damage":0.0,"enemies":"3 Darklings","floor":36.0,"turns":2.0},{"damage":19.0,"enemies":"Maw","floor":37.0,"turns":8.0},{"damage":18.0,"enemies":"Spire Growth","floor":38.0,"turns":6.0},{"damage":9.0,"enemies":"Reptomancer","floor":40.0,"turns":6.0},{"damage":2,"enemies":"Giant Head","floor":42,"turns":9}],"seed_played":"98639874187487789","potions_obtained":[{"floor":5.0,"key":"FearPotion"},{"floor":8.0,"key":"SpeedPotion"},{"floor":16.0,"key":"ColorlessPotion"},{"floor":18.0,"key":"Explosive Potion"},{"floor":20.0,"key":"Energy Potion"},{"floor":22.0,"key":"SneckoOil"},{"floor":23.0,"key":"Weak Potion"},{"floor":25.0,"key":"DistilledChaos"},{"floor":27.0,"key":"AttackPotion"},{"floor":33.0,"key":"EssenceOfDarkness"},{"floor":35.0,"key":"BlessingOfTheForge"},{"floor":36.0,"key":"Dexterity Potion"},{"floor":37.0,"key":"Strength Potion"},{"floor":38.0,"key":"PowerPotion"},{"floor":40.0,"key":"PotionOfCapacity"}],"is_trial":false,"path_per_floor":["M","M","M","?","M","E","R","E","T","R","$","R","?","$","R","B",null,"M","?","M","?","M","E","R","E","T","E","R","?","?","?","R","B",null,"M","M","M","M","?","E","R","E"],"character_chosen":"DEFECT","items_purchased":["Loop"],"campfire_rested":2,"item_purchase_floors":[11],"current_hp_per_floor":[64,63,55,55,38,15,37,27,27,27,27,27,27,27,27,37,66,60,60,57,57,62,46,46,37,37,35,35,35,35,35,72,23,62,67,72,58,45,64,60,60,58,58],"gold":449,"neow_bonus":"THREE_RARE_CARDS","is_daily":false,"chose_seed":false,"campfire_upgraded":2,"win_rate":0.0,"timestamp":1608220599,"path_taken":["M","M","M","?","M","E","R","E","T","R","$","R","?","$","R","BOSS","M","?","M","?","?","E","R","E","T","E","R","?","?","?","R","BOSS","M","M","M","M","?","E","R","E"],"items_purchased_type":["Card"],"build_version":"2020-12-13","purchased_purges":1,"victory":false,"max_hp_per_floor":[75,75,75,75,75,75,75,75,75,75,75,75,75,75,75,75,75,75,75,75,75,75,75,75,75,75,75,75,75,75,75,75,75,75,75,75,75,75,75,75,75,75,75],"relic_stats":{"Lizard Tail":37,"Nunchaku":[6],"Regal Pillow":15,"Shovel":4,"counters":[20,94],"Bloody Idol":55,"Gambling Chip":[57],"Bronze Scales":[90],"Snecko Eye":[123,131,118,120],"Black Star":1,"obtain_stats":[{"Regal Pillow":28,"Golden Idol":4,"Oddly Smooth Stone":24,"Ancient Tea Set":40,"White Beast Statue":10,"Cables":6,"Lizard Tail":9,"Nunchaku":23,"Shovel":8,"Gambling Chip":12,"Bloody Idol":19,"Bronze Scales":26,"MutagenicStrength":29,"Snecko Eye":17,"Bag of Marbles":25,"Black Star":34,"Cracked Core":0,"Symbiotic Virus":27,"StrikeDummy":40},{"Regal Pillow":13,"Golden Idol":3,"Oddly Smooth Stone":11,"Ancient Tea Set":19,"White Beast Statue":6,"Cables":5,"Lizard Tail":6,"Nunchaku":11,"Shovel":6,"Gambling Chip":6,"Bloody Idol":8,"Bronze Scales":12,"MutagenicStrength":13,"Snecko Eye":7,"Bag of Marbles":12,"Black Star":14,"Cracked Core":0,"Symbiotic Virus":13,"StrikeDummy":19},{"Regal Pillow":52,"Golden Idol":7,"Oddly Smooth Stone":43,"Ancient Tea Set":85,"White Beast Statue":17,"Cables":15,"Lizard Tail":17,"Nunchaku":43,"Shovel":17,"Gambling Chip":17,"Bloody Idol":34,"Bronze Scales":49,"MutagenicStrength":52,"Snecko Eye":32,"Bag of Marbles":49,"Black Star":60,"Cracked Core":0,"Symbiotic Virus":52,"StrikeDummy":85}],"Cables":[66,42,19,5,0]},"card_choices":[{"not_picked":["Meteor Strike","All For One"],"picked":"Electrodynamics","floor":0.0},{"not_picked":["Gash","Coolheaded"],"picked":"Sweeping Beam","floor":1.0},{"not_picked":["Sweeping Beam","Darkness"],"picked":"Static Discharge","floor":2.0},{"not_picked":["Scrape","Gash"],"picked":"Fission","floor":3.0},{"not_picked":["Reinforced Body","Storm"],"picked":"Glacier","floor":5.0},{"not_picked":["Cold Snap","Rebound"],"picked":"Seek","floor":6.0},{"not_picked":["Rebound","Sunder"],"picked":"Conserve Battery","floor":8.0},{"not_picked":["Biased Cognition","Multi-Cast"],"picked":"Buffer","floor":16.0},{"not_picked":["Stack","Compile Driver"],"picked":"Undo","floor":18.0},{"not_picked":["Redo","Genetic Algorithm"],"picked":"Tempest+1","floor":20.0},{"not_picked":["Barrage","Fusion"],"picked":"Ball Lightning","floor":22.0},{"not_picked":["Coolheaded","Fusion"],"picked":"Doom and Gloom","floor":23.0},{"not_picked":["Hologram","Steam"],"picked":"Machine Learning","floor":25.0},{"not_picked":["Rip and Tear+1","Compile Driver","Sweeping Beam"],"picked":"SKIP","floor":27.0},{"not_picked":["Amplify","Seek"],"picked":"Echo Form","floor":33.0},{"not_picked":["Hologram","Barrage"],"picked":"Skim+1","floor":35.0},{"not_picked":["Compile Driver","Hologram+1"],"picked":"Coolheaded+1","floor":36.0},{"not_picked":["Stack","Coolheaded"],"picked":"Conserve Battery+1","floor":37.0},{"not_picked":["Coolheaded","Sunder+1"],"picked":"Aggregate+1","floor":38.0},{"not_picked":["Leap","Cold Snap+1"],"picked":"Reboot","floor":40.0}],"player_experience":431373,"relics_obtained":[{"floor":6.0,"key":"Cables"},{"floor":8.0,"key":"Shovel"},{"floor":9.0,"key":"Lizard Tail"},{"floor":10.0,"key":"White Beast Statue"},{"floor":12.0,"key":"Gambling Chip"},{"floor":23.0,"key":"Nunchaku"},{"floor":24.0,"key":"Oddly Smooth Stone"},{"floor":25.0,"key":"Bag of Marbles"},{"floor":26.0,"key":"Bronze Scales"},{"floor":27.0,"key":"Symbiotic Virus"},{"floor":28.0,"key":"Regal Pillow"},{"floor":40.0,"key":"StrikeDummy"},{"floor":40.0,"key":"Ancient Tea Set"}],"event_choices":[{"damage_healed":0.0,"max_hp_gain":0.0,"max_hp_loss":0.0,"gold_gain":0.0,"event_name":"Golden Idol","player_choice":"Take Wound","floor":4.0,"gold_loss":0.0,"damage_taken":0.0,"relics_obtained":["Golden Idol"],"cards_obtained":["Injury"]},{"cards_removed":["Injury"],"damage_healed":0.0,"max_hp_gain":0.0,"max_hp_loss":0.0,"gold_gain":0.0,"event_name":"Fountain of Cleansing","player_choice":"Removed Curses","floor":13.0,"gold_loss":0.0,"damage_taken":0.0},{"damage_healed":0.0,"max_hp_gain":0.0,"max_hp_loss":0.0,"gold_gain":0.0,"event_name":"Forgotten Altar","player_choice":"Gave Idol","floor":19.0,"relics_lost":["Golden Idol"],"gold_loss":0.0,"damage_taken":0.0,"relics_obtained":["Bloody Idol"]},{"damage_healed":0.0,"max_hp_gain":0.0,"max_hp_loss":0.0,"gold_gain":0.0,"event_name":"Wheel of Change","player_choice":"Cursed","floor":21.0,"gold_loss":0.0,"damage_taken":0.0,"cards_obtained":["Decay"]},{"damage_healed":0.0,"max_hp_gain":0.0,"max_hp_loss":0.0,"gold_gain":0.0,"event_name":"Drug Dealer","player_choice":"Inject Mutagens","floor":29.0,"gold_loss":0.0,"damage_taken":0.0,"relics_obtained":["MutagenicStrength"]},{"damage_healed":0.0,"max_hp_gain":0.0,"max_hp_loss":0.0,"gold_gain":0.0,"event_name":"Back to Basics","player_choice":"Simplicity","floor":30.0,"gold_loss":0.0,"damage_taken":0.0,"cards_upgraded":["Strike_B","Strike_B","Strike_B","Defend_B","Defend_B","Defend_B","Defend_B"]},{"damage_healed":0.0,"max_hp_gain":0.0,"max_hp_loss":0.0,"gold_gain":0.0,"event_name":"Ghosts","player_choice":"Ignored","floor":31.0,"gold_loss":0.0,"damage_taken":0.0},{"damage_healed":19.0,"max_hp_gain":0.0,"max_hp_loss":0.0,"gold_gain":0.0,"event_name":"Winding Halls","player_choice":"Writhe","floor":39.0,"gold_loss":0.0,"damage_taken":0.0,"cards_obtained":["Writhe"]}],"is_beta":false,"boss_relics":[{"not_picked":["Philosopher\u0027s Stone","Inserter"],"picked":"Snecko Eye"},{"not_picked":["Runic Pyramid","Sozu"],"picked":"Black Star"}],"items_purged_floors":[11],"is_endless":false,"potions_floor_spawned":[5,8,16,18,20,22,23,25,27,33,35,36,37,38,40],"killed_by":"Giant Head","ascension_level":12}}