{"host":"bznrw1tuv4hzt226","time":1608213254,"event":{"mods":["BaseMod","Colored Map","Friendly Minions","Highlight Path","Minty Spire (QoL Compilation)","Permanent Neow","Relic Stats","Slay-I","StSLib","SuperFastMode"],"gold_per_floor":[115,115,44,67,87,87,106,106,132,132,173,224,224,262,262,381,381,381],"floor_reached":17,"playtime":626,"items_purged":[],"score":236,"play_id":"e211977e-be37-4fac-8df8-e1ba006451d4","local_time":"20201217225414","is_ascension_mode":true,"campfire_choices":[{"data":"Whirlwind","floor":6,"key":"SMITH"},{"data":"Uppercut","floor":8,"key":"SMITH"},{"data":"Reckless Charge","floor":10,"key":"SMITH"},{"floor":15,"key":"REST"}],"circlet_count":0,"master_deck":["Strike_R","Strike_R","Strike_R","Strike_R","Strike_R","Defend_R","Defend_R","Defend_R","Defend_R","Bash","Double Tap","Reckless Charge+1","Uppercut+1","Flame Barrier","Whirlwind+1","Offering","Metallicize","Fiend Fire"],"relics":["Burning Blood","Golden Idol","Toy Ornithopter","Happy Flower","Dream Catcher","Self Forming Clay","Sozu"],"acts_visited":["Exordium","TheCity"],"potions_floor_usage":[11],"damage_taken":[{"damage":3,"enemies":"2 Louse","floor":1,"turns":3},{"damage":4,"enemies":"Jaw Worm","floor":4,"turns":3},{"damage":6,"enemies":"Small Slimes","floor":5,"turns":4},{"damage":14,"enemies":"Exordium Thugs","floor":7,"turns":5},{"damage":24,"enemies":"3 Sentries","floor":11,"turns":7},{"damage":15,"enemies":"Lagavulin","floor":14,"turns":6},{"damage":37,"enemies":"Slime Boss","floor":16,"turns":8}],"seed_played":"9045191752269603590","potions_obtained":[{"floor":1,"key":"ElixirPotion"},{"floor":4,"key":"Dexterity Potion"},{"floor":14,"key":"GamblersBrew"}],"is_trial":false,"path_per_floor":["M","?","$","M","M","R","M","R","T","R","E","T","?","E","R","B",null],"character_chosen":"IRONCLAD","items_purchased":["Uppercut"],"campfire_rested":1,"item_purchase_floors":[3],"current_hp_per_floor":[75,55,55,57,57,57,49,49,49,49,36,36,28,19,43,12,63,63],"gold":381,"neow_bonus":"ONE_RANDOM_RARE_CARD","is_daily":false,"chose_seed":false,"campfire_upgraded":3,"win_rate":0.0,"timestamp":1608213254,"path_taken":["M","?","$","M","M","R","M","R","T","R","E","?","?","E","R","BOSS"],"items_purchased_type":["Card"],"build_version":"2020-12-13","purchased_purges":0,"victory":false,"max_hp_per_floor":[80,80,80,80,80,80,80,80,80,80,80,80,80,80,80,80,80,80],"relic_stats":{"Sozu":0,"Dream Catcher":1,"Happy Flower":[4],"counters":[7,36],"Golden Idol":53,"Self Forming Clay":[6],"obtain_stats":[{"Sozu":17,"Dream Catcher":12,"Happy Flower":11,"Golden Idol":2,"Self Forming Clay":14,"Burning Blood":0,"Toy Ornithopter":9},{"Sozu":7,"Dream Catcher":5,"Happy Flower":5,"Golden Idol":1,"Self Forming Clay":6,"Burning Blood":0,"Toy Ornithopter":4},{"Sozu":36,"Dream Catcher":22,"Happy Flower":22,"Golden Idol":3,"Self Forming Clay":28,"Burning Blood":0,"Toy Ornithopter":15}],"Burning Blood":42,"Toy Ornithopter":5},"card_choices":[{"not_picked":["Sentinel","Second Wind"],"picked":"Reckless Charge","floor":1},{"not_picked":["Heavy Blade","Intimidate"],"picked":"Flame Barrier","floor":4},{"not_picked":["Flex","Combust"],"picked":"Whirlwind","floor":5},{"not_picked":["Iron Wave","Havoc","Sentinel"],"picked":"SKIP","floor":7},{"not_picked":["Clash","Body Slam","Uppercut"],"picked":"SKIP","floor":11},{"not_picked":["Second Wind","Entrench"],"picked":"Offering","floor":14},{"not_picked":["Sever Soul","Seeing Red"],"picked":"Metallicize","floor":15},{"not_picked":["Barricade","Impervious"],"picked":"Fiend Fire","floor":16}],"player_experience":545067,"relics_obtained":[{"floor":9,"key":"Toy Ornithopter"},{"floor":11,"key":"Happy Flower"},{"floor":12,"key":"Dream Catcher"},{"floor":14,"key":"Self Forming Clay"}],"event_choices":[{"damage_healed":0,"gold_gain":0,"player_choice":"Take Damage","damage_taken":20,"relics_obtained":["Golden Idol"],"max_hp_gain":0,"max_hp_loss":0,"event_name":"Golden Idol","floor":2,"gold_loss":0},{"damage_healed":0,"gold_gain":0,"player_choice":"Damaged","damage_taken":8,"max_hp_gain":0,"max_hp_loss":0,"event_name":"Wheel of Change","floor":13,"gold_loss":0}],"is_beta":false,"boss_relics":[{"not_picked":["Runic Dome","Velvet Choker"],"picked":"Sozu"}],"items_purged_floors":[],"is_endless":false,"potions_floor_spawned":[1,4,14],"ascension_level":9}}