{"host":"6n0q4j9kl9hs27he","time":1608219640,"event":{"mods":["BaseMod","Downfall","Minty Spire (QoL Compilation)","StSLib"],"gold_per_floor":[99,99,99,99,99,99,122,133,160,85,101,112,22,22,41,146,196,196,210,210,221,234,234,261,273,273,299,299,299],"floor_reached":28,"playtime":1490,"items_purged":["Guardian:Defend_Guardian"],"score":286,"play_id":"866540f5-2ec0-4081-93fd-ae3cf7ebce71","local_time":"20201217074040","is_ascension_mode":false,"campfire_choices":[{"data":"Guardian:TwinSlam","floor":1,"key":"SMITH"},{"data":"Guardian:Repulse","floor":4,"key":"SMITH"},{"data":"Guardian:ChargeUp","floor":10,"key":"SMITH"},{"data":"Guardian:PrismaticBeam","floor":18,"key":"SMITH"},{"data":"Guardian:HyperBeam_Guardian","floor":23,"key":"SMITH"},{"data":"Guardian:Defend_Guardian","floor":26,"key":"SMITH"}],"circlet_count":0,"master_deck":["Guardian:Strike_Guardian","Guardian:Strike_Guardian","Guardian:Strike_Guardian","Guardian:Strike_Guardian","Guardian:Defend_Guardian+1","Guardian:Defend_Guardian","Guardian:Defend_Guardian+1","Guardian:CurlUp","Guardian:TwinSlam+1","Guardian:Repulse+1","Guardian:SentryBeam","Guardian:PrismaticBeam+1","Guardian:ChargeUp+1","Guardian:SphericShield","Guardian:ShieldCharger","Guardian:ExploitGems+1","Guardian:WalkerClaw","Guardian:HyperBeam_Guardian+1","Guardian:SpikerProtocol"],"relics":["Guardian:ModeShifter","downfall:HeartsMalice","PreservedInsect","downfall:HeartBlessingBlue","Toxic Egg 2","Tiny House","downfall:KnowingSkull","Oddly Smooth Stone","Potion Belt"],"acts_visited":["Exordium","TheCity"],"potions_floor_usage":[16,16,16,21,27,27,28,28],"damage_taken":[{"damage":0,"enemies":"Small Slimes","floor":2,"turns":1},{"damage":0,"enemies":"Cultist","floor":5,"turns":1},{"damage":0,"enemies":"Jaw Worm","floor":6,"turns":1},{"damage":12,"enemies":"3 Louse","floor":8,"turns":3},{"damage":21,"enemies":"Lagavulin","floor":9,"turns":7},{"damage":6,"enemies":"Large Slime","floor":11,"turns":4},{"damage":11,"enemies":"3 Louse","floor":12,"turns":3},{"damage":2,"enemies":"downfall:FleeingMerchant","floor":13,"turns":4},{"damage":11,"enemies":"Exordium Thugs","floor":15,"turns":4},{"damage":15,"enemies":"downfall:Silent","floor":16,"turns":7},{"damage":10,"enemies":"Spheric Guardian","floor":19,"turns":5},{"damage":26,"enemies":"Snake Plant","floor":21,"turns":2},{"damage":1,"enemies":"Snecko","floor":22,"turns":5},{"damage":23,"enemies":"Centurion and Healer","floor":25,"turns":5},{"damage":5,"enemies":"Gremlin Leader","floor":27,"turns":3},{"damage":26,"enemies":"Snake Plant","floor":28,"turns":2}],"seed_played":"-9134614921558710113","potions_obtained":[{"floor":8,"key":"BlessingOfTheForge"},{"floor":9,"key":"AttackPotion"},{"floor":11,"key":"Slimebound:ThreeZeroPotion"},{"floor":17,"key":"champ:CounterPotion"},{"floor":19,"key":"Fire Potion"},{"floor":22,"key":"GamblersBrew"},{"floor":25,"key":"Weak Potion"}],"is_trial":false,"path_per_floor":["R","M","?","R","M","M","T","M","E","R","M","M","$","T","M","B",null,"R","M","?","M","M","R","T","M","R","E","M"],"character_chosen":"GUARDIAN","items_purchased":[],"campfire_rested":0,"item_purchase_floors":[],"current_hp_per_floor":[80,80,80,80,80,80,80,68,47,57,51,40,38,38,27,12,95,95,85,77,51,50,50,50,27,27,22,0,0],"gold":299,"neow_bonus":"THREE_ENEMY_KILL","is_daily":false,"chose_seed":false,"campfire_upgraded":6,"win_rate":0.0,"timestamp":1608219640,"path_taken":["R","M","?","R","M","M","T","M","E","R","?","M","$","?","M","BOSS","R","M","?","M","M","R","T","M","R","E","?"],"items_purchased_type":[],"build_version":"2020-12-13","purchased_purges":1,"victory":false,"max_hp_per_floor":[80,80,80,80,80,80,80,80,80,90,90,90,90,90,90,90,95,95,95,95,95,95,95,95,95,95,95,95,95],"card_choices":[{"not_picked":["Guardian:PrimingBeam","Guardian:RollAttack"],"picked":"Guardian:Repulse","floor":2},{"not_picked":["Guardian:Gem_Crimson","Guardian:ShieldSpikes"],"picked":"Guardian:SentryBeam","floor":5},{"not_picked":["Guardian:Harden","Guardian:Gem_Cyan"],"picked":"Guardian:PrismaticBeam","floor":6},{"not_picked":["Guardian:Recover","Guardian:Incinerate"],"picked":"Guardian:Gem_Lightblue","floor":8},{"not_picked":["Guardian:Gem_Green","Guardian:ChargeCore"],"picked":"Guardian:ChargeUp","floor":9},{"not_picked":["Guardian:PrismaticBarrier","Guardian:FloatingOrbs"],"picked":"Guardian:SphericShield","floor":11},{"not_picked":["Guardian:Gem_Lightblue","Guardian:BronzeOrb"],"picked":"Guardian:Gem_Cyan","floor":12},{"not_picked":["Guardian:Suspension","Guardian:CrystalBeam"],"picked":"Guardian:ShieldCharger","floor":13},{"not_picked":["Guardian:RollAttack","Guardian:PolyBeam"],"picked":"Guardian:Gem_Synthetic","floor":15},{"not_picked":["Guardian:AncientConstruct","Guardian:ConstructionForm"],"picked":"Guardian:ExploitGems+1","floor":16},{"not_picked":["Guardian:VentSteam+1","Guardian:Reroute"],"picked":"Guardian:WalkerClaw","floor":17},{"not_picked":["Guardian:WalkerClaw","Guardian:PolyBeam","Guardian:PrimingBeam"],"picked":"SKIP","floor":19},{"not_picked":["Guardian:ChargeCore","Guardian:Gem_Cyan","Guardian:BronzeArmor+1"],"picked":"SKIP","floor":21},{"not_picked":["Guardian:Suspension+1","Guardian:ChargeCore"],"picked":"Guardian:HyperBeam_Guardian","floor":22},{"not_picked":["Guardian:Gem_Green","Guardian:CrystalBeam+1","Guardian:RollAttack+1"],"picked":"SKIP","floor":25},{"not_picked":["Guardian:Incinerate+1","Guardian:TemporalShield+1","Guardian:SpikerProtocol"],"picked":"SKIP","floor":27},{"not_picked":["Guardian:Incinerate+1","Guardian:TemporalShield+1"],"picked":"Guardian:SpikerProtocol","floor":27}],"player_experience":335033,"relics_obtained":[{"floor":9,"key":"PreservedInsect"},{"floor":14,"key":"Toxic Egg 2"},{"floor":24,"key":"Oddly Smooth Stone"},{"floor":27,"key":"Potion Belt"}],"event_choices":[],"is_beta":false,"boss_relics":[{"not_picked":["SlaversCollar","Black Star"],"picked":"Tiny House"}],"items_purged_floors":[13],"is_endless":false,"potions_floor_spawned":[8,9,11,12,19,22,25],"killed_by":"Snake Plant","ascension_level":0}}