{"host":"usewcu4ohw2wtmxk","time":1608190002,"event":{"mods":["AchievementEnabler","BaseMod","BetterRewards","Colored Powertips","Minty Spire (QoL Compilation)","Permanent Neow","Quick Restart","Relic Sorter","Relic Stats","Shop Mod","StSLib"],"gold_per_floor":[109,129,143,143,157,157,157,175,202,202,231,231,231,248,248,321,321,332,332,343,111,111,137,137,169,192,207,218,218,218,231,231,231,231],"floor_reached":33,"playtime":723,"items_purged":["Strike_G"],"score":574,"play_id":"e1fa56bf-1eed-44da-b32f-27461236820a","local_time":"20201217152642","is_ascension_mode":true,"campfire_choices":[{"data":"Accuracy","floor":6.0,"key":"SMITH"},{"floor":10.0,"key":"REST"},{"data":"Neutralize","floor":13.0,"key":"SMITH"},{"data":"Blade Dance","floor":15.0,"key":"SMITH"},{"data":"Adrenaline","floor":24.0,"key":"SMITH"},{"data":"Night Terror","floor":29.0,"key":"SMITH"},{"data":"Ghostly","floor":32.0,"key":"SMITH"}],"circlet_count":0,"master_deck":["AscendersBane","Strike_G","Strike_G","Strike_G","Strike_G","Defend_G","Defend_G","Defend_G","Defend_G","Defend_G","Survivor","Neutralize+1","Accuracy+1","Prepared","Blade Dance+1","Backstab","Masterful Stab","Dash","Blade Dance+1","Infinite Blades","Adrenaline+1","Ghostly","Ghostly","Ghostly+1","Backflip","J.A.X.","Terror","Night Terror+1"],"relics":["Ring of the Snake","Prayer Wheel","Vajra","Snake Skull","Runic Dome","Medical Kit","Strawberry","Oddly Smooth Stone","MealTicket"],"acts_visited":["Exordium","TheCity"],"potions_floor_usage":[],"damage_taken":[{"damage":1.0,"enemies":"Cultist","floor":1.0,"turns":4.0},{"damage":12.0,"enemies":"2 Louse","floor":2.0,"turns":4.0},{"damage":7.0,"enemies":"Jaw Worm","floor":3.0,"turns":4.0},{"damage":2.0,"enemies":"2 Fungi Beasts","floor":5.0,"turns":3.0},{"damage":7.0,"enemies":"Exordium Thugs","floor":8.0,"turns":5.0},{"damage":5.0,"enemies":"Gremlin Nob","floor":11.0,"turns":3.0},{"damage":0.0,"enemies":"3 Louse","floor":14.0,"turns":2.0},{"damage":25.0,"enemies":"The Guardian","floor":16.0,"turns":9.0},{"damage":1.0,"enemies":"Spheric Guardian","floor":18.0,"turns":3.0},{"damage":2.0,"enemies":"3 Byrds","floor":20.0,"turns":6.0},{"damage":7.0,"enemies":"Slavers","floor":23.0,"turns":6.0},{"damage":10.0,"enemies":"Book of Stabbing","floor":25.0,"turns":5.0},{"damage":3.0,"enemies":"Snake Plant","floor":27.0,"turns":4.0},{"damage":1.0,"enemies":"Snecko","floor":28.0,"turns":3.0},{"damage":3.0,"enemies":"Centurion and Healer","floor":31.0,"turns":5.0},{"damage":0,"enemies":"Champ","floor":33,"turns":1}],"seed_played":"-637488379572899130","potions_obtained":[{"floor":1.0,"key":"ColorlessPotion"},{"floor":3.0,"key":"Swift Potion"},{"floor":11.0,"key":"BlessingOfTheForge"},{"floor":14.0,"key":"Poison Potion"},{"floor":16.0,"key":"PowerPotion"},{"floor":28.0,"key":"SteroidPotion"},{"floor":31.0,"key":"FairyPotion"}],"is_trial":false,"path_per_floor":["M","M","M","?","M","R","?","M","T","R","E","?","R","M","R","B",null,"M","?","M","$","?","E","R","E","T","M","M","R","?","M","R","B"],"character_chosen":"THE_SILENT","items_purchased":["Medical Kit"],"campfire_rested":1,"item_purchase_floors":[21],"current_hp_per_floor":[43,31,24,24,22,22,22,15,15,34,29,34,34,34,34,9,56,55,35,33,33,33,33,33,23,23,20,19,19,19,16,16,16,16],"gold":231,"neow_bonus":"ONE_RARE_RELIC","is_daily":false,"chose_seed":false,"campfire_upgraded":6,"win_rate":0.0,"timestamp":1608190002,"path_taken":["M","M","?","?","?","R","?","M","T","R","E","?","R","M","R","BOSS","M","?","M","$","?","E","R","E","T","M","M","R","?","M","R","BOSS"],"items_purchased_type":["Relic"],"build_version":"2020-12-13","purchased_purges":1,"victory":false,"max_hp_per_floor":[66,66,66,66,66,66,66,66,66,66,66,71,71,71,71,71,71,71,35,35,35,35,42,42,42,42,42,42,42,42,42,42,42,42],"relic_stats":{"counters":[16,66],"Prayer Wheel":12,"MealTicket":0,"Snake Skull":[1],"Medical Kit":[3],"obtain_stats":[{"Runic Dome":17,"Strawberry":23,"Vajra":9,"Oddly Smooth Stone":25,"Prayer Wheel":0,"MealTicket":26,"Snake Skull":11,"Medical Kit":21,"Ring of the Snake":0},{"Runic Dome":8,"Strawberry":11,"Vajra":5,"Oddly Smooth Stone":12,"Prayer Wheel":0,"MealTicket":12,"Snake Skull":6,"Medical Kit":10,"Ring of the Snake":0},{"Runic Dome":34,"Strawberry":49,"Vajra":20,"Oddly Smooth Stone":54,"Prayer Wheel":0,"MealTicket":54,"Snake Skull":23,"Medical Kit":43,"Ring of the Snake":0}],"Ring of the Snake":[30]},"card_choices":[{"not_picked":["Riddle With Holes","Poisoned Stab"],"picked":"Accuracy","floor":1.0},{"not_picked":["Leg Sweep","Skewer"],"picked":"Prepared","floor":1.0},{"not_picked":["Finisher","Calculated Gamble"],"picked":"Blade Dance","floor":2.0},{"not_picked":["Doppelganger","Dagger Spray"],"picked":"Backstab","floor":2.0},{"not_picked":["Deflect","Deadly Poison","Heel Hook"],"picked":"SKIP","floor":3.0},{"not_picked":["Acrobatics","Bane","Envenom"],"picked":"SKIP","floor":3.0},{"not_picked":["Flying Knee","Cloak And Dagger","Prepared"],"picked":"SKIP","floor":5.0},{"not_picked":["Underhanded Strike","Well Laid Plans","Distraction"],"picked":"SKIP","floor":5.0},{"not_picked":["Flying Knee","Slice"],"picked":"Masterful Stab","floor":8.0},{"not_picked":["Bane","Deflect","Dodge and Roll"],"picked":"SKIP","floor":8.0},{"not_picked":["Dash","Leg Sweep","Cloak And Dagger"],"picked":"SKIP","floor":11.0},{"not_picked":["Leg Sweep","Cloak And Dagger"],"picked":"Dash","floor":11.0},{"not_picked":["Expertise","Dash"],"picked":"Blade Dance","floor":14.0},{"not_picked":["Expertise","Leg Sweep"],"picked":"Infinite Blades","floor":14.0},{"not_picked":["Venomology","Wraith Form v2"],"picked":"Adrenaline","floor":16.0},{"not_picked":["Eviscerate+1","Deadly Poison","Underhanded Strike"],"picked":"SKIP","floor":18.0},{"not_picked":["Finisher","Quick Slash","Deadly Poison"],"picked":"SKIP","floor":18.0},{"not_picked":["Underhanded Strike","Predator+1"],"picked":"Backflip","floor":20.0},{"not_picked":["Catalyst","Skewer+1","Dagger Throw"],"picked":"SKIP","floor":20.0},{"not_picked":["Poisoned Stab","Flying Knee"],"picked":"Terror","floor":23.0},{"not_picked":["Accuracy","Deadly Poison"],"picked":"Night Terror","floor":25.0},{"not_picked":["Backflip","Dagger Throw","Heel Hook"],"picked":"SKIP","floor":27.0},{"not_picked":["Deflect","Escape Plan","Deadly Poison"],"picked":"SKIP","floor":27.0},{"not_picked":["Slice","Poisoned Stab","Dagger Throw"],"picked":"SKIP","floor":28.0},{"not_picked":["Flying Knee","Setup","Backflip"],"picked":"SKIP","floor":28.0},{"not_picked":["Dagger Throw","Predator","Envenom"],"picked":"SKIP","floor":31.0},{"not_picked":["Setup","PiercingWail","Bouncing Flask"],"picked":"SKIP","floor":31.0}],"player_experience":276101,"relics_obtained":[{"floor":9.0,"key":"Vajra"},{"floor":11.0,"key":"Snake Skull"},{"floor":23.0,"key":"Strawberry"},{"floor":25.0,"key":"Oddly Smooth Stone"},{"floor":26.0,"key":"MealTicket"}],"event_choices":[{"damage_healed":0.0,"max_hp_gain":0.0,"max_hp_loss":0.0,"gold_gain":0.0,"event_name":"Upgrade Shrine","player_choice":"Upgraded","floor":4.0,"gold_loss":0.0,"damage_taken":0.0,"cards_upgraded":["Blade Dance"]},{"damage_healed":0.0,"max_hp_gain":0.0,"max_hp_loss":0.0,"gold_gain":0.0,"event_name":"Liars Game","player_choice":"Ignored","floor":7.0,"gold_loss":0.0,"damage_taken":0.0},{"damage_healed":0.0,"max_hp_gain":5.0,"max_hp_loss":0.0,"gold_gain":0.0,"event_name":"Big Fish","player_choice":"Donut","floor":12.0,"gold_loss":0.0,"damage_taken":0.0},{"damage_healed":0.0,"max_hp_gain":0.0,"max_hp_loss":36.0,"gold_gain":0.0,"event_name":"Ghosts","player_choice":"Became a Ghost","floor":19.0,"gold_loss":0.0,"damage_taken":0.0,"cards_obtained":["Ghostly","Ghostly","Ghostly"]},{"damage_healed":0.0,"max_hp_gain":0.0,"max_hp_loss":0.0,"gold_gain":0.0,"event_name":"Drug Dealer","player_choice":"Obtain J.A.X.","floor":22.0,"gold_loss":0.0,"damage_taken":0.0,"cards_obtained":["J.A.X."]},{"damage_healed":0.0,"max_hp_gain":0.0,"max_hp_loss":0.0,"gold_gain":0.0,"event_name":"Lab","player_choice":"Got Potions","floor":30.0,"gold_loss":0.0,"damage_taken":0.0}],"is_beta":false,"boss_relics":[{"not_picked":["Ectoplasm","SacredBark"],"picked":"Runic Dome"}],"items_purged_floors":[21],"is_endless":false,"potions_floor_spawned":[1,3,11,14,16,23,25,28,31],"killed_by":"Champ","ascension_level":20}}