{"host":"kyy1kus4tsuq869y","time":1608214303,"event":{"mods":["BaseMod","Downfall","GifTheSpireLib","HololiveMod","Hubris","Jorbs\u0027s Wanderer Trilogy","Marisa£®ÏF”Í°°ƒß¿Ì…≥£©","Minty Spire (QoL Compilation)","Quick Restart","READ ME - Guardian Mod","READ ME - Snecko Mod","Reimu£®≤©¿ˆ¡È√Œ£©","Remilia£®¿Ÿ√◊¿Ú—«£©","Replay The Spire","StSLib","Td1madao Mod","The Administrix","The Animator","The Bug Knight","The Construct","The Cursed","The Hierophant","The Runesmith","The Senshi","The Servant 0.9.4","Youmu£®ªÍ∆«—˝√Œ£©"],"gold_per_floor":[113,136,146,146,159,159,172,172,249,249,249,281,206,281,281,281,281],"floor_reached":16,"playtime":351,"items_purged":["hubris:Sloth"],"score":196,"play_id":"fda742a3-bffd-403e-8603-270b9e758706","local_time":"20201217221143","is_ascension_mode":true,"campfire_choices":[{"data":"Reckless Charge","floor":6,"key":"SMITH"},{"data":"Ghostly Armor","floor":11,"key":"SMITH"},{"floor":15,"key":"REST"}],"circlet_count":0,"master_deck":["AscendersBane","Strike_R+1","Strike_R","Strike_R+1","Strike_R","Strike_R","Defend_R","Defend_R","Defend_R","Defend_R","Ghostly Armor+1","Reckless Charge+1","Headbutt"],"relics":["Burning Blood","NeowsBlessing","Pen Nib","ReplayTheSpireMod:Ring of Exchange","Ring of Fury","Frozen Egg 2","Question Card","Whetstone"],"acts_visited":["Exordium"],"potions_floor_usage":[12],"damage_taken":[{"damage":0,"enemies":"Cultist","floor":1,"turns":1},{"damage":0,"enemies":"2 Louse","floor":3,"turns":1},{"damage":0,"enemies":"Small Slimes","floor":5,"turns":2},{"damage":16,"enemies":"Blue Slaver","floor":7,"turns":4},{"damage":50,"enemies":"3 Sentries","floor":12,"turns":14},{"damage":0,"enemies":"Fading Forest","floor":16,"turns":1}],"seed_played":"7712964718787594637","potions_obtained":[{"floor":3,"key":"Block Potion"}],"is_trial":false,"path_per_floor":["M","T","M","?","M","R","M","?","T","T","R","E","$","?","R","B"],"character_chosen":"IRONCLAD","items_purchased":[],"campfire_rested":1,"item_purchase_floors":[],"current_hp_per_floor":[74,74,75,75,75,75,65,65,65,65,65,21,21,10,32,32,32],"gold":281,"neow_bonus":"THREE_ENEMY_KILL","is_daily":false,"chose_seed":false,"campfire_upgraded":2,"win_rate":0.0,"timestamp":1608214303,"path_taken":["M","?","?","?","M","R","?","?","T","?","R","E","$","?","R","BOSS"],"items_purchased_type":[],"build_version":"2020-12-13","purchased_purges":1,"victory":false,"max_hp_per_floor":[75,75,75,75,75,75,75,75,75,75,75,75,75,75,75,75,75],"card_choices":[{"not_picked":["Heavy Blade","Hemokinesis","ReplayTheSpireMod:Muscle Training"],"picked":"SKIP","floor":1},{"not_picked":["hubris:SharpeningStone","Perfected Strike"],"picked":"Ghostly Armor","floor":3},{"not_picked":["hubris:CleavingFinish","Perfected Strike"],"picked":"Reckless Charge","floor":5},{"not_picked":["ReplayTheSpireMod:Strike From Hell","Perfected Strike","Twin Strike"],"picked":"SKIP","floor":7},{"not_picked":["Anger","True Grit","Thunderclap"],"picked":"Headbutt","floor":12}],"player_experience":467599,"relics_obtained":[{"floor":2,"key":"Pen Nib"},{"floor":8,"key":"ReplayTheSpireMod:Ring of Exchange"},{"floor":8,"key":"Ring of Fury"},{"floor":9,"key":"Frozen Egg 2"},{"floor":10,"key":"Question Card"},{"floor":12,"key":"Whetstone"}],"event_choices":[{"cards_removed":["Bash"],"damage_healed":0,"gold_gain":0,"player_choice":"Purged","damage_taken":0,"max_hp_gain":0,"max_hp_loss":0,"event_name":"Purifier","floor":4,"gold_loss":0},{"damage_healed":0,"gold_gain":75,"player_choice":"Gather Gold","damage_taken":11,"max_hp_gain":0,"max_hp_loss":0,"event_name":"World of Goop","floor":14,"gold_loss":0}],"is_beta":false,"boss_relics":[],"items_purged_floors":[13],"is_endless":false,"potions_floor_spawned":[3],"killed_by":"Fading Forest","ascension_level":20}}