{"host":"h5golg54dem4i27y","time":1608163209,"event":{"mods":["BaseMod","Colored Map","Colored Powertips","Minty Spire (QoL Compilation)","Replay The Spire","StSLib","SuperFastMode"],"gold_per_floor":[117,117,16,16,16,16,32,32,80,104,143,155,21,51,51,51,51],"floor_reached":16,"playtime":454,"items_purged":["Strike_G"],"score":159,"play_id":"d3832e93-fb32-4fb7-be2a-8b3e340f92b5","local_time":"20201217090009","is_ascension_mode":true,"campfire_choices":[{"data":"ReplayTheSpireMod:Speed Training","floor":6.0,"key":"SMITH"},{"data":"Neutralize","floor":8,"key":"SMITH"},{"floor":15,"key":"REST"}],"circlet_count":0,"master_deck":["AscendersBane","Strike_G","Strike_G","Strike_G","Defend_G","Defend_G","Defend_G","Defend_G","Defend_G+1","Survivor","Neutralize+1","ReplayTheSpireMod:Speed Training+1","Crippling Poison+1","Underhanded Strike+1","Blade Dance+1","Blade Dance+1","Pot Of Greed+1","Pot Of Greed+1","Draining Mist+1","Caltrops","Atom Bomb"],"relics":["Ring of the Snake","Toxic Egg 2","MawBank","Grinning Jar","ReplayTheSpireMod:Ninjato","Juzu Bracelet"],"acts_visited":["Exordium"],"potions_floor_usage":[11,14,14],"damage_taken":[{"damage":0.0,"enemies":"Cultist","floor":1.0,"turns":4.0},{"damage":0,"enemies":"Small Slimes","floor":7,"turns":3},{"damage":0,"enemies":"2 Louse","floor":10,"turns":2},{"damage":10,"enemies":"Lagavulin","floor":11,"turns":7},{"damage":9,"enemies":"Gremlin Nob","floor":14,"turns":3},{"damage":72,"enemies":"Fading Forest","floor":16,"turns":10}],"seed_played":"1891528639762487653","potions_obtained":[{"floor":7,"key":"Ancient Potion"},{"floor":10,"key":"Dexterity Potion"},{"floor":11,"key":"FearPotion"}],"is_trial":false,"path_per_floor":["M","?","$","?","?","R","M","R","T","M","E","?","$","E","R","B"],"character_chosen":"THE_SILENT","items_purchased":["Crippling Poison+1","Underhanded Strike","Caltrops"],"campfire_rested":1,"item_purchase_floors":[3,3,13],"current_hp_per_floor":[63,63,63,49,42,42,42,42,42,42,32,32,32,23,44,0,0],"gold":51,"neow_bonus":"THREE_CARDS","is_daily":false,"chose_seed":false,"campfire_upgraded":2,"win_rate":0.0,"timestamp":1608163209,"path_taken":["M","?","?","?","?","R","M","R","T","?","E","?","?","E","R","BOSS"],"items_purchased_type":["Card","Card","Card"],"build_version":"2020-12-13","purchased_purges":1,"victory":false,"max_hp_per_floor":[70,70,70,70,70,70,70,70,70,70,70,70,70,70,70,70,70],"card_choices":[{"not_picked":["Backflip","Poisoned Stab"],"picked":"ReplayTheSpireMod:Speed Training","floor":0.0},{"not_picked":["Outmaneuver","Draining Mist"],"picked":"Flying Knee","floor":1.0},{"not_picked":["Accuracy","Dodge and Roll+1"],"picked":"Blade Dance+1","floor":7},{"not_picked":["Concentrate+1","Quick Slash"],"picked":"Blade Dance+1","floor":10},{"not_picked":["Quick Slash","Finisher"],"picked":"Draining Mist+1","floor":11},{"not_picked":["Predator","PiercingWail+1"],"picked":"Atom Bomb","floor":14}],"player_experience":613588,"relics_obtained":[{"floor":9,"key":"MawBank"},{"floor":11,"key":"Grinning Jar"},{"floor":12,"key":"ReplayTheSpireMod:Ninjato"},{"floor":14,"key":"Juzu Bracelet"}],"event_choices":[{"cards_removed":["Flying Knee"],"damage_healed":0.0,"max_hp_gain":0.0,"max_hp_loss":0.0,"gold_gain":0.0,"event_name":"WeMeetAgain","player_choice":"Gave Card","floor":2.0,"gold_loss":0.0,"damage_taken":0.0,"relics_obtained":["Toxic Egg 2"]},{"damage_healed":0.0,"max_hp_gain":0.0,"max_hp_loss":0.0,"gold_gain":0.0,"event_name":"Shining Light","player_choice":"Entered Light","floor":4.0,"gold_loss":0.0,"damage_taken":14.0,"cards_upgraded":["Defend_G","Underhanded Strike"]},{"cards_removed":["Strike_G"],"damage_healed":0.0,"max_hp_gain":0.0,"max_hp_loss":0.0,"gold_gain":0.0,"event_name":"Golden Wing","player_choice":"Card Removal","floor":5.0,"gold_loss":0.0,"damage_taken":7.0},{"damage_healed":0,"gold_gain":0,"player_choice":"Relic","damage_taken":0,"max_hp_gain":0,"max_hp_loss":0,"event_name":"Wheel of Change","floor":12,"gold_loss":0}],"is_beta":false,"boss_relics":[],"items_purged_floors":[13],"is_endless":false,"potions_floor_spawned":[7,10,11],"killed_by":"Fading Forest","ascension_level":10}}