{"host":"fne7yx97fnz7kq05","time":1608229292,"event":{"mods":["BaseMod","Colored Map","Colored Powertips","Highlight Path","Minty Spire (QoL Compilation)","Relic Stats"],"gold_per_floor":[113,123,123,142,142,173,173,185,211,245,245,270,270,345,345,441,441,459,459,459,476,12,12,44,55,55,55,55,155,182,192,192,295,295,313,313,333,1332,811,841,858,858,858,871,871,871,512,532,532,532,532,532,59,88,88,88],"floor_reached":55,"playtime":3347,"items_purged":["Writhe","Normality","Normality","Entrench+1"],"score":1008,"play_id":"c9b21b19-4ea8-4754-8a0e-fb5ca4531205","local_time":"20201217122132","is_ascension_mode":true,"campfire_choices":[{"data":"Armaments","floor":11,"key":"SMITH"},{"data":"Fire Breathing","floor":13,"key":"SMITH"},{"floor":15,"key":"REST"},{"data":"Juggernaut","floor":23,"key":"SMITH"},{"floor":28,"key":"REST"},{"data":"Demon Form","floor":32,"key":"SMITH"},{"floor":45,"key":"REST"},{"floor":49,"key":"RECALL"},{"data":"Heavy Blade","floor":52,"key":"SMITH"}],"circlet_count":0,"master_deck":["Defend_R","Defend_R","Defend_R+1","Defend_R+1","Armaments+1","Shrug It Off","Cleave","Demon Form+1","Fire Breathing+1","Pommel Strike+1","Juggernaut+1","Impervious","Carnage","Burning Pact","True Grit","Feel No Pain+1","Reaper+1","Heavy Blade+1","True Grit","Twin Strike+1","Immolate","Flex+1","Flame Barrier+1","Shrug It Off","True Grit","Purity","Heavy Blade+1","Discovery","Thinking Ahead","Evolve","Rage"],"relics":["Burning Blood","NeowsBlessing","Strawberry","Oddly Smooth Stone","Nunchaku","Lantern","Runic Dome","Pen Nib","Anchor","Frozen Eye","Singing Bowl","Bag of Marbles","Charon\u0027s Ashes","Ornamental Fan","Regal Pillow","Astrolabe","Membership Card","Happy Flower","Gremlin Horn","Whetstone","Lizard Tail","ClockworkSouvenir","Thread and Needle","War Paint","Red Skull"],"acts_visited":["Exordium","TheCity","TheBeyond","TheEnding"],"potions_floor_usage":[6,12,12,29,29,33,50,50,54,55,55,55],"damage_taken":[{"damage":0,"enemies":"2 Louse","floor":1,"turns":1},{"damage":0,"enemies":"Small Slimes","floor":2,"turns":2},{"damage":0,"enemies":"Cultist","floor":4,"turns":1},{"damage":28,"enemies":"Gremlin Nob","floor":6,"turns":5},{"damage":3,"enemies":"2 Fungi Beasts","floor":8,"turns":4},{"damage":24,"enemies":"3 Sentries","floor":10,"turns":6},{"damage":28,"enemies":"Gremlin Nob","floor":12,"turns":5},{"damage":23,"enemies":"Slime Boss","floor":16,"turns":7},{"damage":6,"enemies":"Chosen","floor":18,"turns":5},{"damage":27,"enemies":"3 Byrds","floor":21,"turns":7},{"damage":32,"enemies":"Gremlin Leader","floor":24,"turns":7},{"damage":14,"enemies":"Snake Plant","floor":25,"turns":4},{"damage":16,"enemies":"Colosseum Slavers","floor":29,"turns":4},{"damage":1,"enemies":"Colosseum Nobs","floor":29,"turns":4},{"damage":11,"enemies":"Book of Stabbing","floor":30,"turns":5},{"damage":14,"enemies":"Centurion and Healer","floor":31,"turns":7},{"damage":28,"enemies":"Champ","floor":33,"turns":9},{"damage":2,"enemies":"3 Shapes","floor":35,"turns":4},{"damage":21,"enemies":"3 Darklings","floor":37,"turns":3},{"damage":64,"enemies":"Reptomancer","floor":40,"turns":5},{"damage":0,"enemies":"4 Shapes","floor":41,"turns":2},{"damage":41,"enemies":"Transient","floor":44,"turns":5},{"damage":21,"enemies":"3 Darklings","floor":48,"turns":3},{"damage":35,"enemies":"Donu and Deca","floor":50,"turns":9},{"damage":99,"enemies":"Shield and Spear","floor":54,"turns":8},{"damage":64,"enemies":"The Heart","floor":55,"turns":5}],"seed_played":"7872616254443406415","potions_obtained":[{"floor":2,"key":"SneckoOil"},{"floor":4,"key":"Ancient Potion"},{"floor":10,"key":"BlessingOfTheForge"},{"floor":12,"key":"Explosive Potion"},{"floor":18,"key":"Strength Potion"},{"floor":30,"key":"LiquidBronze"},{"floor":31,"key":"Dexterity Potion"},{"floor":33,"key":"LiquidBronze"},{"floor":40,"key":"DistilledChaos"},{"floor":54,"key":"Block Potion"}],"is_trial":false,"path_per_floor":["M","M","?","M","?","E","?","M","T","E","R","E","R","?","R","B",null,"M","?","?","M","$","R","E","M","T","?","R","?","E","M","R","B",null,"M","?","M","?","$","E","M","?","T","M","R","?","$","M","R","B",null,"R","$","E","B"],"character_chosen":"IRONCLAD","items_purchased":["Feel No Pain","Anchor","Frozen Eye","Membership Card","Happy Flower","Gremlin Horn","Shrug It Off","True Grit","LiquidMemories","Purity","Lizard Tail","Heavy Blade","Discovery","Thinking Ahead","ClockworkSouvenir","Thread and Needle","War Paint","Block Potion","SpeedPotion","Evolve","Rage"],"campfire_rested":3,"item_purchase_floors":[22,22,22,39,39,39,39,39,39,39,47,47,47,47,53,53,53,53,53,53,53],"current_hp_per_floor":[80,80,80,80,80,65,65,68,68,50,50,28,28,17,43,26,72,72,72,72,51,51,51,25,20,20,20,46,53,50,54,54,65,83,91,91,78,78,78,37,49,49,49,23,67,67,67,66,66,77,95,95,95,9,0,0],"gold":88,"neow_bonus":"THREE_ENEMY_KILL","is_daily":false,"chose_seed":false,"campfire_upgraded":5,"win_rate":0.0,"timestamp":1608229292,"path_taken":["M","M","?","M","?","E","?","?","T","E","R","E","R","?","R","BOSS","M","?","?","M","$","R","E","M","T","?","R","?","E","M","R","BOSS","M","?","M","?","$","E","M","?","T","M","R","?","$","M","R","BOSS","R","$","E","BOSS"],"items_purchased_type":["Card","Relic","Relic","Relic","Relic","Relic","Card","Card","Potion","Card","Relic","Card","Card","Card","Relic","Relic","Relic","Potion","Potion","Card","Card"],"build_version":"2020-12-13","purchased_purges":4,"victory":false,"max_hp_per_floor":[80,80,80,80,80,87,87,87,87,87,87,87,87,87,87,87,87,87,87,87,87,87,87,87,87,87,87,87,87,89,89,89,89,89,91,91,93,93,93,95,97,97,97,99,99,99,99,101,101,101,101,101,101,103,103,103],"relic_stats":{"Regal Pillow":15,"Singing Bowl":16,"Happy Flower":[12],"Gremlin Horn":[10,11],"counters":[26,127],"Astrolabe":["Entrench","Flex","Flame Barrier"],"Pen Nib":[10],"Charon\u0027s Ashes":[254],"Whetstone":["Pommel Strike","Reaper"],"War Paint":["Defend_R","Defend_R"],"Burning Blood":128,"Nunchaku":[13],"Lizard Tail":51,"Ornamental Fan":[12],"obtain_stats":[{"Lantern":12,"Regal Pillow":30,"Singing Bowl":24,"Gremlin Horn":39,"Whetstone":40,"Burning Blood":0,"ClockworkSouvenir":53,"Frozen Eye":22,"Nunchaku":10,"Lizard Tail":47,"Strawberry":6,"Red Skull":54,"NeowsBlessing":0,"Happy Flower":39,"Astrolabe":34,"Oddly Smooth Stone":9,"Thread and Needle":53,"Pen Nib":20,"Charon\u0027s Ashes":29,"War Paint":53,"Runic Dome":17,"Anchor":22,"Ornamental Fan":29,"Bag of Marbles":26,"Membership Card":39},{"Lantern":7,"Regal Pillow":15,"Singing Bowl":11,"Gremlin Horn":19,"Whetstone":20,"Burning Blood":0,"ClockworkSouvenir":24,"Frozen Eye":10,"Nunchaku":6,"Lizard Tail":22,"Strawberry":4,"Red Skull":25,"NeowsBlessing":0,"Happy Flower":19,"Astrolabe":17,"Oddly Smooth Stone":5,"Thread and Needle":24,"Pen Nib":9,"Charon\u0027s Ashes":14,"War Paint":24,"Runic Dome":8,"Anchor":10,"Ornamental Fan":14,"Bag of Marbles":12,"Membership Card":19},{"Lantern":24,"Regal Pillow":67,"Singing Bowl":50,"Gremlin Horn":90,"Whetstone":95,"Burning Blood":0,"ClockworkSouvenir":114,"Frozen Eye":43,"Nunchaku":19,"Lizard Tail":102,"Strawberry":9,"Red Skull":122,"NeowsBlessing":0,"Happy Flower":90,"Astrolabe":83,"Oddly Smooth Stone":13,"Thread and Needle":114,"Pen Nib":36,"Charon\u0027s Ashes":62,"War Paint":114,"Runic Dome":31,"Anchor":43,"Ornamental Fan":62,"Bag of Marbles":54,"Membership Card":90}]},"card_choices":[{"not_picked":["Body Slam","Havoc"],"picked":"Armaments","floor":1},{"not_picked":["Fiend Fire","Body Slam"],"picked":"Shrug It Off","floor":2},{"not_picked":["Burning Pact","Searing Blow"],"picked":"Cleave","floor":4},{"not_picked":["Intimidate","Infernal Blade","Bloodletting"],"picked":"SKIP","floor":6},{"not_picked":["Iron Wave","Entrench"],"picked":"Fire Breathing","floor":8},{"not_picked":["Armaments","Headbutt"],"picked":"Pommel Strike","floor":10},{"not_picked":["Armaments","Limit Break"],"picked":"Juggernaut","floor":12},{"not_picked":["Offering","Bludgeon"],"picked":"Impervious","floor":16},{"not_picked":["Armaments+1","Sword Boomerang+1","Entrench"],"picked":"SKIP","floor":18},{"not_picked":["Rampage","Ghostly Armor"],"picked":"True Grit","floor":21},{"not_picked":["Combust","Anger"],"picked":"Reaper","floor":24},{"not_picked":["Anger","Cleave+1"],"picked":"Heavy Blade+1","floor":25},{"not_picked":["Body Slam","Dropkick+1"],"picked":"True Grit","floor":29},{"not_picked":["Rupture","Blood for Blood","Infernal Blade"],"picked":"Singing Bowl","floor":30},{"not_picked":["Anger","Wild Strike"],"picked":"Twin Strike+1","floor":31},{"not_picked":["Feed","Berserk"],"picked":"Immolate","floor":33},{"not_picked":["Bloodletting+1","Clothesline","Perfected Strike"],"picked":"Singing Bowl","floor":35},{"not_picked":["Armaments","Headbutt","Feed"],"picked":"Singing Bowl","floor":37},{"not_picked":["Twin Strike","Intimidate+1","Wild Strike+1"],"picked":"Singing Bowl","floor":40},{"not_picked":["Flex","Body Slam+1","Battle Trance+1"],"picked":"Singing Bowl","floor":41},{"not_picked":["Sword Boomerang","Carnage","Wild Strike"],"picked":"Singing Bowl","floor":44},{"not_picked":["Heavy Blade+1","Bludgeon","Sever Soul"],"picked":"Singing Bowl","floor":48},{"not_picked":["Fiend Fire","Heavy Blade","Warcry"],"picked":"Singing Bowl","floor":54}],"player_experience":31643,"relics_obtained":[{"floor":6,"key":"Strawberry"},{"floor":9,"key":"Oddly Smooth Stone"},{"floor":10,"key":"Nunchaku"},{"floor":12,"key":"Lantern"},{"floor":24,"key":"Singing Bowl"},{"floor":26,"key":"Bag of Marbles"},{"floor":29,"key":"Charon\u0027s Ashes"},{"floor":29,"key":"Ornamental Fan"},{"floor":30,"key":"Regal Pillow"},{"floor":40,"key":"Whetstone"},{"floor":54,"key":"Red Skull"}],"event_choices":[{"damage_healed":0,"gold_gain":0,"player_choice":"Ignored","damage_taken":0,"max_hp_gain":0,"max_hp_loss":0,"event_name":"Liars Game","floor":3,"gold_loss":0},{"damage_healed":0,"gold_gain":0,"player_choice":"Leave","damage_taken":0,"max_hp_gain":0,"max_hp_loss":0,"event_name":"The Cleric","floor":5,"gold_loss":0},{"damage_healed":0,"gold_gain":0,"player_choice":"1 cards matched","damage_taken":0,"max_hp_gain":0,"max_hp_loss":0,"event_name":"Match and Keep!","floor":7,"gold_loss":0,"cards_obtained":["Demon Form"]},{"damage_healed":0,"gold_gain":75,"player_choice":"Gather Gold","damage_taken":11,"max_hp_gain":0,"max_hp_loss":0,"event_name":"World of Goop","floor":14,"gold_loss":0},{"damage_healed":0,"gold_gain":0,"cards_transformed":["Strike_R","Strike_R"],"player_choice":"Became Test Subject","damage_taken":0,"max_hp_gain":0,"max_hp_loss":0,"event_name":"Drug Dealer","floor":19,"gold_loss":0,"cards_obtained":["Carnage","Burning Pact"]},{"damage_healed":0,"gold_gain":0,"player_choice":"Opened","damage_taken":0,"relics_obtained":["Pen Nib"],"max_hp_gain":0,"max_hp_loss":0,"event_name":"The Mausoleum","floor":20,"gold_loss":0,"cards_obtained":["Writhe"]},{"damage_healed":0,"gold_gain":0,"player_choice":"Ignored","damage_taken":0,"max_hp_gain":0,"max_hp_loss":0,"event_name":"Vampires","floor":27,"gold_loss":0},{"damage_healed":0,"gold_gain":0,"player_choice":"Fight","damage_taken":0,"max_hp_gain":0,"max_hp_loss":0,"event_name":"Colosseum","floor":29,"gold_loss":0},{"damage_healed":0,"gold_gain":0,"player_choice":"Fought Nobs","damage_taken":0,"max_hp_gain":0,"max_hp_loss":0,"event_name":"Colosseum","floor":29,"gold_loss":0},{"damage_healed":0,"gold_gain":0,"player_choice":"Ignored","damage_taken":0,"max_hp_gain":0,"max_hp_loss":0,"event_name":"Mysterious Sphere","floor":36,"gold_loss":0},{"damage_healed":0,"gold_gain":999,"player_choice":"Gold","damage_taken":0,"max_hp_gain":0,"max_hp_loss":0,"event_name":"MindBloom","floor":38,"gold_loss":0,"cards_obtained":["Normality","Normality"]},{"cards_removed":["Bash"],"damage_healed":0,"gold_gain":0,"player_choice":"Removed Attack","damage_taken":0,"max_hp_gain":0,"max_hp_loss":0,"event_name":"Falling","floor":42,"gold_loss":0},{"damage_healed":0,"gold_gain":0,"player_choice":"Upgraded","damage_taken":0,"max_hp_gain":0,"max_hp_loss":0,"event_name":"Upgrade Shrine","floor":46,"gold_loss":0,"cards_upgraded":["Feel No Pain"]}],"is_beta":false,"boss_relics":[{"not_picked":["Coffee Dripper","Tiny House"],"picked":"Runic Dome"},{"not_picked":["Velvet Choker","SlaversCollar"],"picked":"Astrolabe"}],"items_purged_floors":[22,39,47,53],"is_endless":false,"potions_floor_spawned":[2,4,10,12,18,29,30,31,33,40,41,48,54],"killed_by":"The Heart","ascension_level":5}}