{"host":"k5dhp0bkccqfauyu","time":1608184833,"event":{"mods":["BaseMod","Better Note","Better Skull","Better Vampires","Colored Map","Colored Powertips","DeckTracker","Minty Spire (QoL Compilation)","Permanent Neow","StSLib","SuperFastMode"],"gold_per_floor":[113,126,136,136,153,183,183,124,124,124,150,150,191,246,246,353,353,400,464,464,83,283,310,310,375,375,375,420,420,477,392,392,501,501,575,797,797,839,578,637,637,694,706,718,809,821,922,509,509,539,599,599,599,147,172,172],"floor_reached":57,"playtime":2536,"items_purged":["Pain","FollowUp","CarveReality"],"score":3745,"play_id":"14d986af-369e-4553-8ce2-cf54f168162f","local_time":"20201217170033","is_ascension_mode":true,"campfire_choices":[{"data":"Eruption","floor":7,"key":"SMITH"},{"data":"Wish","floor":10,"key":"SMITH"},{"data":"Adaptation","floor":15,"key":"SMITH"},{"data":"TalkToTheHand","floor":24,"key":"SMITH"},{"data":"Meditate","floor":27,"key":"SMITH"},{"data":"EmptyMind","floor":29,"key":"SMITH"},{"data":"TalkToTheHand","floor":32,"key":"SMITH"},{"data":"Omniscience","floor":41,"key":"SMITH"},{"floor":44,"key":"RECALL"},{"data":"TalkToTheHand","floor":46,"key":"SMITH"},{"data":"Discovery","floor":49,"key":"SMITH"},{"floor":53,"key":"REST"}],"circlet_count":0,"master_deck":["AscendersBane","Eruption+1","Vigilance","WheelKick","DeusExMachina","Vengeance","EmptyMind+1","FlurryOfBlows","ThirdEye","ThirdEye","Adaptation+1","FlurryOfBlows","Wish+1","JustLucky","Meditate+1","TalkToTheHand+1","Halt+1","Necronomicurse","Flash of Steel","Wallop","FearNoEvil+1","TalkToTheHand+1","Omniscience+1","Meditate+1","Discovery+1","TalkToTheHand+1","Indignation","Adaptation","TalkToTheHand","MentalFortress"],"relics":["Pandora\u0027s Box","Kunai","Singing Bowl","Blue Candle","WarpedTongs","Happy Flower","Philosopher\u0027s Stone","Red Mask","Necronomicon","Lee\u0027s Waffle","Orichalcum","Vajra","Gremlin Horn","StrikeDummy","Lantern","VioletLotus","HandDrill","Bottled Lightning","MawBank","Membership Card","Mummified Hand","Pen Nib","Medical Kit","Toy Ornithopter","Yang","Eternal Feather"],"acts_visited":["Exordium","TheCity","TheBeyond","TheEnding"],"potions_floor_usage":[13,14,18,30,35,40,56],"damage_taken":[{"damage":0,"enemies":"Small Slimes","floor":1,"turns":1},{"damage":0,"enemies":"Cultist","floor":2,"turns":2},{"damage":0,"enemies":"2 Louse","floor":3,"turns":2},{"damage":0,"enemies":"Large Slime","floor":5,"turns":2},{"damage":0,"enemies":"Lagavulin","floor":6,"turns":4},{"damage":0,"enemies":"Gremlin Nob","floor":11,"turns":2},{"damage":5,"enemies":"Looter","floor":13,"turns":4},{"damage":11,"enemies":"3 Sentries","floor":14,"turns":6},{"damage":1,"enemies":"Slime Boss","floor":16,"turns":4},{"damage":17,"enemies":"Shell Parasite","floor":18,"turns":3},{"damage":16,"enemies":"Masked Bandits","floor":19,"turns":5},{"damage":17,"enemies":"Book of Stabbing","floor":23,"turns":5},{"damage":0,"enemies":"Gremlin Leader","floor":25,"turns":3},{"damage":7,"enemies":"2 Thieves","floor":28,"turns":4},{"damage":2,"enemies":"Book of Stabbing","floor":30,"turns":3},{"damage":10,"enemies":"Automaton","floor":33,"turns":5},{"damage":0,"enemies":"3 Shapes","floor":35,"turns":2},{"damage":18,"enemies":"Orb Walker","floor":38,"turns":4},{"damage":0,"enemies":"Nemesis","floor":40,"turns":5},{"damage":0,"enemies":"Reptomancer","floor":42,"turns":3},{"damage":4,"enemies":"3 Darklings","floor":45,"turns":3},{"damage":0,"enemies":"Giant Head","floor":47,"turns":6},{"damage":0,"enemies":"Awakened One","floor":50,"turns":6},{"damage":30,"enemies":"Donu and Deca","floor":51,"turns":5},{"damage":0,"enemies":"Shield and Spear","floor":55,"turns":3},{"damage":0,"enemies":"The Heart","floor":56,"turns":7}],"seed_played":"-4020121606021175291","potions_obtained":[{"floor":6,"key":"StancePotion"},{"floor":11,"key":"Weak Potion"},{"floor":13,"key":"SteroidPotion"},{"floor":23,"key":"Weak Potion"},{"floor":28,"key":"Energy Potion"},{"floor":33,"key":"DistilledChaos"},{"floor":35,"key":"AttackPotion"},{"floor":40,"key":"Swift Potion"},{"floor":47,"key":"Dexterity Potion"}],"is_trial":false,"path_per_floor":["M","M","M","?","M","E","R","$","T","R","E","?","M","E","R","B",null,"M","?","?","$","?","E","R","E","T","R","M","R","E","?","R","B",null,"M","?","?","M","$","E","R","E","T","R","M","R","E","$","R","B","B",null,"R","$","E","B",null],"character_chosen":"WATCHER","items_purchased":["JustLucky","Lee\u0027s Waffle","Flash of Steel","Wallop","HandDrill","Discovery","Membership Card","Mummified Hand","Pen Nib","Adaptation","TalkToTheHand","Medical Kit","Toy Ornithopter","Yang","ColorlessPotion"],"campfire_rested":1,"item_purchase_floors":[8,21,21,21,39,39,48,48,48,54,54,54,54,54,54],"current_hp_per_floor":[61,61,61,61,61,61,61,61,61,61,63,63,60,49,49,50,68,51,35,14,81,81,66,66,68,68,68,61,61,59,59,59,49,76,76,76,76,60,60,62,62,62,62,62,58,58,60,60,60,60,30,76,91,91,91,91],"gold":172,"neow_bonus":"BOSS_RELIC","is_daily":false,"chose_seed":false,"campfire_upgraded":10,"win_rate":0.0,"timestamp":1608184833,"path_taken":["M","M","M","?","M","E","R","$","T","R","E","?","?","E","R","BOSS","M","?","?","$","?","E","R","E","T","R","?","R","E","?","R","BOSS","M","?","?","?","$","E","R","E","T","R","M","R","E","$","R","BOSS","BOSS","R","$","E","BOSS"],"items_purchased_type":["Card","Relic","Card","Card","Relic","Card","Relic","Relic","Relic","Card","Card","Relic","Relic","Relic","Potion"],"build_version":"2020-12-13","purchased_purges":3,"victory":true,"max_hp_per_floor":[68,68,68,68,68,68,68,68,68,68,70,70,72,72,72,74,74,74,74,74,81,81,83,83,85,85,85,85,85,85,85,85,85,85,85,85,85,87,87,89,89,89,89,89,89,89,91,91,91,91,91,91,91,91,91,91],"card_choices":[{"not_picked":["FlyingSleeves","Protect"],"picked":"ThirdEye","floor":1},{"not_picked":["ClearTheMind","Consecrate"],"picked":"ThirdEye","floor":2},{"not_picked":["FlyingSleeves","ClearTheMind"],"picked":"Adaptation","floor":3},{"not_picked":["Crescendo","CutThroughFate"],"picked":"FlurryOfBlows","floor":5},{"not_picked":["CarveReality","Halt"],"picked":"Wish","floor":6},{"not_picked":["FollowUp","Sanctity","BowlingBash"],"picked":"Singing Bowl","floor":11},{"not_picked":["FlyingSleeves","Protect","FlurryOfBlows"],"picked":"Singing Bowl","floor":13},{"not_picked":["SashWhip","Adaptation"],"picked":"Meditate","floor":14},{"not_picked":["SpiritShield","Establishment","ConjureBlade"],"picked":"Singing Bowl","floor":16},{"not_picked":["CutThroughFate","ClearTheMind"],"picked":"TalkToTheHand","floor":18},{"not_picked":["Crescendo","ClearTheMind+1"],"picked":"Halt+1","floor":19},{"not_picked":["CrushJoints","Pray","WheelKick"],"picked":"Singing Bowl","floor":23},{"not_picked":["FollowUp","Halt","EmptyFist+1"],"picked":"Singing Bowl","floor":25},{"not_picked":["Protect","CrushJoints"],"picked":"FearNoEvil+1","floor":28},{"not_picked":["CrushJoints","Consecrate"],"picked":"TalkToTheHand","floor":30},{"not_picked":["ConjureBlade","DevaForm"],"picked":"Omniscience","floor":33},{"not_picked":["PathToVictory","Vengeance"],"picked":"Meditate+1","floor":35},{"not_picked":["Pray","CutThroughFate","WheelKick+1"],"picked":"Singing Bowl","floor":38},{"not_picked":["Worship","FlurryOfBlows","FollowUp+1"],"picked":"Singing Bowl","floor":40},{"not_picked":["Indignation","Wallop+1"],"picked":"TalkToTheHand","floor":42},{"not_picked":["EmptyMind","WindmillStrike"],"picked":"Indignation","floor":45},{"not_picked":["SignatureMove+1","ThirdEye","Conclude"],"picked":"Singing Bowl","floor":47},{"not_picked":["CarveReality","FlyingSleeves"],"picked":"MentalFortress","floor":55}],"player_experience":1764714,"relics_obtained":[{"floor":6,"key":"Kunai"},{"floor":9,"key":"Singing Bowl"},{"floor":11,"key":"Blue Candle"},{"floor":14,"key":"Happy Flower"},{"floor":19,"key":"Red Mask"},{"floor":20,"key":"Necronomicon"},{"floor":23,"key":"Orichalcum"},{"floor":25,"key":"Vajra"},{"floor":26,"key":"Gremlin Horn"},{"floor":30,"key":"StrikeDummy"},{"floor":40,"key":"Bottled Lightning"},{"floor":42,"key":"MawBank"},{"floor":55,"key":"Eternal Feather"}],"event_choices":[{"damage_healed":0,"gold_gain":0,"player_choice":"Ignored","damage_taken":0,"max_hp_gain":0,"max_hp_loss":0,"event_name":"Liars Game","floor":4,"gold_loss":0},{"damage_healed":0,"gold_gain":0,"player_choice":"Rummage","damage_taken":0,"relics_obtained":["WarpedTongs"],"max_hp_gain":0,"max_hp_loss":0,"event_name":"Accursed Blacksmith","floor":12,"gold_loss":0,"cards_obtained":["Pain"]},{"damage_healed":0,"gold_gain":0,"player_choice":"Fought Bandits","damage_taken":0,"max_hp_gain":0,"max_hp_loss":0,"event_name":"Masked Bandits","floor":19,"gold_loss":0},{"damage_healed":0,"gold_gain":0,"player_choice":"Obtained Book","damage_taken":21,"max_hp_gain":0,"max_hp_loss":0,"event_name":"Cursed Tome","floor":20,"gold_loss":0},{"damage_healed":0,"gold_gain":250,"player_choice":"Bet on Owner","damage_taken":0,"max_hp_gain":0,"max_hp_loss":0,"event_name":"The Joust","floor":22,"gold_loss":50},{"damage_healed":0,"gold_gain":0,"player_choice":"Obtained Relic","damage_taken":0,"relics_obtained":["Lantern"],"max_hp_gain":0,"max_hp_loss":0,"event_name":"Addict","floor":31,"gold_loss":85},{"damage_healed":0,"gold_gain":222,"player_choice":"Wore Mask","damage_taken":0,"max_hp_gain":0,"max_hp_loss":0,"event_name":"Tomb of Lord Red Mask","floor":36,"gold_loss":0},{"cards_removed":["SandsOfTime"],"damage_healed":0,"gold_gain":0,"player_choice":"Purged","damage_taken":0,"max_hp_gain":0,"max_hp_loss":0,"event_name":"Purifier","floor":37,"gold_loss":0}],"is_beta":false,"boss_relics":[{"not_picked":["Runic Dome","Velvet Choker"],"picked":"Philosopher\u0027s Stone"},{"not_picked":["Calling Bell","SlaversCollar"],"picked":"VioletLotus"}],"items_purged_floors":[21,48,54],"is_endless":false,"potions_floor_spawned":[6,11,13,23,28,33,35,40,45,47],"ascension_level":20}}