{"host":"ctlqibkg0sskiu65","time":1608205934,"event":{"mods":["2.2 Compatiblity","AchievementEnabler","Aspiration","BaseMod","BetterRewards","Colored Map","Colored Powertips","Conspire","Downfall","Fiend Mod","Infinite Spire","Minty Spire (QoL Compilation)","Quick Restart","Replay The Spire","Shop Mod","StSLib","The Bladedancer","The Cursed","The Hierophant","The Jungle","The Kombatant","The Servant 0.9.4","TheBandit"],"gold_per_floor":[99,99,125,125,125,125,150,150,150],"floor_reached":8,"playtime":225,"items_purged":[],"score":83,"play_id":"70617144-f67a-4ea9-b317-2069161ce013","local_time":"20201217055214","is_ascension_mode":true,"campfire_choices":[{"data":"Fiend:FiendConsume","floor":1.0,"key":"SMITH"},{"data":"Fiend:FiendMeatShield","floor":6.0,"key":"SMITH"}],"circlet_count":0,"master_deck":["Fiend:FiendDemonSlash","Fiend:FiendDemonSlash","Fiend:FiendDemonSlash","Fiend:FiendDemonSlash","Fiend:FiendFortify","Fiend:FiendFortify","Fiend:FiendFortify","Fiend:FiendFortify","Fiend:FiendConsume+1","Fiend:FiendBackFromHell","Fiend:FiendRadiation","Fiend:FiendMeatPaste","Fiend:FiendMeatShield+1"],"relics":["Fiend:FiendTotem","downfall:HeartsMalice","Replay:Baseball"],"acts_visited":["Exordium"],"potions_floor_usage":[],"damage_taken":[{"damage":0.0,"enemies":"Replay:BlueRogue","floor":3.0,"turns":1.0},{"damage":0.0,"enemies":"conspire:RoseBush","floor":4.0,"turns":1.0},{"damage":0.0,"enemies":"infinitespire:Voidling","floor":5.0,"turns":1.0},{"damage":56,"enemies":"3 Sentries","floor":8,"turns":12}],"seed_played":"4718287418552438293","potions_obtained":[],"is_trial":false,"path_per_floor":["R","?","E","M","M","R","T","E"],"character_chosen":"THE_FIEND","items_purchased":[],"campfire_rested":0,"item_purchase_floors":[],"current_hp_per_floor":[70,70,70,70,70,70,70,14,14],"gold":150,"neow_bonus":"THREE_ENEMY_KILL","is_daily":false,"chose_seed":false,"campfire_upgraded":2,"win_rate":0.0,"timestamp":1608205934,"path_taken":["R","?","E","M","M","R","T","E"],"items_purchased_type":[],"build_version":"2020-12-13","purchased_purges":0,"victory":false,"max_hp_per_floor":[70,70,70,70,70,70,70,70,70],"card_choices":[{"not_picked":["Fiend:FiendDeepenWound","Fiend:FiendMutativeArms"],"picked":"Fiend:FiendRadiation","floor":3.0},{"not_picked":["Fiend:FiendAlchemeat","Fiend:FiendMutativeArms"],"picked":"Fiend:FiendMeatPaste","floor":4.0},{"not_picked":["Fiend:FiendRage","Fiend:FiendDemonWhip"],"picked":"Fiend:FiendMeatShield","floor":5.0}],"player_experience":153401,"relics_obtained":[{"floor":3.0,"key":"Replay:Baseball"}],"event_choices":[{"damage_healed":0.0,"max_hp_gain":0.0,"max_hp_loss":0.0,"gold_gain":0.0,"cards_transformed":["Fiend:FiendDemonSlash"],"event_name":"Transmorgrifier","player_choice":"Transformed","floor":2.0,"gold_loss":0.0,"damage_taken":0.0,"cards_obtained":["Fiend:FiendBackFromHell"]}],"is_beta":false,"boss_relics":[],"items_purged_floors":[],"is_endless":false,"potions_floor_spawned":[],"killed_by":"3 Sentries","ascension_level":2}}