{"host":"0lnx88jdgcrh6gmr","time":1608229665,"event":{"mods":["2.2 Compatiblity","AchievementEnabler","BaseMod","Beaked The Cultist","Better Note","Better Skull","Better Third Choice","Block Reminder","Colored Map","Displayed Cursed Tome","Glutton Mod","Googly Eyes","Hermit","Highlight Path","Minty Spire (QoL Compilation)","Rare Cards Sparkle","Relic Stats","Shade Mod","Spicy Shops","StSLib","The Construct","The Cursed","The Disciple","The Mystic","The Servant 0.9.4","Unceasing Turn Reminder","everything is the same but u backflip on backflip","slay the spire mod where everything is the same but ironclad has a cowboy hat"],"gold_per_floor":[215,227,1,1,13,13,33,33,84,84,103,113,113,143,143,240,240,250,250,269,269,269],"floor_reached":21,"playtime":1226,"items_purged":[],"score":181,"play_id":"b9309cb2-54a8-4b05-9e57-c9ac643c0e8a","local_time":"20201217112745","is_ascension_mode":false,"campfire_choices":[{"floor":6.0,"key":"RECALL"},{"data":"Vigilance","floor":10.0,"key":"SMITH"},{"floor":13.0,"key":"REST"},{"floor":15.0,"key":"REST"}],"circlet_count":0,"master_deck":["Strike_P","Strike_P","Strike_P","Strike_P","Defend_P","Defend_P","Defend_P","Eruption","Vigilance+1","ClearTheMind","DeceiveReality","Tantrum","FlyingSleeves","Consecrate","Prostrate","JustLucky","Brilliance","ConjureBlade","ReachHeaven","Feed","FlurryOfBlows"],"relics":["PureWater","Pen Nib","NlothsMask","MealTicket"],"acts_visited":["Exordium","TheCity"],"potions_floor_usage":[21],"damage_taken":[{"damage":0.0,"enemies":"2 Louse","floor":1.0,"turns":2.0},{"damage":6.0,"enemies":"Cultist","floor":2.0,"turns":3.0},{"damage":0.0,"enemies":"Small Slimes","floor":5.0,"turns":5.0},{"damage":4.0,"enemies":"Exordium Wildlife","floor":7.0,"turns":5.0},{"damage":9.0,"enemies":"Lots of Slimes","floor":11.0,"turns":3.0},{"damage":0.0,"enemies":"Looter","floor":12.0,"turns":3.0},{"damage":61.0,"enemies":"Gremlin Nob","floor":14.0,"turns":7.0},{"damage":20.0,"enemies":"Hexaghost","floor":16.0,"turns":9.0},{"damage":24,"enemies":"Spheric Guardian","floor":18,"turns":7},{"damage":25,"enemies":"3 Byrds","floor":20,"turns":7},{"damage":28,"enemies":"Shelled Parasite and Fungi","floor":21,"turns":3}],"seed_played":"2418094007213958899","potions_obtained":[{"floor":5.0,"key":"DuplicationPotion"},{"floor":14.0,"key":"GamblersBrew"},{"floor":16.0,"key":"Energy Potion"}],"is_trial":false,"path_per_floor":["M","M","$","?","M","R","M","?","T","R","M","M","R","E","R","B",null,"M","?","M","M"],"character_chosen":"WATCHER","items_purchased":["Pen Nib","Tantrum"],"campfire_rested":2,"item_purchase_floors":[3,3],"current_hp_per_floor":[72,66,66,66,66,66,62,62,62,62,53,53,72,11,32,12,72,48,48,26,0,0],"gold":269,"neow_bonus":"HUNDRED_GOLD","is_daily":false,"chose_seed":false,"campfire_upgraded":1,"win_rate":0.0,"timestamp":1608229665,"path_taken":["M","M","$","?","?","R","M","?","T","R","M","?","R","E","R","BOSS","M","?","M","M"],"items_purchased_type":["Relic","Card"],"build_version":"2020-12-13","purchased_purges":0,"victory":false,"max_hp_per_floor":[72,72,72,72,72,72,72,72,72,72,72,72,72,72,72,72,72,72,72,75,75,75],"relic_stats":{"counters":[11,54],"MealTicket":0,"Pen Nib":[9],"obtain_stats":[{"MealTicket":14,"Pen Nib":3,"PureWater":0,"NlothsMask":4},{"MealTicket":7,"Pen Nib":2,"PureWater":0,"NlothsMask":2},{"MealTicket":28,"Pen Nib":5,"PureWater":0,"NlothsMask":5}]},"card_choices":[{"not_picked":["Weave","JustLucky"],"picked":"ClearTheMind","floor":1.0},{"not_picked":["PathToVictory","Evaluate"],"picked":"DeceiveReality","floor":2.0},{"not_picked":["DeceiveReality","DeusExMachina"],"picked":"FlyingSleeves","floor":5.0},{"not_picked":["CutThroughFate","Fasting2"],"picked":"Consecrate","floor":7.0},{"not_picked":["BowlingBash","Indignation"],"picked":"Prostrate","floor":11.0},{"not_picked":["PathToVictory","EmptyMind"],"picked":"JustLucky","floor":12.0},{"not_picked":["Perseverance","Meditate"],"picked":"Brilliance","floor":14.0},{"not_picked":["DevaForm","Omniscience"],"picked":"ConjureBlade","floor":16.0},{"not_picked":["SignatureMove","Adaptation"],"picked":"ReachHeaven","floor":18},{"not_picked":["FlyingSleeves","EmptyFist"],"picked":"FlurryOfBlows","floor":20}],"player_experience":192150,"relics_obtained":[{"floor":14.0,"key":"MealTicket"}],"event_choices":[{"damage_healed":0.0,"max_hp_gain":0.0,"max_hp_loss":0.0,"gold_gain":0.0,"event_name":"FaceTrader","player_choice":"Trade","floor":4.0,"gold_loss":0.0,"damage_taken":0.0,"relics_obtained":["NlothsMask"]},{"cards_removed":["Defend_P"],"damage_healed":0.0,"max_hp_gain":0.0,"max_hp_loss":0.0,"gold_gain":0.0,"event_name":"Purifier","player_choice":"Purged","floor":8.0,"gold_loss":0.0,"damage_taken":0.0},{"cards_removed":["DeceiveReality"],"damage_healed":0,"gold_gain":0,"player_choice":"Take \u0026 Give","damage_taken":0,"max_hp_gain":0,"max_hp_loss":0,"event_name":"betterNote:BetterNote","floor":19,"gold_loss":0,"cards_obtained":["Feed"]}],"is_beta":false,"boss_relics":[{"not_picked":["Philosopher\u0027s Stone","Pandora\u0027s Box","Busted Crown"]}],"items_purged_floors":[],"is_endless":false,"potions_floor_spawned":[5,14,16,20],"killed_by":"Shelled Parasite and Fungi","ascension_level":0}}