{"host":"g1na4j704t0qpw5f","time":1608174971,"event":{"mods":["AchievementEnabler","BaseMod","Card Forge","Colored Powertips","Custom Start","Googly Eyes","Highlight Path","Minty Spire (QoL Compilation)","StSLib"],"gold_per_floor":[112,128,141,157,171,197,268,49308,49308,49321,49354,49364,49393,49405,49405,49482,49482,49495,49505,49505,48740,48759,48759,48792,48869,48892,48923,48936,48953,48984,48999,48999,48999,48999],"floor_reached":33,"playtime":13974,"items_purged":["Strike_B","Strike_B"],"score":727,"play_id":"c8e4dac2-3b11-4b03-ad68-3ded5db17a8f","local_time":"20201216221611","is_ascension_mode":true,"campfire_choices":[{"data":"Fission","floor":15.0,"key":"SMITH"},{"data":"Chaos","floor":23.0,"key":"SMITH"},{"data":"Multi-Cast","floor":32.0,"key":"SMITH"}],"circlet_count":0,"master_deck":["AscendersBane","Strike_B","Strike_B","Defend_B","Defend_B","Defend_B","Defend_B+1","Zap","Dualcast","Redo","Chill","Ball Lightning","Coolheaded","Melter","Self Repair","Barrage","Coolheaded+1","Multi-Cast+1","Chaos+1","Darkness","Fission+1","Reboot","Cold Snap","Static Discharge","Coolheaded","Reinforced Body+1","Chill","Glacier","Redo+1","Fission","Coolheaded"],"relics":["Cracked Core","Hammer of Thor","Seething Fire","Anvil of the Gods","NeowsBlessing","Letter Opener","Bottled Lightning","Thread and Needle","Bird Faced Urn","Medical Kit","Pantograph","Gambling Chip","War Paint","Coffee Dripper","Incense Burner","Nunchaku","Frozen Eye","Turnip","Question Card","Regal Pillow","Vajra","Calipers"],"acts_visited":["Exordium","TheCity"],"potions_floor_usage":[33],"damage_taken":[{"damage":0.0,"enemies":"Cultist","floor":1.0,"turns":1.0},{"damage":0.0,"enemies":"Small Slimes","floor":2.0,"turns":1.0},{"damage":0.0,"enemies":"Jaw Worm","floor":3.0,"turns":1.0},{"damage":20.0,"enemies":"Gremlin Gang","floor":4.0,"turns":7.0},{"damage":4.0,"enemies":"Blue Slaver","floor":5.0,"turns":4.0},{"damage":0.0,"enemies":"Gremlin Nob","floor":6.0,"turns":3.0},{"damage":0.0,"enemies":"Lots of Slimes","floor":10.0,"turns":4.0},{"damage":9.0,"enemies":"3 Sentries","floor":11.0,"turns":7.0},{"damage":3.0,"enemies":"Exordium Thugs","floor":12.0,"turns":3.0},{"damage":9.0,"enemies":"Gremlin Nob","floor":13.0,"turns":4.0},{"damage":0.0,"enemies":"2 Fungi Beasts","floor":14.0,"turns":2.0},{"damage":26.0,"enemies":"Hexaghost","floor":16.0,"turns":10.0},{"damage":0.0,"enemies":"Spheric Guardian","floor":18.0,"turns":3.0},{"damage":0.0,"enemies":"Chosen","floor":19.0,"turns":6.0},{"damage":4.0,"enemies":"Shelled Parasite and Fungi","floor":22.0,"turns":4.0},{"damage":10.0,"enemies":"Book of Stabbing","floor":24.0,"turns":5.0},{"damage":15.0,"enemies":"Slavers","floor":27.0,"turns":6.0},{"damage":0.0,"enemies":"Chosen and Byrds","floor":28.0,"turns":4.0},{"damage":2.0,"enemies":"Snake Plant","floor":29.0,"turns":4.0},{"damage":5.0,"enemies":"Book of Stabbing","floor":30.0,"turns":6.0},{"damage":0.0,"enemies":"Centurion and Healer","floor":31.0,"turns":8.0},{"damage":80,"enemies":"Automaton","floor":33,"turns":14}],"seed_played":"1308285718304380108","potions_obtained":[{"floor":2.0,"key":"DistilledChaos"},{"floor":4.0,"key":"PowerPotion"},{"floor":6.0,"key":"AttackPotion"},{"floor":10.0,"key":"GamblersBrew"},{"floor":14.0,"key":"PowerPotion"},{"floor":16.0,"key":"SmokeBomb"},{"floor":24.0,"key":"BlessingOfTheForge"},{"floor":27.0,"key":"Dexterity Potion"}],"is_trial":false,"path_per_floor":["M","M","M","M","M","E","T","$","T","M","E","M","E","M","R","B",null,"M","M","?","$","M","R","E","T","T","E","M","M","E","M","R","B"],"character_chosen":"DEFECT","items_purchased":["Thread and Needle","Bird Faced Urn","Medical Kit","Self Repair","Barrage","Block Potion","Incense Burner","Nunchaku","Frozen Eye","Static Discharge","Coolheaded"],"campfire_rested":0,"item_purchase_floors":[8,8,8,8,8,8,21,21,21,21,21],"current_hp_per_floor":[64,64,64,44,40,40,40,40,40,40,40,37,28,28,28,38,63,71,71,71,71,67,67,68,68,68,64,66,71,66,71,71,0,0],"gold":48999,"neow_bonus":"THREE_ENEMY_KILL","is_daily":false,"chose_seed":false,"campfire_upgraded":3,"win_rate":0.0,"timestamp":1608174971,"path_taken":["M","M","?","M","M","E","?","$","T","M","E","?","E","M","R","BOSS","M","M","?","$","M","R","E","?","T","E","M","M","E","M","R","BOSS"],"items_purchased_type":["Relic","Relic","Relic","Card","Card","Potion","Relic","Relic","Relic","Card","Card"],"build_version":"2020-12-13","purchased_purges":2,"victory":false,"max_hp_per_floor":[71,71,71,71,71,71,71,71,71,71,71,71,71,71,71,71,71,71,71,71,71,71,71,71,71,71,71,71,71,71,71,71,71,71],"card_choices":[{"not_picked":["Barrage","Gash"],"picked":"Redo","floor":1.0},{"not_picked":["Genetic Algorithm","Force Field"],"picked":"Chill","floor":2.0},{"not_picked":["Rebound","Reprogram"],"picked":"Ball Lightning","floor":3.0},{"not_picked":["Rebound","Turbo","Steam"],"picked":"SKIP","floor":4.0},{"not_picked":["Stack","Recycle"],"picked":"Coolheaded","floor":5.0},{"not_picked":["Recycle","Gash"],"picked":"Melter","floor":6.0},{"not_picked":["Loop","Barrage"],"picked":"Coolheaded","floor":10.0},{"not_picked":["Leap","Ball Lightning"],"picked":"Multi-Cast","floor":11.0},{"not_picked":["Gash","Sunder"],"picked":"Chaos","floor":12.0},{"not_picked":["Stack","Go for the Eyes"],"picked":"Darkness","floor":13.0},{"not_picked":["Gash","Go for the Eyes"],"picked":"Fission","floor":14.0},{"not_picked":["Buffer","Multi-Cast"],"picked":"Reboot","floor":16.0},{"not_picked":["Skim","Sunder"],"picked":"Cold Snap","floor":18.0},{"not_picked":["Rebound","Streamline","Darkness"],"picked":"SKIP","floor":19.0},{"not_picked":["Fusion","Force Field","Turbo"],"picked":"SKIP","floor":22.0},{"not_picked":["Compile Driver","Steam"],"picked":"Reinforced Body+1","floor":24.0},{"not_picked":["Steam Power","Barrage","FTL"],"picked":"Chill","floor":27.0},{"not_picked":["Ball Lightning","Beam Cell","Go for the Eyes"],"picked":"Glacier","floor":28.0},{"not_picked":["Hello World","Melter","Loop+1"],"picked":"Redo+1","floor":29.0},{"not_picked":["Rip and Tear","Compile Driver","All For One"],"picked":"Fission","floor":30.0},{"not_picked":["Beam Cell","Self Repair","Conserve Battery"],"picked":"Coolheaded","floor":31.0}],"player_experience":438138,"relics_obtained":[{"floor":6.0,"key":"Letter Opener"},{"floor":7.0,"key":"Bottled Lightning"},{"floor":9.0,"key":"Pantograph"},{"floor":11.0,"key":"Gambling Chip"},{"floor":13.0,"key":"War Paint"},{"floor":24.0,"key":"Turnip"},{"floor":25.0,"key":"Question Card"},{"floor":26.0,"key":"Regal Pillow"},{"floor":27.0,"key":"Vajra"},{"floor":30.0,"key":"Calipers"}],"event_choices":[{"damage_healed":0.0,"max_hp_gain":0.0,"max_hp_loss":0.0,"gold_gain":0.0,"event_name":"Cursed Tome","player_choice":"Ignored","floor":20.0,"gold_loss":0.0,"damage_taken":0.0}],"is_beta":false,"boss_relics":[{"not_picked":["Astrolabe","Runic Pyramid"],"picked":"Coffee Dripper"}],"items_purged_floors":[8,21],"is_endless":false,"potions_floor_spawned":[2,4,6,10,14,16,18,24,27,31],"killed_by":"Automaton","ascension_level":15}}