{"host":"69vai7pma7zqkhbs","time":1608203064,"event":{"mods":["BaseMod","Duelist Mod","GifTheSpireLib","Hermit","Minty Spire (QoL Compilation)","Quick Restart","StSLib","The Judge","The Senshi"],"gold_per_floor":[135,85,85,103,118,118,145,145,145,157,82,82,97,115,115,220,220],"floor_reached":16,"playtime":2893,"items_purged":["theDuelist:CurseArmaments"],"score":177,"play_id":"272688f8-7e4a-4152-9717-565c863a0003","local_time":"20201217220424","is_ascension_mode":false,"campfire_choices":[{"data":"theDuelist:Electrowhip","floor":6.0,"key":"SMITH"},{"data":"theDuelist:WhiteHowling","floor":8.0,"key":"SMITH"},{"floor":15.0,"key":"REST"}],"circlet_count":0,"master_deck":["theDuelist:BeaverWarrior","theDuelist:BeaverWarrior","theDuelist:CastleWalls","theDuelist:CastleWalls","theDuelist:FinalFlame","theDuelist:GiantSoldier","theDuelist:GiantSoldier","theDuelist:ScrapFactory","theDuelist:Sparks","theDuelist:PowerGiant","theDuelist:Hinotama","theDuelist:Electrowhip+1","theDuelist:WhiteHowling+1","theDuelist:RainbowKuriboh","theDuelist:WormWarlord+1"],"relics":["theDuelist:MillenniumPuzzle","theDuelist:CardPoolRelic","theDuelist:CardPoolBasicRelic","theDuelist:BoosterPackPoolRelic","theDuelist:CardPoolAddRelic","theDuelist:CardPoolMinusRelic","theDuelist:CardPoolSaveRelic","theDuelist:CardPoolOptionsRelic","NeowsBlessing","theDuelist:MillenniumScale","theDuelist:BoosterPackSpellEgg","Molten Egg 2","theDuelist:MetronomeRelicD"],"acts_visited":[],"potions_floor_usage":[],"damage_taken":[{"damage":0.0,"enemies":"2 Louse","floor":1.0,"turns":1.0},{"damage":2.0,"enemies":"Small Slimes","floor":4.0,"turns":1.0},{"damage":2.0,"enemies":"Jaw Worm","floor":5.0,"turns":1.0},{"damage":15.0,"enemies":"3 Sentries","floor":7.0,"turns":9.0},{"damage":7.0,"enemies":"Exordium Wildlife","floor":10.0,"turns":5.0},{"damage":5.0,"enemies":"Large Slime","floor":13.0,"turns":5.0},{"damage":2.0,"enemies":"Lots of Slimes","floor":14.0,"turns":5.0},{"damage":4.0,"enemies":"The Guardian","floor":16.0,"turns":7.0}],"seed_played":"-4195103704333648425","potions_obtained":[{"floor":1.0,"key":"GhostInAJar"},{"floor":13.0,"key":"Block Potion"},{"floor":14.0,"key":"FocusPotion"}],"is_trial":false,"path_per_floor":["M","?","?","M","M","R","E","R","T","M","$","?","M","M","R","B"],"character_chosen":"THE_DUELIST","items_purchased":[],"campfire_rested":1,"item_purchase_floors":[],"current_hp_per_floor":[80,80,80,78,76,76,61,61,61,54,54,48,43,41,65,61,61],"gold":220,"neow_bonus":"THREE_ENEMY_KILL","is_daily":false,"chose_seed":false,"campfire_upgraded":2,"win_rate":0.0,"timestamp":1608203064,"path_taken":["M","?","?","M","M","R","E","R","T","M","$","?","M","?","R","BOSS","BOSS"],"items_purchased_type":[],"build_version":"2020-12-13","purchased_purges":1,"victory":false,"max_hp_per_floor":[80,80,80,80,80,80,80,80,80,80,80,80,80,80,80,80,80],"card_choices":[{"not_picked":["theDuelist:EarthEffigy","theDuelist:LightningRodLord","theDuelist:ReinforcementsArmy","theDuelist:PotAvarice"],"picked":"theDuelist:PowerGiant","floor":1.0},{"not_picked":["theDuelist:BigFire","theDuelist:UnderworldCannon","theDuelist:SpellShatteringArrow","theDuelist:MeteorDestruction"],"picked":"theDuelist:Hinotama","floor":4.0},{"not_picked":["theDuelist:ImperialOrder","theDuelist:GravityAxe","theDuelist:MiraculousDescent"],"picked":"theDuelist:Electrowhip","floor":5.0},{"not_picked":["theDuelist:ImperialOrder","theDuelist:ElectromagneticShield","theDuelist:MiraculousDescent","theDuelist:SwordsConcealing"],"picked":"theDuelist:WhiteHowling","floor":7.0},{"not_picked":["theDuelist:RainbowNeos+1","theDuelist:HappyLover","theDuelist:Eva","theDuelist:RainbowOverdragon+1"],"picked":"theDuelist:RainbowKuriboh","floor":10.0},{"not_picked":["theDuelist:DestroyerGolem+1","theDuelist:RainbowGravity","theDuelist:Mudora+1","theDuelist:Hinotama+1"],"picked":"theDuelist:WormWarlord+1","floor":13.0},{"not_picked":["theDuelist:Sangan+1","theDuelist:RainbowNeos+1","theDuelist:WormApocalypse","theDuelist:HappyLover","theDuelist:BigKoala"],"picked":"SKIP","floor":14.0}],"player_experience":1207680,"relics_obtained":[{"floor":7.0,"key":"theDuelist:BoosterPackSpellEgg"},{"floor":9.0,"key":"Molten Egg 2"}],"event_choices":[{"cards_removed":["theDuelist:Sparks"],"damage_healed":0.0,"max_hp_gain":0.0,"max_hp_loss":0.0,"gold_gain":0.0,"event_name":"The Cleric","player_choice":"Card Removal","floor":2.0,"gold_loss":50.0,"damage_taken":0.0},{"damage_healed":0.0,"max_hp_gain":0.0,"max_hp_loss":0.0,"gold_gain":0.0,"event_name":"Millennium Items","player_choice":"Took item - Received: Millennium Scale","duelist":true,"floor":3.0,"gold_loss":0.0,"damage_taken":0.0},{"damage_healed":0.0,"max_hp_gain":0.0,"max_hp_loss":0.0,"gold_gain":0.0,"event_name":"Aknamkanon\u0027s Tomb","player_choice":"Dig - random Duelist relic","duelist":true,"floor":12.0,"gold_loss":0.0,"damage_taken":0.0}],"is_beta":false,"boss_relics":[],"items_purged_floors":[11],"is_endless":false,"potions_floor_spawned":[1,13,14],"killed_by":"The Guardian","ascension_level":0}}