{"host":"a1eatafr7pisesky","time":1608184063,"event":{"mods":["BaseMod","Colored Map","DeckTracker","Highlight Path","Keyboard Shortcuts","Minty Spire (QoL Compilation)","Permanent Neow","Random Character Button","StSLib","SuperFastMode","everything is the same but u backflip on backflip"],"gold_per_floor":[114,131,143,318,161,161,174,174,174,174,174,194,222,108,108,220,220,246,246,259,259,259],"floor_reached":21,"playtime":645,"items_purged":["Doubt","Defend_G"],"score":205,"play_id":"a9039d43-4da0-490e-8149-ac43171565fb","local_time":"20201217144743","is_ascension_mode":true,"campfire_choices":[{"data":"A Thousand Cuts","floor":6.0,"key":"SMITH"},{"data":"Neutralize","floor":8.0,"key":"SMITH"},{"floor":15.0,"key":"REST"}],"circlet_count":0,"master_deck":["Strike_G","Strike_G","Defend_G","Defend_G","Defend_G","Defend_G","Survivor","Neutralize+1","A Thousand Cuts+1","Dodge and Roll","Terror","Underhanded Strike","Noxious Fumes","Backflip","Poisoned Stab","Choke","Backflip","Night Terror","Blur+1"],"relics":["Ring of the Snake","CeramicFish","Black Star"],"acts_visited":["Exordium","TheCity"],"potions_floor_usage":[16,21],"damage_taken":[{"damage":2.0,"enemies":"Cultist","floor":1.0,"turns":4.0},{"damage":3.0,"enemies":"2 Louse","floor":2.0,"turns":3.0},{"damage":0.0,"enemies":"Small Slimes","floor":3.0,"turns":3.0},{"damage":27.0,"enemies":"Gremlin Gang","floor":7.0,"turns":3.0},{"damage":4.0,"enemies":"Looter","floor":12.0,"turns":4.0},{"damage":17.0,"enemies":"Exordium Wildlife","floor":13.0,"turns":5.0},{"damage":22,"enemies":"The Guardian","floor":16,"turns":10},{"damage":14,"enemies":"Shell Parasite","floor":18,"turns":8},{"damage":24,"enemies":"Spheric Guardian","floor":20,"turns":7},{"damage":31,"enemies":"Snake Plant","floor":21,"turns":4}],"seed_played":"-1696662312851500149","potions_obtained":[{"floor":2.0,"key":"Fire Potion"},{"floor":3.0,"key":"ColorlessPotion"},{"floor":16,"key":"Weak Potion"},{"floor":20,"key":"Weak Potion"}],"is_trial":false,"path_per_floor":["M","M","M","?","$","R","M","R","T","?","?","M","M","$","R","B",null,"M","?","M","M"],"character_chosen":"THE_SILENT","items_purchased":["Noxious Fumes","Backflip","Backflip"],"campfire_rested":1,"item_purchase_floors":[5,5,14],"current_hp_per_floor":[68,65,65,65,65,65,38,38,38,31,31,27,10,10,31,9,70,56,56,32,1,1],"gold":259,"neow_bonus":"ONE_RANDOM_RARE_CARD","is_daily":false,"chose_seed":false,"campfire_upgraded":2,"win_rate":0.0,"timestamp":1608184063,"path_taken":["M","M","M","?","$","R","M","R","T","?","?","M","?","$","R","BOSS","M","?","M","M"],"items_purchased_type":["Card","Card","Card"],"build_version":"2020-12-13","purchased_purges":2,"victory":false,"max_hp_per_floor":[70,70,70,70,70,70,70,70,70,70,70,70,70,70,70,70,70,70,70,70,70,70],"card_choices":[{"not_picked":["Slice","Accuracy"],"picked":"Dodge and Roll","floor":1.0},{"not_picked":["Outmaneuver","Infinite Blades"],"picked":"Terror","floor":2.0},{"not_picked":["Setup","Outmaneuver"],"picked":"Underhanded Strike","floor":3.0},{"not_picked":["Sucker Punch","Bane","Deflect"],"picked":"SKIP","floor":7.0},{"not_picked":["Quick Slash","Unload"],"picked":"Poisoned Stab","floor":12.0},{"not_picked":["Dagger Throw","Skewer"],"picked":"Choke","floor":13.0},{"not_picked":["Bullet Time","After Image"],"picked":"Night Terror","floor":16},{"not_picked":["Outmaneuver+1","Backflip+1"],"picked":"Blur+1","floor":18},{"not_picked":["Flying Knee+1","Bane+1","Dagger Throw"],"picked":"SKIP","floor":20},{"not_picked":["Flying Knee+1","Bane+1","Dagger Throw"],"picked":"SKIP","floor":20}],"player_experience":209413,"relics_obtained":[{"floor":9.0,"key":"CeramicFish"}],"event_choices":[{"damage_healed":0.0,"max_hp_gain":0.0,"max_hp_loss":0.0,"gold_gain":175.0,"event_name":"Liars Game","player_choice":"AGREE","floor":4.0,"gold_loss":0.0,"damage_taken":0.0,"cards_obtained":["Doubt"]},{"cards_removed":["Strike_G"],"damage_healed":0.0,"max_hp_gain":0.0,"max_hp_loss":0.0,"gold_gain":0.0,"event_name":"Golden Wing","player_choice":"Card Removal","floor":10.0,"gold_loss":0.0,"damage_taken":7.0},{"cards_removed":["Strike_G"],"damage_healed":0.0,"max_hp_gain":0.0,"max_hp_loss":0.0,"gold_gain":0.0,"event_name":"Purifier","player_choice":"Purged","floor":11.0,"gold_loss":0.0,"damage_taken":0.0},{"cards_removed":["Strike_G"],"damage_healed":0,"gold_gain":0,"player_choice":"Elegance","damage_taken":0,"max_hp_gain":0,"max_hp_loss":0,"event_name":"Back to Basics","floor":19,"gold_loss":0}],"is_beta":false,"boss_relics":[{"not_picked":["Ectoplasm","Busted Crown"],"picked":"Black Star"}],"items_purged_floors":[5,14],"is_endless":false,"potions_floor_spawned":[2,3,16,20],"killed_by":"Snake Plant","ascension_level":4}}