{"host":"y89x8uui45kcjy42","time":1608214283,"event":{"mods":["2.2 Compatiblity","BaseMod","CapriCore","Colored Map","Colored Powertips","Custom Start","Friendly Minions","Highlight Path","Keyboard Shortcuts","Minty Spire (QoL Compilation)","Relic Stats","Slay the Relics Exporter","StSLib","SuperFastMode","Waifu the Spire"],"gold_per_floor":[116,116,116,135,60,60,88,88,88,102,121,121,64,82,82,82,82],"floor_reached":16,"playtime":322,"items_purged":["Strike_B"],"score":200,"play_id":"2a6a0746-2d02-4097-b826-56e54f4b896b","local_time":"20201217231123","is_ascension_mode":true,"campfire_choices":[{"data":"Zap","floor":6,"key":"SMITH"},{"data":"Buffer","floor":8,"key":"SMITH"},{"data":"Dualcast","floor":12,"key":"SMITH"},{"data":"Ball Lightning","floor":15,"key":"SMITH"}],"circlet_count":0,"master_deck":["AscendersBane","Strike_B","Strike_B","Strike_B","Defend_B","Defend_B","Defend_B","Defend_B","Zap+1","Dualcast+1","Cold Snap","Buffer+1","Blizzard","Ball Lightning+1"],"relics":["Cracked Core","CultistMask","Happy Flower","TungstenRod"],"acts_visited":["Exordium"],"potions_floor_usage":[16,16],"damage_taken":[{"damage":7,"enemies":"Jaw Worm","floor":1,"turns":3},{"damage":1,"enemies":"Cultist","floor":4,"turns":3},{"damage":61,"enemies":"Gremlin Nob","floor":7,"turns":6},{"damage":0,"enemies":"2 Louse","floor":10,"turns":4},{"damage":0,"enemies":"Large Slime","floor":11,"turns":6},{"damage":2,"enemies":"Blue Slaver","floor":14,"turns":3},{"damage":35,"enemies":"Slime Boss","floor":16,"turns":9}],"seed_played":"617609282094682012","potions_obtained":[{"floor":7,"key":"Regen Potion"},{"floor":14,"key":"Block Potion"}],"is_trial":false,"path_per_floor":["M","?","?","M","$","R","E","R","T","M","M","R","?","M","R","B"],"character_chosen":"DEFECT","items_purchased":[],"campfire_rested":0,"item_purchase_floors":[],"current_hp_per_floor":[53,81,81,80,80,80,19,19,19,19,19,19,19,17,17,0,0],"gold":82,"neow_bonus":"TWENTY_PERCENT_HP_BONUS","is_daily":false,"chose_seed":false,"campfire_upgraded":4,"win_rate":0.0,"timestamp":1608214283,"path_taken":["M","?","?","?","?","R","E","R","T","M","M","R","?","M","R","BOSS"],"items_purchased_type":[],"build_version":"2020-12-13","purchased_purges":1,"victory":false,"max_hp_per_floor":[85,85,85,85,85,85,85,85,85,85,85,85,85,85,85,85,85],"relic_stats":{"Happy Flower":[7],"counters":[7,34],"obtain_stats":[{"Happy Flower":7,"CultistMask":3,"Cracked Core":0,"TungstenRod":9},{"Happy Flower":3,"CultistMask":1,"Cracked Core":0,"TungstenRod":3},{"Happy Flower":12,"CultistMask":3,"Cracked Core":0,"TungstenRod":12}],"TungstenRod":6},"card_choices":[{"not_picked":["Streamline","Redo","Steam Power"],"picked":"SKIP","floor":1},{"not_picked":["Ball Lightning","Leap"],"picked":"Cold Snap","floor":4},{"not_picked":["Turbo","White Noise"],"picked":"Buffer","floor":7},{"not_picked":["Sweeping Beam","Go for the Eyes","Compile Driver"],"picked":"SKIP","floor":10},{"not_picked":["Cold Snap","Force Field"],"picked":"Blizzard","floor":11},{"not_picked":["Leap","Gash"],"picked":"Ball Lightning","floor":14}],"player_experience":500871,"relics_obtained":[{"floor":7,"key":"Happy Flower"},{"floor":9,"key":"TungstenRod"}],"event_choices":[{"damage_healed":28,"gold_gain":0,"player_choice":"Banana","damage_taken":0,"max_hp_gain":0,"max_hp_loss":0,"event_name":"Big Fish","floor":2,"gold_loss":0},{"damage_healed":0,"gold_gain":0,"player_choice":"Trade","damage_taken":0,"relics_obtained":["CultistMask"],"max_hp_gain":0,"max_hp_loss":0,"event_name":"FaceTrader","floor":3,"gold_loss":0},{"damage_healed":0,"gold_gain":0,"player_choice":"Left Gold","damage_taken":0,"max_hp_gain":0,"max_hp_loss":0,"event_name":"World of Goop","floor":13,"gold_loss":57}],"is_beta":false,"boss_relics":[],"items_purged_floors":[5],"is_endless":false,"potions_floor_spawned":[7,14],"killed_by":"Slime Boss","ascension_level":20}}