{"host":"y76clbnovzmw9ubx","time":1608216255,"event":{"mods":["AchievementEnabler","BaseMod","Minty Spire (QoL Compilation)","Permanent Neow","Relic Stats"],"gold_per_floor":[119,136,151,168,5,40,40,69,95,20,79,79,79],"floor_reached":12,"playtime":1319,"items_purged":["Strike_B"],"score":176,"play_id":"8567bc1a-3789-4d77-8750-c46b63311602","local_time":"20201217094415","is_ascension_mode":true,"campfire_choices":[{"floor":7,"key":"REST"}],"circlet_count":0,"master_deck":["AscendersBane","Strike_B","Strike_B","Strike_B","Defend_B","Defend_B","Defend_B","Defend_B","Zap","Dualcast","Creative AI","Loop","Cold Snap","Sunder","Undo","Go for the Eyes","BootSequence"],"relics":["Cracked Core","Lantern","Anchor","Tiny Chest","Ancient Tea Set","Pen Nib"],"acts_visited":["Exordium"],"potions_floor_usage":[6,11,12],"damage_taken":[{"damage":7,"enemies":"Jaw Worm","floor":1,"turns":5},{"damage":4,"enemies":"2 Louse","floor":2,"turns":4},{"damage":8,"enemies":"Small Slimes","floor":3,"turns":4},{"damage":22,"enemies":"Exordium Wildlife","floor":4,"turns":7},{"damage":16,"enemies":"Lagavulin","floor":6,"turns":8},{"damage":26,"enemies":"3 Sentries","floor":8,"turns":8},{"damage":0,"enemies":"3 Sentries","floor":11,"turns":5},{"damage":3,"enemies":"Lagavulin","floor":12,"turns":4}],"seed_played":"2570870198350307056","potions_obtained":[{"floor":1,"key":"CultistPotion"},{"floor":3,"key":"PowerPotion"},{"floor":8,"key":"PowerPotion"}],"is_trial":false,"path_per_floor":["M","M","M","M","$","E","R","E","T","$","?","E"],"character_chosen":"DEFECT","items_purchased":["Lantern"],"campfire_rested":1,"item_purchase_floors":[5],"current_hp_per_floor":[57,53,45,23,23,7,28,2,2,2,2,0,0],"gold":79,"neow_bonus":"ONE_RANDOM_RARE_CARD","is_daily":false,"chose_seed":false,"campfire_upgraded":0,"win_rate":0.0,"timestamp":1608216255,"path_taken":["M","M","M","M","$","E","R","E","T","$","?","E"],"items_purchased_type":["Relic"],"build_version":"2020-12-13","purchased_purges":1,"victory":false,"max_hp_per_floor":[71,71,71,71,71,71,71,71,71,71,71,71,71],"relic_stats":{"counters":[8,44],"Tiny Chest":0,"Pen Nib":[0],"obtain_stats":[{"Lantern":5,"Anchor":6,"Tiny Chest":8,"Pen Nib":11,"Cracked Core":0,"Ancient Tea Set":9},{"Lantern":4,"Anchor":5,"Tiny Chest":6,"Pen Nib":7,"Cracked Core":0,"Ancient Tea Set":6},{"Lantern":19,"Anchor":27,"Tiny Chest":35,"Pen Nib":40,"Cracked Core":0,"Ancient Tea Set":35}]},"card_choices":[{"not_picked":["Auto Shields","Blizzard"],"picked":"Loop","floor":1},{"not_picked":["BootSequence","Conserve Battery"],"picked":"Cold Snap","floor":2},{"not_picked":["Skim","Turbo"],"picked":"Sunder","floor":3},{"not_picked":["Rip and Tear","Cold Snap"],"picked":"Undo","floor":4},{"not_picked":["Streamline","Coolheaded"],"picked":"Go for the Eyes","floor":6},{"not_picked":["Streamline","White Noise","FTL"],"picked":"SKIP","floor":8},{"not_picked":["Stack","Compile Driver"],"picked":"BootSequence","floor":11}],"player_experience":2892081,"relics_obtained":[{"floor":6,"key":"Anchor"},{"floor":8,"key":"Tiny Chest"},{"floor":9,"key":"Ancient Tea Set"},{"floor":11,"key":"Pen Nib"}],"event_choices":[{"damage_healed":0,"gold_gain":0,"player_choice":"Searched \u00272\u0027 times","damage_taken":0,"max_hp_gain":0,"max_hp_loss":0,"event_name":"Dead Adventurer","floor":11,"gold_loss":0}],"is_beta":false,"boss_relics":[],"items_purged_floors":[10],"is_endless":false,"potions_floor_spawned":[1,3,8],"killed_by":"Lagavulin","ascension_level":20}}