{"host":"ss2ocoam53r2lno0","time":1608216000,"event":{"mods":["Act Like it!","BaseMod","ChefMod","Colored Powertips","Displayed Cursed Tome","Downfall","Googly Eyes","Hallownest","Highlight Path","Minty Spire (QoL Compilation)","Rare Cards Sparkle","Robot Space Explorer","Shade Mod","Shop Mod","Spicy Shops","StSLib"],"gold_per_floor":[110,110,110,2,18,45,45,80,80,80,93,93,93,93,93,193,193,205,21,37,37,49,76,76,76,76,76,101,101,135,154,154,259,259,274,189,129,143,72,102,2,12,35,35,62,78,108,128,128,225],"floor_reached":51,"playtime":5135,"items_purged":["Hallownest:curseDreamersLament","chefmod:Strike"],"score":999,"play_id":"e5cccb15-5093-4879-bd7a-9b1bedff5324","local_time":"20201217154000","is_ascension_mode":false,"campfire_choices":[{"data":"chefmod:RaidPantry","floor":7.0,"key":"SMITH"},{"data":"chefmod:TodaysSpecial","floor":10.0,"key":"SMITH"},{"data":"chefmod:QuickThaw","floor":12.0,"key":"SMITH"},{"data":"chefmod:Cleavers","floor":15.0,"key":"SMITH"},{"floor":24.0,"key":"REST"},{"data":"chefmod:Canape","floor":27.0,"key":"SMITH"},{"floor":32.0,"key":"REST"},{"data":"chefmod:DeepFreeze","floor":44,"key":"SMITH"},{"data":"Hallownest:skillKingdomsEdgeMap","floor":49,"key":"SMITH"}],"circlet_count":1,"master_deck":["chefmod:Strike","chefmod:Strike","chefmod:Strike","chefmod:Strike","chefmod:QuickThaw+1","chefmod:TodaysSpecial+1","chefmod:PotatoGratin","chefmod:Cleavers+1","chefmod:Tenderizer","chefmod:RaidPantry+1","chefmod:HotSoup","chefmod:HotSoup","Hallownest:skillSlugHide","Hallownest:skillSlugHide","Hallownest:skillSlugHide","Hallownest:skillSlugHide","Hallownest:skillSlugHide","chefmod:Canape+1","chefmod:HotSoup+1","chefmod:FreshProduce","chefmod:FarmersMarket+1","chefmod:HotSoup+1","chefmod:Ratatouille","chefmod:SearedScallops+1","chefmod:FiveAlarmChili+1","chefmod:DeepFreeze+1","chefmod:HotSoup+1","Hallownest:skillKingdomsEdgeMap+1","chefmod:QuickChop+1","chefmod:FreezeSolid","chefmod:CandyBowl","Injury","chefmod:Chop+1","chefmod:Chop+1","chefmod:FreezerBurn+1","chefmod:DimSum+1","chefmod:TwoForOne"],"relics":["chefmod:TrustyPot","NeowsBlessing","Hallownest:TeacherSealRelic","Hallownest:DreamNailRelic","chefmod:WoodenSpoon","Nunchaku","Darkstone Periapt","Circlet","Black Star","Strawberry","Guardian:PocketSentry","Potion Belt","Happy Flower","Juzu Bracelet","Pocketwatch","Orichalcum","Molten Egg 2","Cursed Key","Meat on the Bone","Bottled Lightning","Omamori","Shuriken","Oddly Smooth Stone","Singing Bowl","Regal Pillow"],"acts_visited":["Hallownest:Greenpath","Hallownest:CityofTears","Hallownest:KingdomsEdge"],"potions_floor_usage":[],"damage_taken":[{"damage":0.0,"enemies":"2_ Uuma","floor":1.0,"turns":1.0},{"damage":2.0,"enemies":"Hallownest:monsterHuskWarrior","floor":5.0,"turns":1.0},{"damage":0.0,"enemies":"Hallownest:eliteCrystalGuardian","floor":6.0,"turns":1.0},{"damage":7.0,"enemies":"Hallownest:eliteMossKnight","floor":8.0,"turns":5.0},{"damage":1.0,"enemies":"Hallownest:2_MossCreeps","floor":11.0,"turns":3.0},{"damage":48.0,"enemies":"Hallownest:BossFalseKnight","floor":16.0,"turns":7.0},{"damage":11.0,"enemies":"Hallownest:2_Mistakes","floor":18.0,"turns":4.0},{"damage":17.0,"enemies":"Hallownest:Guard_and_Sentry","floor":20.0,"turns":4.0},{"damage":26.0,"enemies":"Hallownest:2_Husk_Sentries","floor":22.0,"turns":5.0},{"damage":4.0,"enemies":"Hallownest:eliteSoulWarrior","floor":23.0,"turns":5.0},{"damage":44.0,"enemies":"Hallownest:eliteWatcherKnight","floor":28.0,"turns":13.0},{"damage":0.0,"enemies":"Hallownest:eliteSoulWarrior","floor":30.0,"turns":6.0},{"damage":1.0,"enemies":"Hallownest:monsterMisterMushroom","floor":31.0,"turns":4.0},{"damage":20.0,"enemies":"Hallownest:BossMantisLord","floor":33.0,"turns":6.0},{"damage":0.0,"enemies":"Hallownest:2_Littles","floor":35.0,"turns":3.0},{"damage":16.0,"enemies":"Hallownest:Shield_Heavy","floor":38.0,"turns":4.0},{"damage":2.0,"enemies":"Hallownest:StalkingDevout","floor":40.0,"turns":3.0},{"damage":0,"enemies":"Hallownest:2_Wandering_and_1_Horned","floor":42,"turns":2},{"damage":1,"enemies":"Hallownest:eliteCollector","floor":45,"turns":3},{"damage":0,"enemies":"Hallownest:Shield_Sturdy","floor":46,"turns":2},{"damage":0,"enemies":"Hallownest:eliteHiveKnight","floor":47,"turns":4},{"damage":0,"enemies":"Hallownest:monsterPrimalAspid","floor":48,"turns":1},{"damage":29,"enemies":"Hallownest:BossGreyPrinceZote","floor":50,"turns":6}],"seed_played":"5522493263066082474","potions_obtained":[{"floor":5.0,"key":"chefmod:AntifreezePotion"},{"floor":18.0,"key":"Slimebound:ThreeZeroPotion"},{"floor":20.0,"key":"Explosive Potion"},{"floor":22.0,"key":"hexamod:EctoCoolerPotion"},{"floor":31.0,"key":"Energy Potion"},{"floor":33.0,"key":"chefmod:AntifreezePotion"},{"floor":38.0,"key":"Ancient Potion"},{"floor":42,"key":"Explosive Potion"},{"floor":46,"key":"Ancient Potion"}],"is_trial":false,"path_per_floor":["M","?","?","$","M","E","R","E","T","R","M","R","?","?","R","B",null,"M","$","M","?","M","E","R","$","T","R","E","?","E","M","R","B",null,"M","?","?","M","$","E","$","M","T","R","E","M","E","M","R","B",null],"character_chosen":"THE_CHEF","items_purchased":["chefmod:Cleavers","Strawberry","chefmod:FreshProduce","chefmod:FreezeSolid"],"campfire_rested":2,"item_purchase_floors":[4,19,19,39],"current_hp_per_floor":[76,76,76,76,74,74,74,67,67,67,66,66,66,66,66,18,76,65,72,55,55,29,25,49,49,49,49,5,5,5,4,28,8,83,83,83,90,74,74,72,72,72,78,78,77,77,77,77,77,60],"gold":225,"neow_bonus":"THREE_ENEMY_KILL","is_daily":false,"chose_seed":false,"campfire_upgraded":7,"win_rate":0.0,"timestamp":1608216000,"path_taken":["M","?","?","$","?","E","R","E","T","R","M","R","?","?","R","BOSS","M","$","M","?","M","E","R","$","T","R","E","?","E","M","R","BOSS","M","?","?","M","?","E","$","M","T","R","E","M","E","M","R","BOSS"],"items_purchased_type":["Card","Relic","Card","Card"],"build_version":"2020-12-13","purchased_purges":2,"victory":true,"max_hp_per_floor":[76,76,76,76,76,76,76,76,76,76,76,76,76,76,76,76,76,76,83,83,83,83,83,83,83,83,83,83,83,83,83,83,83,83,83,83,90,90,90,90,90,90,96,96,96,96,96,96,96,96],"card_choices":[{"not_picked":["chefmod:CleanHouse","chefmod:ColdSteel"],"picked":"chefmod:PotatoGratin","floor":1.0},{"not_picked":["chefmod:ColdSteel","chefmod:DinoKale"],"picked":"chefmod:Tenderizer","floor":5.0},{"not_picked":["chefmod:ColdSteel","chefmod:FireUp"],"picked":"chefmod:RaidPantry","floor":6.0},{"not_picked":["chefmod:FireUp","chefmod:KnifeFlurry"],"picked":"chefmod:HotSoup","floor":8.0},{"not_picked":["chefmod:Defrost","chefmod:Chop"],"picked":"chefmod:HotSoup","floor":11.0},{"not_picked":["chefmod:CapreseSalad","chefmod:Tenderizer"],"picked":"chefmod:Canape","floor":16.0},{"not_picked":["chefmod:FireUp","chefmod:Fillet"],"picked":"chefmod:HotSoup+1","floor":18.0},{"not_picked":["chefmod:SpaghettiCarbonara","chefmod:HotSoup"],"picked":"chefmod:FarmersMarket+1","floor":20.0},{"not_picked":["chefmod:DinoKale","chefmod:CleanHouse+1"],"picked":"chefmod:HotSoup+1","floor":22.0},{"not_picked":["chefmod:SpaghettiCarbonara","chefmod:Defrost","chefmod:Flambe"],"picked":"SKIP","floor":23.0},{"not_picked":["chefmod:CayenneCloud","chefmod:Flambe"],"picked":"chefmod:Ratatouille","floor":28.0},{"not_picked":["chefmod:IcePick+1","chefmod:Julienne+1"],"picked":"chefmod:SearedScallops+1","floor":30.0},{"not_picked":["chefmod:Omelette","chefmod:Chop+1"],"picked":"chefmod:FiveAlarmChili+1","floor":31.0},{"not_picked":["chefmod:RisingDough","chefmod:CapreseSalad"],"picked":"chefmod:DeepFreeze","floor":33.0},{"not_picked":["chefmod:Fillet+1","chefmod:FryPan+1"],"picked":"chefmod:HotSoup+1","floor":35.0},{"not_picked":["chefmod:SliceAndDice+1","chefmod:SearedScallops+1"],"picked":"chefmod:QuickChop+1","floor":38.0},{"not_picked":["chefmod:CuttingBoard","chefmod:IceCreamCone","chefmod:BleedOut+1"],"picked":"SKIP","floor":40.0},{"not_picked":["chefmod:BaoBuns+1","chefmod:Puree+1"],"picked":"chefmod:CandyBowl","floor":42},{"not_picked":["chefmod:DinoKale","chefmod:Fillet+1"],"picked":"chefmod:Chop+1","floor":45},{"not_picked":["chefmod:DoubleChop+1","chefmod:GroceryDelivery"],"picked":"chefmod:Chop+1","floor":46},{"not_picked":["chefmod:TonkotsuRamen+1","chefmod:ColdSteel+1"],"picked":"chefmod:FreezerBurn+1","floor":47},{"not_picked":["chefmod:FireUp+1","chefmod:IcePick+1"],"picked":"chefmod:DimSum+1","floor":48},{"not_picked":["chefmod:CapreseSalad","chefmod:RisingDough"],"picked":"chefmod:TwoForOne","floor":50}],"player_experience":560149,"relics_obtained":[{"floor":6.0,"key":"chefmod:WoodenSpoon"},{"floor":8.0,"key":"Nunchaku"},{"floor":9.0,"key":"Darkstone Periapt"},{"floor":23.0,"key":"Guardian:PocketSentry"},{"floor":23.0,"key":"Potion Belt"},{"floor":26.0,"key":"Happy Flower"},{"floor":28.0,"key":"Juzu Bracelet"},{"floor":28.0,"key":"Pocketwatch"},{"floor":30.0,"key":"Orichalcum"},{"floor":30.0,"key":"Molten Egg 2"},{"floor":40.0,"key":"Meat on the Bone"},{"floor":40.0,"key":"Bottled Lightning"},{"floor":43,"key":"Omamori"},{"floor":45,"key":"Shuriken"},{"floor":45,"key":"Oddly Smooth Stone"},{"floor":47,"key":"Singing Bowl"},{"floor":47,"key":"Regal Pillow"}],"event_choices":[],"is_beta":false,"boss_relics":[{"not_picked":["Coffee Dripper","sneckomod:SneckoTalon"],"picked":"Black Star"},{"not_picked":["Snecko Eye","chefmod:OldKettle"],"picked":"Cursed Key"}],"items_purged_floors":[19,41],"is_endless":false,"potions_floor_spawned":[5,18,20,22,31,33,38,42,46,48],"ascension_level":0}}