{"host":"6b5fnlvh4h83exhu","time":1608198460,"event":{"mods":["BaseMod","Hermit","Jorbs\u0027s Wanderer Trilogy","Minty Spire (QoL Compilation)","Practice Mode","Replay The Spire","StSLib","slay the spire mod where everything is the same but ironclad has a cowboy hat"],"gold_per_floor":[119,131,144,194,67,67,96,96,171,171,171],"floor_reached":10,"playtime":673,"items_purged":["Strike_R"],"score":132,"play_id":"bab6e616-1a25-4b3f-bac9-dc35b0daf5d9","local_time":"20201217034740","is_ascension_mode":true,"campfire_choices":[{"data":"Zap","floor":6,"key":"SMITH"}],"circlet_count":0,"master_deck":["AscendersBane","Strike_B","Strike_B","Strike_B","Strike_B","Defend_B","Defend_B","Defend_B","Defend_B","Zap+1","Dualcast","hermit:Defend_Hermit","BasicCrystalCard","Streamline","Pot Of Greed","Pot Of Greed"],"relics":["Cracked Core","Dead Branch","Grinning Jar","Chameleon Ring"],"acts_visited":["Exordium"],"potions_floor_usage":[10],"damage_taken":[{"damage":3.0,"enemies":"2 Louse","floor":1.0,"turns":2.0},{"damage":0.0,"enemies":"Cultist","floor":2.0,"turns":3.0},{"damage":7.0,"enemies":"Jaw Worm","floor":3.0,"turns":3.0},{"damage":20,"enemies":"3 Sentries","floor":7,"turns":6},{"damage":41,"enemies":"Gremlin Nob","floor":10,"turns":3}],"seed_played":"-1475507299450538987","potions_obtained":[{"floor":7,"key":"ColorlessPotion"}],"is_trial":false,"path_per_floor":["M","M","M","?","$","R","E","?","T","E"],"character_chosen":"DEFECT","items_purchased":["Streamline"],"campfire_rested":0,"item_purchase_floors":[5],"current_hp_per_floor":[61,61,54,54,54,54,34,24,24,0,0],"gold":171,"neow_bonus":"ONE_RARE_RELIC","is_daily":false,"chose_seed":false,"campfire_upgraded":1,"win_rate":0.0,"timestamp":1608198460,"path_taken":["M","M","M","?","?","R","E","?","T","E"],"items_purchased_type":["Card"],"build_version":"2020-12-13","purchased_purges":1,"victory":false,"max_hp_per_floor":[71,71,71,71,71,71,71,71,71,71,71],"card_choices":[{"not_picked":["Rebound","Gash"],"picked":"BasicCrystalCard","floor":1.0},{"not_picked":["Hologram","Blizzard","Streamline"],"picked":"SKIP","floor":2.0},{"not_picked":["Double Energy","Consume","Beam Cell"],"picked":"SKIP","floor":3.0},{"not_picked":["Conserve Battery","Recycle","Skim"],"picked":"SKIP","floor":7}],"player_experience":205025,"relics_obtained":[{"floor":7,"key":"Grinning Jar"},{"floor":9,"key":"Chameleon Ring"}],"event_choices":[{"damage_healed":0.0,"max_hp_gain":0.0,"max_hp_loss":0.0,"gold_gain":50.0,"event_name":"Golden Shrine","player_choice":"Pray","floor":4.0,"gold_loss":0.0,"damage_taken":0.0},{"damage_healed":0,"gold_gain":0,"player_choice":"Damaged","damage_taken":10,"max_hp_gain":0,"max_hp_loss":0,"event_name":"Wheel of Change","floor":8,"gold_loss":0}],"is_beta":false,"boss_relics":[],"items_purged_floors":[5],"is_endless":false,"potions_floor_spawned":[7],"killed_by":"Gremlin Nob","ascension_level":20}}