{"host":"126yiuos2nq86se7","time":1608249211,"event":{"mods":["AchievementEnabler","Act Like it!","BaseMod","Colored Map","Colored Powertips","Friendly Minions","Highlight Path","Minty Spire (QoL Compilation)","StSLib","SuperFastMode"],"gold_per_floor":[211,211,9,9,9,9,35,49,49,49,65,65,81,99,99,201,201,218,143,143,155,172,172,183,183,183,183,202,218,218,233,233,337,337,349,62,62,62,0,0,11,11,11,24,35,35,35],"floor_reached":46,"playtime":2027,"items_purged":["Strike_R","Strike_R"],"score":422,"play_id":"dad71864-eced-4664-98f7-6e9a07425ed3","local_time":"20201218105331","is_ascension_mode":false,"campfire_choices":[{"data":"Fire Breathing","floor":6,"key":"SMITH"},{"floor":10,"key":"REST"},{"data":"Bash","floor":15,"key":"SMITH"},{"floor":23,"key":"REST"},{"floor":27,"key":"REST"},{"floor":30,"key":"REST"},{"floor":32,"key":"REST"},{"floor":40,"key":"REST"},{"floor":42,"key":"REST"}],"circlet_count":0,"master_deck":["Strike_R","Strike_R","Defend_R","Defend_R+1","Defend_R","Defend_R","Bash+1","Blood for Blood","Fire Breathing+1","Shrug It Off","Shrug It Off","Juggernaut","Armaments","Blind+1","Fire Breathing","Rupture","Fire Breathing","Shrug It Off","Inflame+1","Madness","Madness","Evolve+1","Parasite","Rupture+1"],"relics":["Burning Blood","Kunai","Toy Ornithopter","Juzu Bracelet","Fusion Hammer","Frozen Egg 2","Mark of Pain","War Paint","Red Mask","Anchor"],"acts_visited":["Exordium","TheCity","TheBeyond"],"potions_floor_usage":[7,16,33,33,33],"damage_taken":[{"damage":5,"enemies":"Jaw Worm","floor":1,"turns":5},{"damage":24,"enemies":"Gremlin Nob","floor":7,"turns":5},{"damage":10,"enemies":"Cultist","floor":8,"turns":4},{"damage":2,"enemies":"Small Slimes","floor":11,"turns":5},{"damage":4,"enemies":"Blue Slaver","floor":13,"turns":6},{"damage":17,"enemies":"Exordium Thugs","floor":14,"turns":7},{"damage":27,"enemies":"Slime Boss","floor":16,"turns":8},{"damage":6,"enemies":"Chosen","floor":18,"turns":5},{"damage":12,"enemies":"Spheric Guardian","floor":21,"turns":6},{"damage":18,"enemies":"Snake Plant","floor":22,"turns":8},{"damage":40,"enemies":"Snecko","floor":24,"turns":9},{"damage":32,"enemies":"Centurion and Healer","floor":28,"turns":8},{"damage":13,"enemies":"Snake Plant","floor":29,"turns":6},{"damage":35,"enemies":"Chosen and Byrds","floor":31,"turns":5},{"damage":27,"enemies":"Champ","floor":33,"turns":14},{"damage":24,"enemies":"Orb Walker","floor":35,"turns":5},{"damage":11,"enemies":"3 Shapes","floor":41,"turns":4},{"damage":34,"enemies":"3 Darklings","floor":44,"turns":4},{"damage":47,"enemies":"Writhing Mass","floor":45,"turns":7},{"damage":21,"enemies":"Jaw Worm Horde","floor":46,"turns":2}],"seed_played":"-1345639957202752078","potions_obtained":[{"floor":1,"key":"Weak Potion"},{"floor":13,"key":"Swift Potion"},{"floor":14,"key":"AttackPotion"},{"floor":16,"key":"Fire Potion"},{"floor":18,"key":"Weak Potion"},{"floor":21,"key":"Energy Potion"},{"floor":24,"key":"PowerPotion"},{"floor":41,"key":"EssenceOfSteel"},{"floor":44,"key":"DistilledChaos"},{"floor":45,"key":"ColorlessPotion"}],"is_trial":false,"path_per_floor":["M","?","$","$","?","R","E","M","T","R","M","$","M","M","R","B",null,"M","?","?","M","M","R","M","?","T","R","M","M","R","M","R","B",null,"M","$","?","?","?","R","M","R","T","M","M","M"],"character_chosen":"IRONCLAD","items_purchased":["Fire Breathing","Shrug It Off","Inflame+1","War Paint"],"campfire_rested":7,"item_purchase_floors":[3,3,36,36],"current_hp_per_floor":[80,80,80,80,73,73,55,51,51,75,79,79,80,69,69,53,80,80,80,80,74,62,80,46,46,46,70,44,37,61,32,56,50,80,62,62,52,52,52,76,71,80,80,52,11,0,0],"gold":35,"neow_bonus":"HUNDRED_GOLD","is_daily":false,"chose_seed":false,"campfire_upgraded":2,"win_rate":0.0,"timestamp":1608249211,"path_taken":["M","?","?","$","?","R","E","M","T","R","M","$","M","M","R","BOSS","M","?","?","M","M","R","M","?","T","R","M","M","R","M","R","BOSS","M","$","?","?","?","R","M","R","T","M","M","M"],"items_purchased_type":["Card","Card","Card","Relic"],"build_version":"2020-12-13","purchased_purges":2,"victory":false,"max_hp_per_floor":[80,80,80,80,80,80,80,80,80,80,80,80,80,80,80,80,80,80,80,80,80,80,80,80,80,80,80,80,80,80,80,80,80,80,80,80,80,80,80,80,80,80,80,80,80,80,80],"card_choices":[{"not_picked":["Rage","Havoc"],"picked":"Blood for Blood","floor":1},{"not_picked":["Iron Wave","Clothesline","Anger"],"picked":"SKIP","floor":7},{"not_picked":["Anger","Heavy Blade","Pummel"],"picked":"SKIP","floor":8},{"not_picked":["Rampage","Dual Wield","Pommel Strike"],"picked":"SKIP","floor":11},{"not_picked":["Dual Wield","Clothesline","Seeing Red"],"picked":"SKIP","floor":13},{"not_picked":["Carnage","Pommel Strike"],"picked":"Shrug It Off","floor":14},{"not_picked":["Limit Break","Berserk"],"picked":"Juggernaut","floor":16},{"not_picked":["Intimidate","Wild Strike"],"picked":"Armaments","floor":18},{"not_picked":["Heavy Blade","Iron Wave"],"picked":"Fire Breathing","floor":21},{"not_picked":["Twin Strike","Flame Barrier"],"picked":"Rupture","floor":22},{"not_picked":["Havoc","Carnage"],"picked":"Fire Breathing","floor":24},{"not_picked":["Whirlwind","Thunderclap","Anger"],"picked":"SKIP","floor":28},{"not_picked":["Thunderclap+1","Clash"],"picked":"Shrug It Off","floor":29},{"not_picked":["Pommel Strike","Anger","Perfected Strike"],"picked":"SKIP","floor":31},{"not_picked":["Pommel Strike+1","Searing Blow+1","Clothesline"],"picked":"SKIP","floor":35},{"not_picked":["Flex+1","Heavy Blade+1","Infernal Blade+1"],"picked":"SKIP","floor":41},{"not_picked":["Reckless Charge+1","Perfected Strike+1"],"picked":"Evolve+1","floor":44},{"not_picked":["Warcry+1","Body Slam"],"picked":"Rupture+1","floor":45}],"player_experience":1436058,"relics_obtained":[{"floor":7,"key":"Toy Ornithopter"},{"floor":9,"key":"Juzu Bracelet"},{"floor":26,"key":"Frozen Egg 2"},{"floor":43,"key":"Anchor"}],"event_choices":[{"damage_healed":0,"gold_gain":0,"player_choice":"Bought 0 Potions","damage_taken":0,"max_hp_gain":0,"max_hp_loss":0,"event_name":"The Woman in Blue","floor":2,"gold_loss":0},{"damage_healed":0,"gold_gain":0,"player_choice":"Success","damage_taken":7,"relics_obtained":["Kunai"],"max_hp_gain":0,"max_hp_loss":0,"event_name":"Scrap Ooze","floor":5,"gold_loss":0},{"cards_removed":["Strike_R"],"damage_healed":0,"gold_gain":0,"player_choice":"Gave Gold","damage_taken":0,"max_hp_gain":0,"max_hp_loss":0,"event_name":"Beggar","floor":19,"gold_loss":75},{"damage_healed":0,"gold_gain":0,"player_choice":"1 cards matched","damage_taken":0,"max_hp_gain":0,"max_hp_loss":0,"event_name":"Match and Keep!","floor":20,"gold_loss":0,"cards_obtained":["Blind"]},{"damage_healed":0,"gold_gain":0,"player_choice":"Ignored","damage_taken":0,"max_hp_gain":0,"max_hp_loss":0,"event_name":"N\u0027loth","floor":25,"gold_loss":0},{"damage_healed":0,"gold_gain":0,"player_choice":"Embrace Madness","damage_taken":10,"max_hp_gain":0,"max_hp_loss":0,"event_name":"Winding Halls","floor":37,"gold_loss":0,"cards_obtained":["Madness","Madness"]},{"damage_healed":0,"gold_gain":0,"player_choice":"Ignored","damage_taken":0,"max_hp_gain":0,"max_hp_loss":0,"event_name":"Mysterious Sphere","floor":38,"gold_loss":0},{"damage_healed":0,"gold_gain":0,"player_choice":"Paid","damage_taken":0,"relics_obtained":["Red Mask"],"max_hp_gain":0,"max_hp_loss":0,"event_name":"Tomb of Lord Red Mask","floor":39,"gold_loss":62}],"is_beta":false,"boss_relics":[{"not_picked":["Sozu","SlaversCollar"],"picked":"Fusion Hammer"},{"not_picked":["Tiny House","Velvet Choker"],"picked":"Mark of Pain"}],"items_purged_floors":[3,36],"is_endless":false,"potions_floor_spawned":[1,13,14,16,18,21,24,41,44,45],"killed_by":"Jaw Worm Horde","ascension_level":0}}