{"host":"jxajaf4sdikd2b60","time":1608185906,"event":{"mods":["AchievementEnabler","BaseMod","Better Match","Better Note","Better Skull","Better Third Choice","BetterRewards","Colored Powertips","Conspire","Custom Start","Downfall","Infinite Spire","Minty Spire (QoL Compilation)","Quick Restart","Random Character Button","Replay The Spire","Spicy Shops","StSLib","The Blue Laboratory"],"gold_per_floor":[99,99,99,99,99,99,99,99,99,99,8,158,158,185,209,317,317,317,332,332,358,195,195,195,195,195,195,195,32,54,54,54,54,69,173,173,173,173,193,221,221,272,272,272,272,272,272,272],"floor_reached":47,"playtime":2342,"items_purged":["hexamod:Defend"],"score":353,"play_id":"4bb705d5-578d-47e4-8033-160d6486393a","local_time":"20201217011826","is_ascension_mode":false,"campfire_choices":[{"floor":1.0,"key":"DIG"},{"data":"hexamod:DynamicBlow","floor":8.0,"key":"SMITH"},{"data":"hexamod:CatchUp","floor":10.0,"key":"SMITH"},{"floor":18.0,"key":"DIG"},{"floor":23.0,"key":"REST"},{"data":"hexamod:Sear","floor":25.0,"key":"SMITH"},{"data":"hexamod:SoulSteal","floor":27.0,"key":"SMITH"},{"floor":37,"key":"DIG"},{"data":"hexamod:GhostflameBarrier","floor":41,"key":"SMITH"}],"circlet_count":0,"master_deck":["hexamod:Strike+1","hexamod:Strike","hexamod:Defend+1","hexamod:Defend","hexamod:Defend","hexamod:Sear+1","hexamod:Float+1","hexamod:DynamicBlow+1","hexamod:Incineration+1","hexamod:CatchUp+1","hexamod:ThirdSeal","hexamod:SecondSeal","Specialist+1","hexamod:Sear+1","hexamod:SoulSteal+1","hexamod:NightmareGuise","hexamod:SixthSeal","hexamod:HauntingEcho+1","hexamod:Firestarter+1","hexamod:Firestarter","hexamod:GhostflameBarrier+1","hexamod:BurningTouch","hexamod:SoulSteal","hexamod:ParanormalForm","hexamod:HauntingEcho","Replay:SS_forest_6"],"relics":["hexamod:SpiritBrand","downfall:HeartsMalice","infinitespire:Golems Mask","WingedGreaves","ReplayTheSpireMod:Shallot","SacredBark","Pear","Gremlin Horn","Toy Ornithopter","InkBottle","conspire:SlowCooker","Incense Burner","Replay:Rubber Ducky","Strawberry"],"acts_visited":["Exordium","TheCity","TheBeyond"],"potions_floor_usage":[34,39,40,42],"damage_taken":[{"damage":0.0,"enemies":"Jaw Worm","floor":3.0,"turns":1.0},{"damage":0.0,"enemies":"downfall:FleeingMerchant","floor":4.0,"turns":1.0},{"damage":0.0,"enemies":"conspire:RoseBush","floor":6.0,"turns":1.0},{"damage":0.0,"enemies":"downfall:FleeingMerchant","floor":11.0,"turns":4.0},{"damage":0.0,"enemies":"Cultist","floor":14.0,"turns":3.0},{"damage":0.0,"enemies":"conspire:2 RoseBushes","floor":15.0,"turns":3.0},{"damage":25.0,"enemies":"downfall:Ironclad","floor":16.0,"turns":9.0},{"damage":29.0,"enemies":"3 Byrds","floor":19.0,"turns":5.0},{"damage":9.0,"enemies":"Spheric Guardian","floor":21.0,"turns":5.0},{"damage":0.0,"enemies":"downfall:FleeingMerchant","floor":22.0,"turns":4.0},{"damage":16.0,"enemies":"Centurion and Healer","floor":28.0,"turns":6.0},{"damage":0.0,"enemies":"downfall:FleeingMerchant","floor":29.0,"turns":4.0},{"damage":4.0,"enemies":"Snecko","floor":30.0,"turns":5.0},{"damage":22,"enemies":"Cultist and Chosen","floor":34,"turns":4},{"damage":0,"enemies":"downfall:Silent","floor":35,"turns":1},{"damage":13,"enemies":"3 Shapes","floor":39,"turns":3},{"damage":8,"enemies":"3 Darklings","floor":40,"turns":3},{"damage":63,"enemies":"conspire:MimicChest","floor":42,"turns":9},{"damage":0,"enemies":"Maw","floor":47,"turns":1}],"seed_played":"3530256445737381442","potions_obtained":[{"floor":14.0,"key":"Strength Potion"},{"floor":15.0,"key":"blueLaboratory:LouseDecoction"},{"floor":16.0,"key":"Energy Potion"},{"floor":26.0,"key":"blueLaboratory:HeartbeatPotion"},{"floor":39,"key":"EssenceOfSteel"},{"floor":42,"key":"champ:CounterPotion"}],"is_trial":false,"path_per_floor":["R","?","M","$","?","M","T","R","T","R","$","?","?","M","M","B",null,"R","M","?","M","$","R","T","R","?","R","M","$","M","PTL","PTL","AVR","M","B",null,"R","?","M","M","R","?","T","?","?","?","M"],"character_chosen":"THE_SPIRIT","items_purchased":["hexamod:SecondSeal","hexamod:GhostflameBarrier","Toy Ornithopter"],"campfire_rested":1,"item_purchase_floors":[11,22,29],"current_hp_per_floor":[70,70,70,70,70,70,70,70,70,70,70,70,70,70,70,45,70,80,51,51,42,42,66,66,66,66,66,50,50,46,46,46,46,29,29,80,80,80,72,69,69,11,18,18,18,18,18,18],"gold":272,"neow_bonus":"THREE_ENEMY_KILL","is_daily":false,"chose_seed":false,"campfire_upgraded":5,"win_rate":0.0,"timestamp":1608185906,"path_taken":["R","?","M","$","?","M","T","R","?","R","$","?","?","?","M","BOSS","R","M","?","?","$","R","T","R","?","R","M","$","?","PTL","PTL","AVR","M","BOSS","R","?","M","M","R","?","T","?","?","?","M"],"items_purchased_type":["Card","Card","Relic"],"build_version":"2020-12-13","purchased_purges":1,"victory":false,"max_hp_per_floor":[70,70,70,70,70,70,70,70,70,70,70,70,70,70,70,70,70,80,80,80,80,80,80,80,80,80,80,80,80,80,80,80,80,80,80,80,80,80,80,80,80,80,87,87,87,87,87,87],"card_choices":[{"not_picked":["hexamod:SecondSeal","hexamod:CatchUp"],"picked":"hexamod:DynamicBlow","floor":3.0},{"not_picked":["hexamod:GhostLash","hexamod:SpectersWail"],"picked":"hexamod:Incineration","floor":4.0},{"not_picked":["hexamod:BurningTouch","hexamod:HeatCrush"],"picked":"hexamod:CatchUp","floor":6.0},{"not_picked":["hexamod:AdvancingGuard","hexamod:Firestarter"],"picked":"hexamod:ThirdSeal","floor":11.0},{"not_picked":["hexamod:Incineration","hexamod:SwordOfDarkness","hexamod:NightmareGuise"],"picked":"SKIP","floor":14.0},{"not_picked":["hexamod:ThirdSeal","hexamod:GhostShield"],"picked":"hexamod:NightmareGuise","floor":15.0},{"not_picked":["hexamod:Rewind","hexamod:Firestarter","hexamod:InspiringFlames"],"picked":"SKIP","floor":15.0},{"not_picked":["hexamod:CrushingStance","hexamod:TimeWarp"],"picked":"hexamod:SixthSeal","floor":16.0},{"not_picked":["hexamod:AdvancingGuard+1","hexamod:GhostShield+1"],"picked":"hexamod:HauntingEcho+1","floor":19.0},{"not_picked":["hexamod:ThermalTransfer","hexamod:BacktrackSmack+1","hexamod:NightmareGuise"],"picked":"SKIP","floor":19.0},{"not_picked":["hexamod:NightmareStrike+1","hexamod:SpectersWail"],"picked":"hexamod:Firestarter+1","floor":21.0},{"not_picked":["hexamod:InspiringFlames+1","hexamod:Incineration+1","hexamod:BacktrackSmack"],"picked":"SKIP","floor":21.0},{"not_picked":["hexamod:VolcanoVisage","hexamod:ThirdSeal"],"picked":"hexamod:Firestarter","floor":22.0},{"not_picked":["hexamod:ThermalTransfer","hexamod:Again"],"picked":"hexamod:BurningTouch","floor":28.0},{"not_picked":["hexamod:Firestarter","hexamod:GhostShield+1","hexamod:GhostLash"],"picked":"SKIP","floor":28.0},{"not_picked":["hexamod:StepThrough+1","hexamod:AdvancingGuard","hexamod:InspiringFlames"],"picked":"SKIP","floor":29.0},{"not_picked":["hexamod:ThermalTransfer","hexamod:FastForward"],"picked":"hexamod:SoulSteal","floor":30.0},{"not_picked":["hexamod:SecondSeal","hexamod:HexaLevel","hexamod:Again"],"picked":"SKIP","floor":30.0},{"not_picked":["hexamod:Firestarter+1","hexamod:InspiringFlames","hexamod:ShieldOfDarkness"],"picked":"SKIP","floor":34},{"not_picked":["hexamod:TurnItUp","hexamod:TimeWarp"],"picked":"hexamod:ParanormalForm","floor":35},{"not_picked":["hexamod:InspiringFlames","hexamod:BurningTouch+1","hexamod:GhostLash+1"],"picked":"SKIP","floor":39},{"not_picked":["hexamod:BurningTouch+1","hexamod:ShieldOfDarkness+1"],"picked":"hexamod:HauntingEcho","floor":40},{"not_picked":["expansioncontent:DonusPower","expansioncontent:Flail"],"picked":"Replay:SS_forest_6","floor":45}],"player_experience":582200,"relics_obtained":[{"floor":1.0,"key":"infinitespire:Golems Mask"},{"floor":7.0,"key":"WingedGreaves"},{"floor":9.0,"key":"ReplayTheSpireMod:Shallot"},{"floor":18.0,"key":"Pear"},{"floor":24.0,"key":"Gremlin Horn"},{"floor":37,"key":"Incense Burner"},{"floor":42,"key":"Replay:Rubber Ducky"},{"floor":43,"key":"Strawberry"}],"event_choices":[{"cards_removed":["hexamod:Strike"],"damage_healed":0.0,"max_hp_gain":0.0,"max_hp_loss":0.0,"gold_gain":0.0,"event_name":"The Cleric","player_choice":"Card Removal","floor":5.0,"gold_loss":0.0,"damage_taken":0.0},{"damage_healed":0.0,"max_hp_gain":0.0,"max_hp_loss":0.0,"gold_gain":0.0,"event_name":"betterNote:BetterNote","player_choice":"Ignored","floor":20.0,"gold_loss":0.0,"damage_taken":0.0,"cards_obtained":["Gash"]},{"damage_healed":0.0,"max_hp_gain":0.0,"max_hp_loss":0.0,"gold_gain":0.0,"event_name":"Lab","player_choice":"Got Potions","floor":26.0,"gold_loss":0.0,"damage_taken":0.0},{"damage_healed":0,"gold_gain":0,"player_choice":"Leave","damage_taken":0,"max_hp_gain":0,"max_hp_loss":0,"event_name":"conspire:Investor","floor":38,"gold_loss":0},{"cards_removed":["Slimebound:Icky"],"damage_healed":0,"gold_gain":0,"player_choice":"Purged","damage_taken":0,"max_hp_gain":0,"max_hp_loss":0,"event_name":"Purifier","floor":46,"gold_loss":0}],"is_beta":false,"boss_relics":[{"not_picked":["hexamod:IceCube","conspire:SeveredTorchhead"],"picked":"SacredBark"},{"not_picked":["Replay:Wanted Poster","Astrolabe"],"picked":"conspire:SlowCooker"}],"items_purged_floors":[22],"is_endless":false,"potions_floor_spawned":[14,15,16,21,28,39,42],"killed_by":"Maw","ascension_level":0}}