{"host":"mi0eibewekhugwl1","time":1608222164,"event":{"mods":["AchievementEnabler","BaseMod","Colored Map","Colored Powertips","DeckTracker","Keyboard Shortcuts","Minty Spire (QoL Compilation)","Quick Restart","Rare Cards Sparkle","Relic Stats","StSLib","SuperFastMode","everything is the same but u backflip on backflip"],"gold_per_floor":[116,134,145,161,86,112,112,37,37,37,37,56,56,56,56,56,56],"floor_reached":16,"playtime":252,"items_purged":["Strike_B"],"score":200,"play_id":"b28d00ef-d86b-4bf9-bd6b-299f207c4e5b","local_time":"20201218012244","is_ascension_mode":true,"campfire_choices":[{"data":"Beam Cell","floor":7,"key":"SMITH"},{"floor":13,"key":"REST"},{"data":"Coolheaded","floor":15,"key":"SMITH"}],"circlet_count":0,"master_deck":["AscendersBane","Strike_B","Strike_B","Defend_B","Defend_B","Defend_B","Defend_B","Zap","Dualcast","Beam Cell+1","Beam Cell","Gash","Coolheaded+1","Go for the Eyes+1","Gash"],"relics":["Cracked Core","NeowsBlessing","Frozen Egg 2"],"acts_visited":["Exordium"],"potions_floor_usage":[6,16],"damage_taken":[{"damage":0,"enemies":"Cultist","floor":1,"turns":1},{"damage":0,"enemies":"Jaw Worm","floor":2,"turns":1},{"damage":0,"enemies":"Small Slimes","floor":3,"turns":1},{"damage":13,"enemies":"3 Louse","floor":4,"turns":4},{"damage":38,"enemies":"Lagavulin","floor":6,"turns":9},{"damage":25,"enemies":"Exordium Wildlife","floor":12,"turns":5},{"damage":33,"enemies":"Slime Boss","floor":16,"turns":8}],"seed_played":"-7147312749970451967","potions_obtained":[{"floor":2,"key":"AttackPotion"},{"floor":6,"key":"FairyPotion"},{"floor":12,"key":"Weak Potion"}],"is_trial":false,"path_per_floor":["M","M","M","M","?","E","R","$","T","?","$","M","R","?","R","B"],"character_chosen":"DEFECT","items_purchased":[],"campfire_rested":1,"item_purchase_floors":[],"current_hp_per_floor":[64,64,64,51,51,13,13,13,13,13,13,9,30,30,30,0,0],"gold":56,"neow_bonus":"THREE_ENEMY_KILL","is_daily":false,"chose_seed":false,"campfire_upgraded":2,"win_rate":0.0,"timestamp":1608222164,"path_taken":["M","?","M","M","?","E","R","$","T","?","$","M","R","?","R","BOSS"],"items_purchased_type":[],"build_version":"2020-12-13","purchased_purges":1,"victory":false,"max_hp_per_floor":[71,71,71,71,71,71,71,71,71,71,71,71,71,71,71,71,71],"relic_stats":{"counters":[7,29],"obtain_stats":[{"NeowsBlessing":0,"Frozen Egg 2":6,"Cracked Core":0},{"NeowsBlessing":0,"Frozen Egg 2":5,"Cracked Core":0},{"NeowsBlessing":0,"Frozen Egg 2":16,"Cracked Core":0}]},"card_choices":[{"not_picked":["Chaos","Darkness"],"picked":"Beam Cell","floor":1},{"not_picked":["Compile Driver","Redo"],"picked":"Beam Cell","floor":2},{"not_picked":["Streamline","Beam Cell"],"picked":"Gash","floor":3},{"not_picked":["Doom and Gloom","Ball Lightning"],"picked":"Coolheaded","floor":4},{"not_picked":["Redo","Ball Lightning"],"picked":"Go for the Eyes","floor":6},{"not_picked":["Reinforced Body","Compile Driver"],"picked":"Gash","floor":12}],"player_experience":1686416,"relics_obtained":[{"floor":6,"key":"Frozen Egg 2"}],"event_choices":[{"cards_removed":["Strike_B"],"damage_healed":0,"gold_gain":0,"player_choice":"Card Removal","damage_taken":0,"max_hp_gain":0,"max_hp_loss":0,"event_name":"The Cleric","floor":5,"gold_loss":75},{"damage_healed":0,"gold_gain":0,"player_choice":"Grow","damage_taken":0,"max_hp_gain":0,"max_hp_loss":0,"event_name":"Living Wall","floor":10,"gold_loss":0,"cards_upgraded":["Go for the Eyes"]},{"damage_healed":0,"gold_gain":0,"player_choice":"Ignored","damage_taken":0,"max_hp_gain":0,"max_hp_loss":0,"event_name":"Liars Game","floor":14,"gold_loss":0}],"is_beta":false,"boss_relics":[],"items_purged_floors":[8],"is_endless":false,"potions_floor_spawned":[2,6,12],"killed_by":"Slime Boss","ascension_level":20}}