{"host":"fvsruk02bthdqpa4","time":1608166910,"event":{"mods":["AchievementEnabler","Aspiration","BaseMod","Colored Map","Colored Powertips","Conspire","Energized Spire","Hubris","Minty Spire (QoL Compilation)","Quick Restart","Replay The Spire","Shop Mod","StSLib","SuperFastMode","The Blue Laboratory","The Runesmith"],"gold_per_floor":[116,2,18,35,52,83,83,83,83],"floor_reached":8,"playtime":406,"items_purged":["Normality"],"score":61,"play_id":"031e5518-6dd2-43b4-bade-8fd3a32d29e7","local_time":"20201216200150","is_ascension_mode":true,"campfire_choices":[{"data":"Runesmith:Grindstone","floor":7,"key":"SMITH"}],"circlet_count":0,"master_deck":["Runesmith:Strike_RS","Runesmith:Strike_RS","Runesmith:Strike_RS","Runesmith:Strike_RS","Runesmith:Defend_RS","Runesmith:Defend_RS","Runesmith:Defend_RS","Runesmith:Defend_RS","Runesmith:CraftFirestone","Runesmith:Fortify","Runesmith:DuctTape","Runesmith:FieryHammer","Runesmith:PoweredAnvil","Runesmith:Grindstone+1","Runesmith:LithiumIon"],"relics":["Runesmith:BrokenRuby","hubris:CuriousFeather"],"acts_visited":["Exordium"],"potions_floor_usage":[6,8],"damage_taken":[{"damage":0,"enemies":"Small Slimes","floor":1,"turns":3},{"damage":3,"enemies":"Cultist","floor":3,"turns":5},{"damage":4,"enemies":"Jaw Worm","floor":4,"turns":4},{"damage":5,"enemies":"2 Fungi Beasts","floor":5,"turns":5},{"damage":33,"enemies":"Gremlin Nob","floor":6,"turns":5},{"damage":26,"enemies":"3 Sentries","floor":8,"turns":5}],"seed_played":"4737309772975251630","potions_obtained":[{"floor":1,"key":"Energy Potion"},{"floor":6,"key":"Doom Potion"}],"is_trial":false,"path_per_floor":["M","$","M","M","M","E","R","E"],"character_chosen":"RUNESMITH_CLASS","items_purchased":["Runesmith:PoweredAnvil"],"campfire_rested":0,"item_purchase_floors":[2],"current_hp_per_floor":[70,70,67,63,58,25,25,0,0],"gold":83,"neow_bonus":"THREE_RARE_CARDS","is_daily":false,"chose_seed":false,"campfire_upgraded":1,"win_rate":0.0,"timestamp":1608166910,"path_taken":["M","$","M","M","M","E","R","E"],"items_purchased_type":["Card"],"build_version":"2020-12-13","purchased_purges":1,"victory":false,"max_hp_per_floor":[70,70,70,70,70,70,70,70,70],"card_choices":[{"not_picked":["Runesmith:GenerateForcefield","Runesmith:Supernova"],"picked":"Runesmith:DuctTape","floor":0},{"not_picked":["Runesmith:HammerThrow","Runesmith:ChiselStab"],"picked":"Runesmith:FieryHammer","floor":1},{"not_picked":["Runesmith:CraftProtectio","Runesmith:EnergizedChisel","Runesmith:Accelerate"],"picked":"SKIP","floor":3},{"not_picked":["Runesmith:FieryHammer","Runesmith:CraftSpiculum"],"picked":"Runesmith:Grindstone","floor":4},{"not_picked":["Runesmith:MakeshiftArmor","Runesmith:Grindstone"],"picked":"Runesmith:LithiumIon","floor":5},{"not_picked":["Runesmith:ShiftingStrike","Runesmith:CraftObretio","Runesmith:HammerAndChisel"],"picked":"SKIP","floor":6}],"player_experience":384197,"relics_obtained":[{"floor":6,"key":"hubris:CuriousFeather"}],"event_choices":[],"is_beta":false,"boss_relics":[],"items_purged_floors":[2],"is_endless":false,"potions_floor_spawned":[1,6],"killed_by":"3 Sentries","ascension_level":1}}