{"host":"by3dnjj711vo194a","time":1608197718,"event":{"mods":["2.2 Compatiblity","AchievementEnabler","BaseMod","Colored Map","DeckTracker","KOR Keyword Fix","Keyboard Shortcuts","Minty Spire (QoL Compilation)","Permanent Neow","Quick Restart","StSLib","SuperFastMode","everything is the same but u backflip on backflip"],"gold_per_floor":[110,60,30,46,221,251,251,276,325,325,325],"floor_reached":10,"playtime":275,"items_purged":[],"score":93,"play_id":"a58dcba5-3798-4072-8f69-47ff81a06f60","local_time":"20201217183518","is_ascension_mode":true,"campfire_choices":[{"data":"Bash","floor":7.0,"key":"SMITH"}],"circlet_count":0,"master_deck":["Strike_R","Strike_R","Strike_R","Strike_R","Defend_R","Defend_R","Defend_R","Defend_R","Bash+1","Wild Strike","Doubt","Twin Strike"],"relics":["Burning Blood","Pen Nib","Regal Pillow","MealTicket","Oddly Smooth Stone"],"acts_visited":["Exordium"],"potions_floor_usage":[8,8],"damage_taken":[{"damage":9.0,"enemies":"Jaw Worm","floor":1.0,"turns":3.0},{"damage":11.0,"enemies":"Small Slimes","floor":4.0,"turns":4.0},{"damage":39.0,"enemies":"Gremlin Nob","floor":6.0,"turns":5.0},{"damage":20,"enemies":"Lagavulin","floor":8,"turns":4},{"damage":22,"enemies":"3 Sentries","floor":10,"turns":4}],"seed_played":"-602211565548946170","potions_obtained":[{"floor":3.0,"key":"Fruit Juice"},{"floor":3.0,"key":"SteroidPotion"},{"floor":8,"key":"FearPotion"}],"is_trial":false,"path_per_floor":["M","?","?","M","?","E","R","E","T","E"],"character_chosen":"IRONCLAD","items_purchased":[],"campfire_rested":0,"item_purchase_floors":[],"current_hp_per_floor":[77,77,77,72,72,39,39,30,30,8,8],"gold":325,"neow_bonus":"RANDOM_COMMON_RELIC","is_daily":false,"chose_seed":false,"campfire_upgraded":1,"win_rate":0.0,"timestamp":1608197718,"path_taken":["M","?","?","?","?","E","R","E","T","E"],"items_purchased_type":[],"build_version":"2020-12-13","purchased_purges":0,"victory":false,"max_hp_per_floor":[80,80,80,80,80,80,80,85,85,85,85],"card_choices":[{"not_picked":["Flex","Clothesline"],"picked":"Wild Strike","floor":1.0},{"not_picked":["Rampage","Clothesline","Hemokinesis"],"picked":"SKIP","floor":4.0},{"not_picked":["Thunderclap","Metallicize"],"picked":"Twin Strike","floor":6.0},{"not_picked":["Fiend Fire","Clothesline","Clash"],"picked":"SKIP","floor":8}],"player_experience":138779,"relics_obtained":[{"floor":6.0,"key":"Regal Pillow"},{"floor":8,"key":"MealTicket"},{"floor":9,"key":"Oddly Smooth Stone"}],"event_choices":[{"cards_removed":["Strike_R"],"damage_healed":0.0,"max_hp_gain":0.0,"max_hp_loss":0.0,"gold_gain":0.0,"event_name":"The Cleric","player_choice":"Card Removal","floor":2.0,"gold_loss":50.0,"damage_taken":0.0},{"damage_healed":0.0,"max_hp_gain":0.0,"max_hp_loss":0.0,"gold_gain":0.0,"event_name":"The Woman in Blue","player_choice":"Bought 2 Potions","floor":3.0,"gold_loss":0.0,"damage_taken":0.0},{"damage_healed":0.0,"max_hp_gain":0.0,"max_hp_loss":0.0,"gold_gain":175.0,"event_name":"Liars Game","player_choice":"AGREE","floor":5.0,"gold_loss":0.0,"damage_taken":0.0,"cards_obtained":["Doubt"]}],"is_beta":false,"boss_relics":[],"items_purged_floors":[],"is_endless":false,"potions_floor_spawned":[8],"killed_by":"3 Sentries","ascension_level":5}}