{"host":"3jpwrwmmgyabjceh","time":1608225067,"event":{"mods":["AchievementEnabler","BaseMod","Colored Map","Colored Powertips","Highlight Path","Minty Spire (QoL Compilation)","StSLib"],"gold_per_floor":[118,118,118,118,137,137,35,61,84,98,130,146,158,158,158,259,259,270,287,302,322,322,322,339,339,339,1,101,111,130,143,143,245,245,261,274,329,344,359,359,373,373,373,408,408,421,196,212,212,212,212,212,16,44,44],"floor_reached":56,"playtime":2794,"items_purged":["Strike_G"],"score":1416,"play_id":"76137b2c-9d9e-49fe-a6e8-655fe2929069","local_time":"20201217201107","is_ascension_mode":true,"campfire_choices":[{"data":"Terror","floor":6,"key":"SMITH"},{"floor":15,"key":"REST"},{"floor":23,"key":"REST"},{"floor":32,"key":"REST"},{"floor":40,"key":"REST"},{"floor":42,"key":"REST"},{"floor":45,"key":"REST"},{"floor":49,"key":"RECALL"},{"data":"Footwork","floor":52,"key":"SMITH"}],"circlet_count":0,"master_deck":["Strike_G+1","Defend_G","Defend_G","Defend_G","Defend_G","Defend_G","Survivor","Neutralize","Poisoned Stab","Backstab","Terror+1","Infinite Blades","Backflip","Finisher+1","Blade Dance","Deflect","Footwork+1","Infinite Blades","Envenom","Accuracy","Cloak And Dagger+1","Outmaneuver","Backflip","Sadistic Nature","After Image","PiercingWail+1","Blade Dance+1","Cloak And Dagger+1","Corpse Explosion","Envenom+1","Underhanded Strike+1","Storm of Steel+1","Noxious Fumes","After Image","Dodge and Roll+1","Dodge and Roll+1","Finisher+1","Infinite Blades+1","Concentrate+1"],"relics":["Ring of the Snake","NeowsBlessing","Mummified Hand","Bronze Scales","Whetstone","Gremlin Horn","Art of War","WristBlade","Molten Egg 2","Torii","InkBottle","Astrolabe","Lizard Tail","Bottled Flame","Tough Bandages","Lee\u0027s Waffle","Vajra","Paper Crane"],"acts_visited":["Exordium","TheCity","TheBeyond","TheEnding"],"potions_floor_usage":[11,13,16,18,24,28,33,35,39,48,50,54,54,55],"damage_taken":[{"damage":0,"enemies":"Cultist","floor":1,"turns":1},{"damage":0,"enemies":"Jaw Worm","floor":5,"turns":1},{"damage":0,"enemies":"3 Sentries","floor":8,"turns":1},{"damage":0,"enemies":"Small Slimes","floor":10,"turns":1},{"damage":15,"enemies":"Lagavulin","floor":11,"turns":3},{"damage":4,"enemies":"Exordium Thugs","floor":12,"turns":4},{"damage":0,"enemies":"Looter","floor":13,"turns":1},{"damage":25,"enemies":"The Guardian","floor":16,"turns":6},{"damage":10,"enemies":"2 Thieves","floor":18,"turns":3},{"damage":2,"enemies":"Shell Parasite","floor":19,"turns":3},{"damage":11,"enemies":"Centurion and Healer","floor":20,"turns":4},{"damage":10,"enemies":"Sentry and Sphere","floor":21,"turns":4},{"damage":0,"enemies":"Snake Plant","floor":24,"turns":2},{"damage":13,"enemies":"Colosseum Slavers","floor":28,"turns":3},{"damage":26,"enemies":"Colosseum Nobs","floor":28,"turns":4},{"damage":1,"enemies":"Centurion and Healer","floor":29,"turns":3},{"damage":0,"enemies":"Snecko","floor":30,"turns":3},{"damage":0,"enemies":"Cultist and Chosen","floor":31,"turns":3},{"damage":0,"enemies":"Champ","floor":33,"turns":3},{"damage":0,"enemies":"3 Darklings","floor":35,"turns":2},{"damage":0,"enemies":"3 Shapes","floor":36,"turns":4},{"damage":30,"enemies":"2 Orb Walkers","floor":37,"turns":3},{"damage":21,"enemies":"Maw","floor":38,"turns":5},{"damage":0,"enemies":"Spire Growth","floor":39,"turns":3},{"damage":27,"enemies":"Transient","floor":41,"turns":5},{"damage":0,"enemies":"Reptomancer","floor":44,"turns":4},{"damage":0,"enemies":"3 Darklings","floor":46,"turns":4},{"damage":0,"enemies":"Maw","floor":48,"turns":2},{"damage":46,"enemies":"Time Eater","floor":50,"turns":8},{"damage":56,"enemies":"Shield and Spear","floor":54,"turns":4},{"damage":76,"enemies":"The Heart","floor":55,"turns":7}],"seed_played":"-8704957110554652361","potions_obtained":[{"floor":8,"key":"Energy Potion"},{"floor":10,"key":"PowerPotion"},{"floor":11,"key":"Fire Potion"},{"floor":12,"key":"PowerPotion"},{"floor":20,"key":"PowerPotion"},{"floor":21,"key":"Poison Potion"},{"floor":29,"key":"GamblersBrew"},{"floor":31,"key":"CunningPotion"},{"floor":33,"key":"Swift Potion"},{"floor":35,"key":"Weak Potion"},{"floor":36,"key":"FearPotion"},{"floor":41,"key":"BlessingOfTheForge"},{"floor":44,"key":"LiquidMemories"},{"floor":54,"key":"Block Potion"}],"is_trial":false,"path_per_floor":["M","?","?","?","M","R","$","E","T","M","E","M","M","?","R","B",null,"M","M","M","M","T","R","M","?","T","$","?","M","M","M","R","B",null,"M","M","?","M","M","R","M","R","T","E","R","M","$","M","R","B",null,"R","$","E","B",null],"character_chosen":"THE_SILENT","items_purchased":["Infinite Blades","Backflip","Sadistic Nature","After Image","Lee\u0027s Waffle","Vajra","Poison Potion"],"campfire_rested":6,"item_purchase_floors":[7,7,27,27,47,53,53],"current_hp_per_floor":[70,52,52,52,52,52,52,52,52,52,37,33,33,33,54,29,70,60,58,47,37,37,58,58,58,58,58,19,18,18,18,39,39,70,70,70,40,19,19,40,13,34,34,34,55,55,77,77,77,31,77,77,77,21,13],"gold":44,"neow_bonus":"THREE_ENEMY_KILL","is_daily":false,"chose_seed":false,"campfire_upgraded":2,"win_rate":0.0,"timestamp":1608225067,"path_taken":["M","?","?","?","M","R","$","E","T","?","E","M","M","?","R","BOSS","M","M","M","M","?","R","M","?","T","$","?","M","M","M","R","BOSS","M","M","?","M","M","R","M","R","T","E","R","M","$","M","R","BOSS","R","$","E","BOSS"],"items_purchased_type":["Card","Card","Card","Card","Relic","Relic","Potion"],"build_version":"2020-12-13","purchased_purges":1,"victory":true,"max_hp_per_floor":[70,70,70,70,70,70,70,70,70,70,70,70,70,70,70,70,70,70,70,70,70,70,70,70,70,70,70,70,70,70,70,70,70,70,70,70,70,70,70,70,70,70,70,70,70,70,77,77,77,77,77,77,77,77,77],"card_choices":[{"not_picked":["Sucker Punch","Distraction"],"picked":"Poisoned Stab","floor":1},{"not_picked":["Blade Dance","Prepared"],"picked":"Terror","floor":5},{"not_picked":["Eviscerate","Deadly Poison"],"picked":"Finisher","floor":8},{"not_picked":["Dagger Spray","Masterful Stab"],"picked":"Blade Dance","floor":10},{"not_picked":["Quick Slash","Riddle With Holes"],"picked":"Deflect","floor":11},{"not_picked":["Dodge and Roll","Deadly Poison"],"picked":"Footwork","floor":12},{"not_picked":["Dagger Spray","Poisoned Stab"],"picked":"Infinite Blades","floor":13},{"not_picked":["Storm of Steel","Venomology"],"picked":"Envenom","floor":16},{"not_picked":["Cloak And Dagger","Deflect+1"],"picked":"Accuracy","floor":18},{"not_picked":["Slice","Predator"],"picked":"Cloak And Dagger+1","floor":19},{"not_picked":["Poisoned Stab","Prepared","Masterful Stab+1"],"picked":"SKIP","floor":20},{"not_picked":["Quick Slash","Bane"],"picked":"Outmaneuver","floor":21},{"not_picked":["Calculated Gamble+1","Distraction"],"picked":"Backflip","floor":24},{"not_picked":["Cloak And Dagger","Dagger Throw+1"],"picked":"PiercingWail+1","floor":28},{"not_picked":["Poisoned Stab+1","PiercingWail+1"],"picked":"Blade Dance+1","floor":29},{"not_picked":["Dodge and Roll","Die Die Die+1"],"picked":"Cloak And Dagger+1","floor":30},{"not_picked":["Acrobatics","Setup","Dash+1"],"picked":"SKIP","floor":31},{"not_picked":["Bullet Time","Malaise"],"picked":"Corpse Explosion","floor":33},{"not_picked":["Acrobatics+1","PiercingWail+1"],"picked":"Noxious Fumes","floor":35},{"not_picked":["Outmaneuver","Masterful Stab+1"],"picked":"After Image","floor":36},{"not_picked":["Sucker Punch+1","Bane+1"],"picked":"Dodge and Roll+1","floor":37},{"not_picked":["Poisoned Stab+1","Deadly Poison"],"picked":"Dodge and Roll+1","floor":38},{"not_picked":["Endless Agony+1","Prepared"],"picked":"Finisher+1","floor":39},{"not_picked":["Acrobatics+1","Flying Knee+1"],"picked":"Infinite Blades+1","floor":41},{"not_picked":["Sucker Punch+1","Deadly Poison+1","Quick Slash+1"],"picked":"SKIP","floor":44},{"not_picked":["Outmaneuver+1","Choke+1","Prepared+1"],"picked":"SKIP","floor":46},{"not_picked":["Malaise","Poisoned Stab+1"],"picked":"Concentrate+1","floor":48},{"not_picked":["Calculated Gamble","Underhanded Strike+1","Cloak And Dagger"],"picked":"SKIP","floor":54}],"player_experience":210697,"relics_obtained":[{"floor":8,"key":"Bronze Scales"},{"floor":9,"key":"Whetstone"},{"floor":11,"key":"Gremlin Horn"},{"floor":14,"key":"Art of War"},{"floor":22,"key":"Molten Egg 2"},{"floor":28,"key":"Torii"},{"floor":28,"key":"InkBottle"},{"floor":37,"key":"Lizard Tail"},{"floor":43,"key":"Bottled Flame"},{"floor":44,"key":"Tough Bandages"},{"floor":54,"key":"Paper Crane"}],"event_choices":[{"damage_healed":0,"gold_gain":0,"player_choice":"Success","damage_taken":18,"relics_obtained":["Mummified Hand"],"max_hp_gain":0,"max_hp_loss":0,"event_name":"Scrap Ooze","floor":2,"gold_loss":0},{"damage_healed":0,"gold_gain":0,"player_choice":"Ignored","damage_taken":0,"max_hp_gain":0,"max_hp_loss":0,"event_name":"Shining Light","floor":3,"gold_loss":0},{"damage_healed":0,"gold_gain":0,"player_choice":"1 cards matched","damage_taken":0,"max_hp_gain":0,"max_hp_loss":0,"event_name":"Match and Keep!","floor":4,"gold_loss":0,"cards_obtained":["Backstab"]},{"damage_healed":0,"gold_gain":0,"player_choice":"Relic","damage_taken":0,"max_hp_gain":0,"max_hp_loss":0,"event_name":"Wheel of Change","floor":14,"gold_loss":0},{"damage_healed":0,"gold_gain":0,"player_choice":"Ignored","damage_taken":0,"max_hp_gain":0,"max_hp_loss":0,"event_name":"Vampires","floor":25,"gold_loss":0},{"damage_healed":0,"gold_gain":0,"player_choice":"Fight","damage_taken":0,"max_hp_gain":0,"max_hp_loss":0,"event_name":"Colosseum","floor":28,"gold_loss":0},{"damage_healed":0,"gold_gain":0,"player_choice":"Fought Nobs","damage_taken":0,"max_hp_gain":0,"max_hp_loss":0,"event_name":"Colosseum","floor":28,"gold_loss":0},{"damage_healed":0,"gold_gain":0,"player_choice":"Fight","damage_taken":0,"max_hp_gain":0,"max_hp_loss":0,"event_name":"Mysterious Sphere","floor":37,"gold_loss":0}],"is_beta":false,"boss_relics":[{"not_picked":["Velvet Choker","Busted Crown"],"picked":"WristBlade"},{"not_picked":["Ring of the Serpent","SlaversCollar"],"picked":"Astrolabe"}],"items_purged_floors":[47],"is_endless":false,"potions_floor_spawned":[8,10,11,12,20,21,28,29,31,33,35,36,38,41,44,54],"ascension_level":3}}