{"host":"wg33yb1rgt3nbe17","time":1608201032,"event":{"mods":["AchievementEnabler","BaseMod","Block Reminder","Colored Map","Highlight Path","Minty Spire (QoL Compilation)","Permanent Neow","StSLib"],"gold_per_floor":[112,112,125,139,139,139,164,89,89,89,101,119,119,135,135,214,214,214,164,5,5,5,5,5,5,5,5,5,5,5,5,5,5,5,5,5,5,5,5,5,5,5,5,5,5,5,5,5,5,5,5],"floor_reached":50,"playtime":1635,"items_purged":["Defend_R","Strike_R"],"score":1069,"play_id":"97d75ef0-a21c-4f39-ba7c-98551db4493f","local_time":"20201217053032","is_ascension_mode":true,"campfire_choices":[{"data":"Bash","floor":6,"key":"SMITH"},{"floor":10,"key":"REST"},{"floor":15,"key":"REST"},{"data":"Shrug It Off","floor":23,"key":"SMITH"},{"floor":32,"key":"REST"},{"floor":40,"key":"REST"},{"data":"Uppercut","floor":45,"key":"SMITH"},{"data":"Fiend Fire","floor":47,"key":"SMITH"},{"floor":49,"key":"REST"}],"circlet_count":0,"master_deck":["AscendersBane","Strike_R","Strike_R","Strike_R+1","Strike_R","Defend_R","Defend_R","Bash+1","Wild Strike","Pommel Strike","Carnage","Barricade+1","Corruption","Warcry+1","Shrug It Off+1","Shrug It Off","True Grit+1","Uppercut","True Grit+1","Offering","Perfected Strike+1","Dropkick","Double Tap","Wild Strike+1","Uppercut+1","Clothesline","Exhume","Immolate","Fiend Fire+1","Heavy Blade"],"relics":["Snecko Eye","Charon\u0027s Ashes","Mercury Hourglass","Ectoplasm","Anchor","White Beast Statue","Nloth\u0027s Gift","Peace Pipe","SlaversCollar","Bird Faced Urn","Smiling Mask","Shuriken"],"acts_visited":["Exordium","TheCity","TheBeyond"],"potions_floor_usage":[7,16,16,24,24,30,31,33,33,38,41,46,50,50],"damage_taken":[{"damage":2,"enemies":"Jaw Worm","floor":1,"turns":3},{"damage":0,"enemies":"Cultist","floor":3,"turns":2},{"damage":15,"enemies":"Small Slimes","floor":4,"turns":4},{"damage":24,"enemies":"Lagavulin","floor":7,"turns":5},{"damage":11,"enemies":"Looter","floor":11,"turns":2},{"damage":21,"enemies":"Exordium Thugs","floor":12,"turns":3},{"damage":0,"enemies":"Large Slime","floor":14,"turns":3},{"damage":46,"enemies":"Hexaghost","floor":16,"turns":6},{"damage":12,"enemies":"Chosen","floor":18,"turns":3},{"damage":1,"enemies":"Spheric Guardian","floor":21,"turns":3},{"damage":12,"enemies":"Slavers","floor":24,"turns":3},{"damage":0,"enemies":"Shelled Parasite and Fungi","floor":25,"turns":3},{"damage":0,"enemies":"Chosen and Byrds","floor":27,"turns":3},{"damage":0,"enemies":"Gremlin Leader","floor":29,"turns":4},{"damage":6,"enemies":"3 Cultists","floor":30,"turns":3},{"damage":6,"enemies":"Cultist and Chosen","floor":31,"turns":4},{"damage":45,"enemies":"Champ","floor":33,"turns":7},{"damage":0,"enemies":"3 Shapes","floor":35,"turns":2},{"damage":6,"enemies":"Orb Walker","floor":36,"turns":2},{"damage":6,"enemies":"Transient","floor":37,"turns":5},{"damage":19,"enemies":"Sphere and 2 Shapes","floor":38,"turns":4},{"damage":6,"enemies":"Giant Head","floor":41,"turns":5},{"damage":16,"enemies":"Nemesis","floor":46,"turns":5},{"damage":34,"enemies":"Jaw Worm Horde","floor":48,"turns":3},{"damage":75,"enemies":"Awakened One","floor":50,"turns":6}],"seed_played":"3838296124135079269","potions_obtained":[{"floor":3,"key":"BlessingOfTheForge"},{"floor":11,"key":"Regen Potion"},{"floor":12,"key":"GamblersBrew"},{"floor":16,"key":"ColorlessPotion"},{"floor":21,"key":"LiquidBronze"},{"floor":25,"key":"GamblersBrew"},{"floor":27,"key":"AttackPotion"},{"floor":30,"key":"GamblersBrew"},{"floor":31,"key":"SkillPotion"},{"floor":33,"key":"Fire Potion"},{"floor":35,"key":"AttackPotion"},{"floor":37,"key":"BloodPotion"},{"floor":38,"key":"Energy Potion"},{"floor":41,"key":"EssenceOfSteel"},{"floor":46,"key":"Weak Potion"},{"floor":48,"key":"LiquidMemories"}],"is_trial":false,"path_per_floor":["M","?","M","M","T","R","E","$","T","R","M","M","?","M","R","B",null,"M","?","$","M","$","R","E","M","T","M","?","E","M","M","R","B",null,"M","M","M","M","$","R","E","?","T","$","R","E","R","M","R","B"],"character_chosen":"IRONCLAD","items_purchased":["Shrug It Off"],"campfire_rested":5,"item_purchase_floors":[20],"current_hp_per_floor":[66,59,59,44,44,44,20,20,20,42,31,10,35,35,57,25,63,51,51,51,50,50,50,38,38,38,38,38,38,32,26,48,3,57,57,51,45,41,41,63,57,57,57,57,57,45,45,13,35,0,0],"gold":5,"neow_bonus":"BOSS_RELIC","is_daily":false,"chose_seed":false,"campfire_upgraded":4,"win_rate":0.0,"timestamp":1608201032,"path_taken":["M","?","M","M","?","R","E","$","T","R","M","?","?","M","R","BOSS","M","?","$","M","?","R","E","M","T","?","?","E","M","?","R","BOSS","M","M","M","?","$","R","E","?","T","$","R","E","R","M","R","BOSS"],"items_purchased_type":["Card"],"build_version":"2020-12-13","purchased_purges":2,"victory":false,"max_hp_per_floor":[75,75,75,75,75,75,75,75,75,75,75,75,75,75,75,75,75,75,75,75,75,75,75,75,75,75,75,75,75,75,75,75,75,75,75,75,75,75,75,75,75,75,75,75,75,75,75,75,75,75,75],"card_choices":[{"not_picked":["Havoc","Intimidate","Anger"],"picked":"SKIP","floor":1},{"not_picked":["Havoc","Sentinel","Anger"],"picked":"SKIP","floor":3},{"not_picked":["Sentinel","Headbutt"],"picked":"Wild Strike","floor":4},{"not_picked":["Warcry","Inflame"],"picked":"Pommel Strike","floor":7},{"not_picked":["True Grit","Reckless Charge","Cleave"],"picked":"SKIP","floor":11},{"not_picked":["Intimidate","Havoc"],"picked":"Carnage","floor":12},{"not_picked":["Reckless Charge","Dark Embrace"],"picked":"Barricade","floor":14},{"not_picked":["Fiend Fire","Offering"],"picked":"Corruption","floor":16},{"not_picked":["Iron Wave","Flex"],"picked":"Warcry+1","floor":18},{"not_picked":["Thunderclap","Clothesline+1"],"picked":"Shrug It Off","floor":21},{"not_picked":["Rampage","Cleave"],"picked":"True Grit+1","floor":24},{"not_picked":["Twin Strike+1","Combust"],"picked":"Uppercut","floor":25},{"not_picked":["Metallicize","Bloodletting"],"picked":"True Grit+1","floor":27},{"not_picked":["Reaper","Inflame"],"picked":"Offering","floor":29},{"not_picked":["Wild Strike","Flex"],"picked":"Perfected Strike+1","floor":30},{"not_picked":["Rage","Metallicize+1"],"picked":"Dropkick","floor":31},{"not_picked":["Corruption","Brutality"],"picked":"Double Tap","floor":33},{"not_picked":["Anger","Body Slam"],"picked":"Wild Strike+1","floor":35},{"not_picked":["Dropkick","Iron Wave"],"picked":"Uppercut","floor":36},{"not_picked":["Infernal Blade","Thunderclap"],"picked":"Clothesline","floor":37},{"not_picked":["Sword Boomerang","Carnage"],"picked":"Exhume","floor":38},{"not_picked":["Warcry+1","Feed"],"picked":"Immolate","floor":41},{"not_picked":["Impervious","Offering"],"picked":"Fiend Fire","floor":46},{"not_picked":["Flex","Dual Wield"],"picked":"Heavy Blade","floor":48}],"player_experience":510543,"relics_obtained":[{"floor":5,"key":"Charon\u0027s Ashes"},{"floor":7,"key":"Bronze Scales"},{"floor":9,"key":"Mercury Hourglass"},{"floor":24,"key":"Anchor"},{"floor":26,"key":"White Beast Statue"},{"floor":29,"key":"Peace Pipe"},{"floor":41,"key":"Bird Faced Urn"},{"floor":43,"key":"Smiling Mask"},{"floor":46,"key":"Shuriken"}],"event_choices":[{"cards_removed":["Defend_R"],"damage_healed":0,"gold_gain":0,"player_choice":"Card Removal","damage_taken":7,"max_hp_gain":0,"max_hp_loss":0,"event_name":"Golden Wing","floor":2,"gold_loss":0},{"damage_healed":25,"gold_gain":0,"player_choice":"Banana","damage_taken":0,"max_hp_gain":0,"max_hp_loss":0,"event_name":"Big Fish","floor":13,"gold_loss":0},{"damage_healed":0,"gold_gain":0,"player_choice":"Upgraded Two","damage_taken":0,"max_hp_gain":0,"max_hp_loss":0,"event_name":"Designer","floor":19,"gold_loss":50,"cards_upgraded":["Strike_R","Barricade"]},{"damage_healed":0,"gold_gain":0,"player_choice":"Traded Relic","damage_taken":0,"relics_obtained":["Nloth\u0027s Gift"],"max_hp_gain":0,"max_hp_loss":0,"event_name":"N\u0027loth","floor":28,"relics_lost":["Bronze Scales"],"gold_loss":0},{"damage_healed":0,"gold_gain":0,"player_choice":"0 cards matched","damage_taken":0,"max_hp_gain":0,"max_hp_loss":0,"event_name":"Match and Keep!","floor":42,"gold_loss":0,"cards_obtained":[]}],"is_beta":false,"boss_relics":[{"not_picked":["Philosopher\u0027s Stone","Velvet Choker"],"picked":"Ectoplasm"},{"not_picked":["Runic Dome","Empty Cage"],"picked":"SlaversCollar"}],"items_purged_floors":[8,20],"is_endless":false,"potions_floor_spawned":[3,11,12,16,21,25,27,29,30,31,33,35,36,37,38,41,46,48],"killed_by":"Awakened One","ascension_level":16}}