{"host":"i41n6wh529970c2c","time":1608243913,"event":{"mods":["Act Like it!","BaseMod","BetterRewards","Friendly Minions","Gold Saver","Hermit","Minty Spire (QoL Compilation)","Replay The Spire","Shop Mod","StSLib"],"gold_per_floor":[977,977,996,996,996,1021,1021,1056,1056,1056,1081,1100,1113,1126,1126,1225,1225,1237,1269,644,663,681,715,715,742,742,742,742,742,754,784,784,880,880,896,910,910,1010,1010,1044,1056,1095,1157,1169,492,522,534,564,564,564],"floor_reached":51,"playtime":2127,"items_purged":["Pain","Strike_R"],"score":1954,"play_id":"f206b293-c703-46d3-b7eb-046aa1fd089f","local_time":"20201217172513","is_ascension_mode":true,"campfire_choices":[{"floor":7.0,"key":"REST"},{"data":"Fiend Fire","floor":15.0,"key":"SMITH"},{"data":"Demonic Infusion","floor":28.0,"key":"SMITH"},{"data":"Limit Break","floor":32,"key":"SMITH"},{"data":"Barricade","floor":41,"key":"SMITH"},{"data":"Regret","floor":44,"key":"PURGE"},{"floor":49,"key":"DIG"}],"circlet_count":0,"master_deck":["AscendersBane","Strike_R","Strike_R","Strike_R","Strike_R","Defend_R","Defend_R","Defend_R","Bash","Replay:Undeath\u0027s Touch","Body Slam","Pommel Strike","Demon Form+1","Uppercut","Impervious","Fiend Fire+1","Flame Barrier","Impervious","Burning Pact","ReplayReversal","Limit Break","ReplayTheSpireMod:Splinters","Immolate","Immolate","Limit Break+1","Rupture","Flex","Demonic Infusion+1","Heavy Blade","Inflame","Barricade+1","ReplayTheSpireMod:Brewmster","Inflame"],"relics":["Burning Blood","Replay:Wanted Poster","Replay:PocketPolymizer","Strange Spoon","WarpedTongs","StrikeDummy","Potion Belt","Gremlin Food","Smiling Mask","Ornamental Fan","ChewingGum","ReplayTheSpireMod:Lightbulb","Orrery","Divine Protection","Regal Pillow","CaptainsWheel","Onion Ring","Busted Crown","MawBank","Peace Pipe","Pet Ghost","Shuriken","TheAbacus","Pondfish Scales","Replay:Bottled Snecko","Replay:Rubber Ducky"],"acts_visited":["Exordium","TheCity","TheBeyond"],"potions_floor_usage":[33,39,40,40,42,46,47,47,48,50,50,50,50,50,50,50],"damage_taken":[{"damage":7.0,"enemies":"Jaw Worm","floor":1.0,"turns":3.0},{"damage":4.0,"enemies":"Cultist","floor":3.0,"turns":2.0},{"damage":20.0,"enemies":"Lagavulin","floor":6.0,"turns":4.0},{"damage":8.0,"enemies":"3 Sentries","floor":8.0,"turns":4.0},{"damage":0.0,"enemies":"Lagavulin","floor":11.0,"turns":4.0},{"damage":2.0,"enemies":"2 Louse","floor":12.0,"turns":2.0},{"damage":1.0,"enemies":"2 Fungi Beasts","floor":13.0,"turns":2.0},{"damage":7.0,"enemies":"Exordium Thugs","floor":14.0,"turns":4.0},{"damage":12.0,"enemies":"Slime Boss","floor":16.0,"turns":2.0},{"damage":3.0,"enemies":"3 Byrds","floor":18.0,"turns":2.0},{"damage":11.0,"enemies":"Spheric Guardian","floor":21.0,"turns":3.0},{"damage":8.0,"enemies":"3 Cultists","floor":22.0,"turns":3.0},{"damage":15.0,"enemies":"Gremlin Leader","floor":23.0,"turns":4.0},{"damage":22.0,"enemies":"Slavers","floor":25.0,"turns":4.0},{"damage":0.0,"enemies":"Snake Plant","floor":27.0,"turns":1.0},{"damage":6.0,"enemies":"Centurion and Healer","floor":30.0,"turns":3.0},{"damage":5,"enemies":"Gremlin Leader","floor":31,"turns":4},{"damage":12,"enemies":"Automaton","floor":33,"turns":6},{"damage":16,"enemies":"3 Darklings","floor":35,"turns":3},{"damage":0,"enemies":"3 Shapes","floor":36,"turns":4},{"damage":1,"enemies":"3 Darklings","floor":39,"turns":2},{"damage":27,"enemies":"Nemesis","floor":40,"turns":5},{"damage":4,"enemies":"Reptomancer","floor":42,"turns":7},{"damage":0,"enemies":"R_Hoarder","floor":46,"turns":7},{"damage":0,"enemies":"4 Shapes","floor":47,"turns":6},{"damage":0,"enemies":"Reptomancer","floor":48,"turns":4},{"damage":32,"enemies":"Time Eater","floor":50,"turns":9}],"seed_played":"8549529741969660617","potions_obtained":[{"floor":3.0,"key":"Elixir"},{"floor":6.0,"key":"HeartOfIron"},{"floor":13.0,"key":"Death Potion"},{"floor":16.0,"key":"SmokeBomb"},{"floor":19.0,"key":"Explosive Potion"},{"floor":19.0,"key":"SmokeBomb"},{"floor":19.0,"key":"SpeedPotion"},{"floor":21.0,"key":"Weak Potion"},{"floor":25.0,"key":"Adrenaline Potion"},{"floor":30.0,"key":"SpeedPotion"},{"floor":31,"key":"GamblersBrew"},{"floor":36,"key":"SmokeBomb"},{"floor":40,"key":"Dexterity Potion"},{"floor":42,"key":"SkillPotion"},{"floor":46,"key":"Swift Potion"}],"is_trial":false,"path_per_floor":["M","?","M","?","?","E","R","E","T","?","E","M","M","M","R","B",null,"M","?","$","M","M","E","?","E","T","M","R","?","M","E","R","B",null,"M","M","?","?","M","E","R","E","T","R","$","E","M","E","R","B",null],"character_chosen":"IRONCLAD","items_purchased":["Strange Spoon","Immolate","ReplayTheSpireMod:Lightbulb","Orrery","Rupture","Shuriken","ReplayTheSpireMod:Brewmster","TheAbacus","Inflame"],"campfire_rested":1,"item_purchase_floors":[0,20,20,20,20,45,45,45,45],"current_hp_per_floor":[39,39,41,41,41,27,51,49,49,49,55,59,64,63,63,57,74,77,77,77,72,70,61,61,45,45,51,51,51,51,52,52,46,72,62,68,68,68,73,52,52,54,54,54,54,60,66,72,72,62],"gold":564,"neow_bonus":"","is_daily":false,"chose_seed":false,"campfire_upgraded":4,"win_rate":0.0,"timestamp":1608243913,"path_taken":["M","?","?","?","?","E","R","E","T","?","E","M","M","?","R","BOSS","M","?","$","M","M","E","?","E","T","?","R","?","?","E","R","BOSS","M","M","?","?","?","E","R","E","T","R","$","E","M","E","R","BOSS"],"items_purchased_type":["Relic","Card","Relic","Relic","Card","Relic","Card","Relic","Card"],"build_version":"2020-12-13","purchased_purges":2,"victory":true,"max_hp_per_floor":[80,80,80,80,80,80,80,80,80,80,80,80,80,80,80,80,80,80,80,80,80,80,80,80,80,80,80,80,80,80,80,80,80,80,80,80,80,80,80,80,80,80,80,80,80,80,80,80,80,80],"card_choices":[{"not_picked":["Heavy Blade","Hemokinesis"],"picked":"Pommel Strike","floor":1.0},{"not_picked":["Run Through","Iron Wave"],"picked":"Shrug It Off","floor":3.0},{"not_picked":["Massacre","ReplayTheSpireMod:Stacked"],"picked":"Uppercut","floor":6.0},{"not_picked":["Warcry","Clash"],"picked":"Impervious","floor":8.0},{"not_picked":["ReplayTheSpireMod:Corrosion Curse","ReplayTheSpireMod:Strike From Hell"],"picked":"Impervious","floor":11.0},{"not_picked":["Life Link","Iron Wave"],"picked":"Burning Pact","floor":12.0},{"not_picked":["Sentinel","Headbutt"],"picked":"ReplayReversal","floor":13.0},{"not_picked":["Feel No Pain","Hemokinesis","Warcry"],"picked":"SKIP","floor":14.0},{"not_picked":["Berserk","Reaper"],"picked":"Limit Break","floor":16.0},{"not_picked":["Warcry","Pommel Strike","Combust"],"picked":"SKIP","floor":18.0},{"not_picked":["Havoc+1","Sever Soul"],"picked":"Immolate","floor":20.0},{"not_picked":["Thunderclap","Abandon"],"picked":"Limit Break","floor":20.0},{"not_picked":["Perfected Strike+1","Clash","Power Through"],"picked":"SKIP","floor":21.0},{"not_picked":["Bloodletting","Feel No Pain"],"picked":"Flex","floor":22.0},{"not_picked":["Intimidate+1","Anger"],"picked":"Demonic Infusion","floor":23.0},{"not_picked":["Headbutt","Sword Boomerang","Replay:Undeath\u0027s Touch"],"picked":"SKIP","floor":25.0},{"not_picked":["Ghostly Armor","Cleave"],"picked":"Inflame","floor":30.0},{"not_picked":["Battle Trance","Pommel Strike+1","Perfected Strike"],"picked":"SKIP","floor":31},{"not_picked":["Exhume","Limit Break"],"picked":"Barricade","floor":33},{"not_picked":["Cleave"],"picked":"SKIP","floor":35},{"not_picked":["Run Through"],"picked":"SKIP","floor":36},{"not_picked":["Body Slam"],"picked":"SKIP","floor":40},{"not_picked":["Second Wind+1"],"picked":"SKIP","floor":42},{"not_picked":["Body Slam"],"picked":"SKIP","floor":46},{"not_picked":["Headbutt+1"],"picked":"SKIP","floor":47},{"not_picked":["Havoc"],"picked":"SKIP","floor":48}],"player_experience":842227,"relics_obtained":[{"floor":6.0,"key":"Potion Belt"},{"floor":8.0,"key":"Gremlin Food"},{"floor":9.0,"key":"Smiling Mask"},{"floor":11.0,"key":"Ornamental Fan"},{"floor":23.0,"key":"Divine Protection"},{"floor":25.0,"key":"Regal Pillow"},{"floor":26.0,"key":"CaptainsWheel"},{"floor":31,"key":"Onion Ring"},{"floor":40,"key":"MawBank"},{"floor":42,"key":"Peace Pipe"},{"floor":43,"key":"Pet Ghost"},{"floor":46,"key":"Pondfish Scales"},{"floor":48,"key":"Replay:Bottled Snecko"},{"floor":49,"key":"Replay:Rubber Ducky"}],"event_choices":[{"damage_healed":0.0,"max_hp_gain":0.0,"max_hp_loss":0.0,"gold_gain":0.0,"event_name":"Accursed Blacksmith","player_choice":"Rummage","floor":2.0,"gold_loss":0.0,"damage_taken":0.0,"relics_obtained":["WarpedTongs"],"cards_obtained":["Pain"]},{"damage_healed":0.0,"max_hp_gain":0.0,"max_hp_loss":0.0,"gold_gain":0.0,"event_name":"Big Fish","player_choice":"Box","floor":5.0,"gold_loss":0.0,"damage_taken":0.0,"relics_obtained":["StrikeDummy"],"cards_obtained":["Regret"]},{"damage_healed":0.0,"max_hp_gain":0.0,"max_hp_loss":0.0,"gold_gain":0.0,"event_name":"Match and Keep!","player_choice":"2 cards matched","floor":10.0,"gold_loss":0.0,"damage_taken":0.0,"cards_obtained":["Fiend Fire","Flame Barrier"]},{"damage_healed":0.0,"max_hp_gain":0.0,"max_hp_loss":0.0,"gold_gain":0.0,"event_name":"The Library","player_choice":"Read","floor":24.0,"gold_loss":0.0,"damage_taken":0.0,"cards_obtained":["Heavy Blade"]},{"damage_healed":0.0,"max_hp_gain":0.0,"max_hp_loss":0.0,"gold_gain":0.0,"event_name":"The Woman in Blue","player_choice":"Bought 0 Potions","floor":29.0,"gold_loss":0.0,"damage_taken":0.0},{"damage_healed":0,"gold_gain":0,"player_choice":"Ignored","damage_taken":0,"max_hp_gain":0,"max_hp_loss":0,"event_name":"Tomb of Lord Red Mask","floor":37,"gold_loss":0},{"damage_healed":0,"gold_gain":100,"player_choice":"Pray","damage_taken":0,"max_hp_gain":0,"max_hp_loss":0,"event_name":"Golden Shrine","floor":38,"gold_loss":0}],"is_beta":false,"boss_relics":[{"not_picked":["Abe\u0027s Treasure","Ectoplasm"],"picked":"ChewingGum"},{"not_picked":["Ring of Chaos","SacredBark"],"picked":"Busted Crown"}],"items_purged_floors":[20,45],"is_endless":false,"potions_floor_spawned":[3,6,13,16,21,25,27,30,31,36,40,42,46],"ascension_level":12}}