{"host":"kyy1kus4tsuq869y","time":1608216702,"event":{"mods":["BaseMod","Downfall","GifTheSpireLib","HololiveMod","Hubris","Jorbs\u0027s Wanderer Trilogy","Marisa£®ÏF”Í°°ƒß¿Ì…≥£©","Minty Spire (QoL Compilation)","Quick Restart","READ ME - Guardian Mod","READ ME - Snecko Mod","Reimu£®≤©¿ˆ¡È√Œ£©","Remilia£®¿Ÿ√◊¿Ú—«£©","Replay The Spire","StSLib","Td1madao Mod","The Administrix","The Animator","The Bug Knight","The Construct","The Cursed","The Hierophant","The Runesmith","The Senshi","The Servant 0.9.4","Youmu£®ªÍ∆«—˝√Œ£©"],"gold_per_floor":[117,73,73,91,32,32,65,65,65,65,76,95,123,133,133,133,133],"floor_reached":16,"playtime":504,"items_purged":[],"score":270,"play_id":"0cba2579-5710-4b50-9bd9-5bb00f919c21","local_time":"20201217225142","is_ascension_mode":true,"campfire_choices":[{"data":"Inflame","floor":6.0,"key":"SMITH"},{"data":"Flex","floor":15,"key":"SMITH"}],"circlet_count":0,"master_deck":["AscendersBane","Strike_R","Strike_R+1","Strike_R","Strike_R","Strike_R+1","Defend_R","Defend_R","Defend_R","Defend_R","Bash","Wild Strike","Inflame+1","Shrug It Off","Flex+1","Wild Strike"],"relics":["Burning Blood","NeowsBlessing","Pear","hubris:Towel","Shuriken","Simple Rune"],"acts_visited":["Exordium"],"potions_floor_usage":[13,16],"damage_taken":[{"damage":0.0,"enemies":"2 Louse","floor":1.0,"turns":1.0},{"damage":0.0,"enemies":"Jaw Worm","floor":4.0,"turns":1.0},{"damage":0.0,"enemies":"3 Sentries","floor":7.0,"turns":2.0},{"damage":0,"enemies":"Cultist","floor":11,"turns":3},{"damage":9,"enemies":"2 Fungi Beasts","floor":12,"turns":4},{"damage":40,"enemies":"Lagavulin","floor":13,"turns":5},{"damage":16,"enemies":"Exordium Thugs","floor":14,"turns":4},{"damage":50,"enemies":"Fading Forest","floor":16,"turns":6}],"seed_played":"-8673664686206559762","potions_obtained":[{"floor":7.0,"key":"ZuzhouPotion:ReiMu"},{"floor":12,"key":"AttackPotion"},{"floor":14,"key":"Energy Potion"}],"is_trial":false,"path_per_floor":["M","$","?","M","$","R","E","?","T","?","M","M","E","M","R","B"],"character_chosen":"IRONCLAD","items_purchased":["Inflame","Shrug It Off"],"campfire_rested":0,"item_purchase_floors":[2,5],"current_hp_per_floor":[74,74,74,75,75,75,85,85,85,85,85,82,48,38,38,0,0],"gold":133,"neow_bonus":"THREE_ENEMY_KILL","is_daily":false,"chose_seed":false,"campfire_upgraded":2,"win_rate":0.0,"timestamp":1608216702,"path_taken":["M","$","?","M","$","R","E","?","T","?","M","?","E","M","R","BOSS"],"items_purchased_type":["Card","Card"],"build_version":"2020-12-13","purchased_purges":0,"victory":false,"max_hp_per_floor":[75,75,75,75,75,75,85,85,85,85,85,85,85,85,85,85,85],"card_choices":[{"not_picked":["Shrug It Off","Clothesline"],"picked":"Wild Strike","floor":1.0},{"not_picked":["Inflame","Massacre","Second Wind"],"picked":"SKIP","floor":4.0},{"not_picked":["Battle Trance","hubris:ReadiedAction","ReplayTheSpireMod:Strike From Hell"],"picked":"SKIP","floor":7.0},{"not_picked":["Disarm","Sever Soul"],"picked":"Flex","floor":11},{"not_picked":["Thunderclap","Headbutt","Heavy Blade"],"picked":"SKIP","floor":12},{"not_picked":["True Grit","Havoc","Intimidate"],"picked":"SKIP","floor":13},{"not_picked":["Dark Embrace","hubris:CleavingFinish"],"picked":"Wild Strike","floor":14}],"player_experience":470911,"relics_obtained":[{"floor":7.0,"key":"Pear"},{"floor":9.0,"key":"Shuriken"},{"floor":13,"key":"Simple Rune"}],"event_choices":[{"damage_healed":0.0,"max_hp_gain":0.0,"max_hp_loss":0.0,"gold_gain":0.0,"event_name":"Shining Light","player_choice":"Ignored","floor":3.0,"gold_loss":0.0,"damage_taken":0.0},{"damage_healed":0,"gold_gain":0,"player_choice":"0 cards matched","damage_taken":0,"max_hp_gain":0,"max_hp_loss":0,"event_name":"Match and Keep!","floor":10,"gold_loss":0,"cards_obtained":[]}],"is_beta":false,"boss_relics":[],"items_purged_floors":[],"is_endless":false,"potions_floor_spawned":[7,12,14],"killed_by":"Fading Forest","ascension_level":20}}