{"host":"r53pw7z744tg3fxg","time":1608227433,"event":{"mods":["AchievementEnabler","BaseMod","Colored Map","Colored Powertips","Highlight Path","Minty Spire (QoL Compilation)","Quick Restart","Transform Curses"],"gold_per_floor":[16,16,35,50,70,22,32,58,58,92,14,14,14,26,26,121,121,131,131,144,160,160,160,160,160],"floor_reached":24,"playtime":1385,"items_purged":[],"score":360,"play_id":"51d366ab-28d7-410b-aa62-89668f188b59","local_time":"20201217105033","is_ascension_mode":true,"campfire_choices":[{"data":"Blind","floor":12.0,"key":"SMITH"},{"data":"PathToVictory","floor":15,"key":"SMITH"},{"floor":23,"key":"REST"}],"circlet_count":0,"master_deck":["Strike_P","Strike_P","Strike_P","Strike_P","Defend_P","Defend_P","Defend_P","Defend_P","Eruption+1","Vigilance","Consecrate","Evaluate","BowlingBash","PathToVictory+1","CarveReality","CutThroughFate","SignatureMove","Blind+1","FlurryOfBlows","SpiritShield","Prostrate","ThirdEye"],"relics":["PureWater","Mango","Gremlin Horn","InkBottle","The Courier","Busted Crown","MutagenicStrength"],"acts_visited":["Exordium","TheCity"],"potions_floor_usage":[16,16,24],"damage_taken":[{"damage":0.0,"enemies":"Jaw Worm","floor":1.0,"turns":3.0},{"damage":0.0,"enemies":"Cultist","floor":3.0,"turns":1.0},{"damage":0.0,"enemies":"Small Slimes","floor":4.0,"turns":3.0},{"damage":4.0,"enemies":"Exordium Wildlife","floor":5.0,"turns":3.0},{"damage":18.0,"enemies":"Large Slime","floor":7.0,"turns":6.0},{"damage":0.0,"enemies":"Gremlin Nob","floor":8.0,"turns":2.0},{"damage":0.0,"enemies":"3 Sentries","floor":10.0,"turns":3.0},{"damage":5.0,"enemies":"Blue Slaver","floor":14.0,"turns":3.0},{"damage":33,"enemies":"The Guardian","floor":16,"turns":13},{"damage":6,"enemies":"2 Thieves","floor":18,"turns":3},{"damage":4,"enemies":"Chosen","floor":20,"turns":3},{"damage":24,"enemies":"Sentry and Sphere","floor":21,"turns":5},{"damage":45,"enemies":"Book of Stabbing","floor":24,"turns":5}],"seed_played":"-2001777285186711288","potions_obtained":[{"floor":8.0,"key":"LiquidMemories"},{"floor":10.0,"key":"Energy Potion"},{"floor":14,"key":"Block Potion"},{"floor":20,"key":"Weak Potion"}],"is_trial":false,"path_per_floor":["M","?","M","M","M","$","M","E","T","E","$","R","$","M","R","B",null,"M","?","M","M","?","R","E"],"character_chosen":"WATCHER","items_purchased":["PathToVictory","Blind"],"campfire_rested":1,"item_purchase_floors":[6,11],"current_hp_per_floor":[79,79,79,79,75,75,57,57,57,57,57,57,57,52,52,19,69,63,46,42,18,18,45,0,0],"gold":160,"neow_bonus":"ONE_RARE_RELIC","is_daily":false,"chose_seed":false,"campfire_upgraded":2,"win_rate":0.0,"timestamp":1608227433,"path_taken":["M","?","M","M","M","?","M","E","T","E","?","R","$","M","R","BOSS","M","?","M","M","?","R","E"],"items_purchased_type":["Card","Card"],"build_version":"2020-12-13","purchased_purges":0,"victory":false,"max_hp_per_floor":[86,86,86,86,86,86,86,86,86,86,86,86,86,86,86,86,86,86,91,91,91,91,91,91,91],"card_choices":[{"not_picked":["Crescendo","Halt"],"picked":"Consecrate","floor":1.0},{"not_picked":["Adaptation","ThirdEye"],"picked":"Evaluate","floor":3.0},{"not_picked":["Omniscience","ClearTheMind"],"picked":"BowlingBash","floor":4.0},{"not_picked":["Evaluate","MentalFortress","EmptyMind"],"picked":"SKIP","floor":5.0},{"not_picked":["CutThroughFate","FollowUp"],"picked":"CarveReality","floor":7.0},{"not_picked":["Alpha","FlurryOfBlows"],"picked":"CutThroughFate","floor":8.0},{"not_picked":["Consecrate","Halt"],"picked":"SignatureMove","floor":10.0},{"not_picked":["Evaluate","InnerPeace"],"picked":"FlurryOfBlows","floor":14},{"not_picked":["Brilliance","Alpha"],"picked":"SpiritShield","floor":16},{"not_picked":["MentalFortress"],"picked":"SKIP","floor":18},{"not_picked":[],"picked":"Prostrate","floor":20},{"not_picked":[],"picked":"ThirdEye","floor":21}],"player_experience":1114310,"relics_obtained":[{"floor":8.0,"key":"Gremlin Horn"},{"floor":9.0,"key":"InkBottle"},{"floor":10.0,"key":"The Courier"}],"event_choices":[{"damage_healed":0.0,"max_hp_gain":0.0,"max_hp_loss":0.0,"gold_gain":0.0,"event_name":"Living Wall","player_choice":"Grow","floor":2.0,"gold_loss":0.0,"damage_taken":0.0,"cards_upgraded":["Eruption"]},{"damage_healed":0,"gold_gain":0,"player_choice":"Shed Blood","damage_taken":22,"max_hp_gain":5,"max_hp_loss":0,"event_name":"Forgotten Altar","floor":19,"gold_loss":0},{"damage_healed":0,"gold_gain":0,"player_choice":"Inject Mutagens","damage_taken":0,"relics_obtained":["MutagenicStrength"],"max_hp_gain":0,"max_hp_loss":0,"event_name":"Drug Dealer","floor":22,"gold_loss":0}],"is_beta":false,"boss_relics":[{"not_picked":["SacredBark","Empty Cage"],"picked":"Busted Crown"}],"items_purged_floors":[],"is_endless":false,"potions_floor_spawned":[8,10,14,20],"killed_by":"Book of Stabbing","ascension_level":6}}