{"host":"b94931fzay7ri6da","time":1608195667,"event":{"mods":["AchievementEnabler","BaseMod","Colored Map","Colored Powertips","Downfall","Minty Spire (QoL Compilation)","Quick Restart","StSLib","SuperFastMode"],"gold_per_floor":[119,119,139,157,432,432,452,452,452,452,452,487,487,500,500,500,500],"floor_reached":16,"playtime":688,"items_purged":[],"score":105,"play_id":"7b7210b7-a312-4007-a9f6-0a56a653ee14","local_time":"20201217090107","is_ascension_mode":true,"campfire_choices":[{"data":"expansioncontent:QuickStudy","floor":6,"key":"SMITH"},{"data":"Eruption","floor":8,"key":"SMITH"},{"floor":11,"key":"REST"},{"floor":13,"key":"REST"},{"floor":15,"key":"REST"}],"circlet_count":0,"master_deck":["Strike_P","Strike_P","Strike_P","Strike_P","Defend_P","Defend_P+1","Defend_P","Eruption+1","Vigilance","expansioncontent:QuickStudy+1","Evaluate","Adaptation","InnerPeace","Regret","Collect","LessonLearned","InnerPeace"],"relics":["PureWater","White Beast Statue","Golden Idol","Gremlin Horn"],"acts_visited":["Exordium"],"potions_floor_usage":[12,12,16,16],"damage_taken":[{"damage":1,"enemies":"2 Louse","floor":1,"turns":4},{"damage":1,"enemies":"Cultist","floor":3,"turns":3},{"damage":2,"enemies":"Small Slimes","floor":4,"turns":4},{"damage":6,"enemies":"Red Slaver","floor":7,"turns":2},{"damage":35,"enemies":"Gremlin Nob","floor":12,"turns":5},{"damage":1,"enemies":"2 Fungi Beasts","floor":14,"turns":3},{"damage":68,"enemies":"The Guardian","floor":16,"turns":8}],"seed_played":"3893600461117624599","potions_obtained":[{"floor":3,"key":"Swift Potion"},{"floor":4,"key":"DistilledChaos"},{"floor":12,"key":"Strength Potion"},{"floor":14,"key":"Regen Potion"}],"is_trial":false,"path_per_floor":["M","?","M","M","?","R","M","R","T","?","R","E","R","M","R","B"],"character_chosen":"WATCHER","items_purchased":[],"campfire_rested":3,"item_purchase_floors":[],"current_hp_per_floor":[50,50,49,47,47,47,41,41,41,23,44,9,30,29,50,0,0],"gold":500,"neow_bonus":"RANDOM_COLORLESS_2","is_daily":false,"chose_seed":false,"campfire_upgraded":2,"win_rate":0.0,"timestamp":1608195667,"path_taken":["M","?","M","?","?","R","?","R","T","?","R","E","R","M","R","BOSS"],"items_purchased_type":[],"build_version":"2020-12-13","purchased_purges":0,"victory":false,"max_hp_per_floor":[72,72,72,72,72,72,72,72,72,72,72,72,72,72,72,72,72],"card_choices":[{"not_picked":["expansioncontent:StudyTheSpire","Transmutation"],"picked":"expansioncontent:QuickStudy","floor":0},{"not_picked":["SashWhip","FlurryOfBlows"],"picked":"Evaluate","floor":1},{"not_picked":["SandsOfTime","ReachHeaven"],"picked":"Adaptation","floor":3},{"not_picked":["Wireheading","EmptyFist"],"picked":"InnerPeace","floor":4},{"not_picked":["FollowUp","Consecrate"],"picked":"Collect","floor":7},{"not_picked":["Halt","JustLucky"],"picked":"LessonLearned","floor":12},{"not_picked":["FlyingSleeves","PathToVictory"],"picked":"InnerPeace","floor":14}],"player_experience":311859,"relics_obtained":[{"floor":9,"key":"White Beast Statue"},{"floor":12,"key":"Gremlin Horn"}],"event_choices":[{"cards_removed":["Defend_P"],"damage_healed":0,"gold_gain":0,"player_choice":"Purged","damage_taken":0,"max_hp_gain":0,"max_hp_loss":0,"event_name":"Purifier","floor":2,"gold_loss":0},{"damage_healed":0,"gold_gain":275,"player_choice":"Desecrate","damage_taken":0,"max_hp_gain":0,"max_hp_loss":0,"event_name":"Golden Shrine","floor":5,"gold_loss":0,"cards_obtained":["Regret"]},{"damage_healed":0,"gold_gain":0,"player_choice":"Take Damage","damage_taken":18,"relics_obtained":["Golden Idol"],"max_hp_gain":0,"max_hp_loss":0,"event_name":"Golden Idol","floor":10,"gold_loss":0}],"is_beta":false,"boss_relics":[],"items_purged_floors":[],"is_endless":false,"potions_floor_spawned":[3,4,12,14],"killed_by":"The Guardian","ascension_level":1}}