{"host":"tvhx3mw3yepz1q42","time":1608180498,"event":{"mods":["BaseMod","Marisa£®ÏF”Í°°ƒß¿Ì…≥£©","Minty Spire (QoL Compilation)","StSLib"],"gold_per_floor":[116,126,139,239,255,283,303,338,338,338,356,356,367,401,401,506,506,519,294,335,348,364,364,399,418,718,745,745,775,875,891,891,989,989,1007,1007,1007,519,519,519,532,563,563,563,563,593,607,607,635,231,231,231,231,231,3,31,31,31],"floor_reached":57,"playtime":4852,"items_purged":["Strike_MRS","Defend_MRS","Strike_MRS","Defend_MRS"],"score":831,"play_id":"e6fed6a1-4d72-4810-b937-4c3d6fedbe83","local_time":"20201217124818","is_ascension_mode":true,"campfire_choices":[{"data":"EpicFetus","floor":10.0,"key":"SMITH"},{"data":"PropBag","floor":12.0,"key":"SMITH"},{"data":"DarkMatter","floor":15.0,"key":"SMITH"},{"data":"EscapeVelocity","floor":23.0,"key":"SMITH"},{"data":"Pot Of Greed","floor":28.0,"key":"SMITH"},{"data":"BinaryStars","floor":32.0,"key":"SMITH"},{"floor":43.0,"key":"RECALL"},{"data":"Metamorphosis","floor":48.0,"key":"SMITH"},{"floor":51.0,"key":"REST"},{"data":"EscapeVelocity","floor":54.0,"key":"SMITH"}],"circlet_count":8,"master_deck":["Strike_MRS","Strike_MRS","Defend_MRS","Defend_MRS","MasterSpark","UpSweep","Madness+1","DarkMatter+1","SuperPerseids","Orbital","EnergyFlow","EarthLightRay","MaximisePower","PowerUp","PropBag+1","EscapeVelocity+1","CurseOfTheBell","Madness+1","Madness+1","ShootingEcho","PowerUp+1","GrandCross","StarlightTyphoon","Madness+1","JA","MeteoricShower+1","PropBag","BinaryStars+1","EscapeVelocity+1","ManaConvection+1","Enlightenment","Orbital","SatelliteIllusion","Madness","Madness","Metamorphosis+1","BinaryStars+1","PropBag+1","Occultation+1","OrrerysSun+1","MagicAbsorber","Acceleration","SprinkleStarSeal"],"relics":["MiniHakkero","Circlet","NeowsBlessing","Letter Opener","Ancient Tea Set","Bag of Preparation","HornCleat","FossilizedHelix","RampagingMagicTools","DollysMirror","Lantern","Bottled Lightning","Centennial Puzzle"],"acts_visited":[],"potions_floor_usage":[],"damage_taken":[{"damage":0.0,"enemies":"Cultist","floor":1.0,"turns":1.0},{"damage":0.0,"enemies":"Small Slimes","floor":2.0,"turns":2.0},{"damage":0.0,"enemies":"2 Louse","floor":3.0,"turns":2.0},{"damage":6.0,"enemies":"2 Fungi Beasts","floor":5.0,"turns":3.0},{"damage":24.0,"enemies":"Gremlin Nob","floor":6.0,"turns":4.0},{"damage":24.0,"enemies":"Gremlin Gang","floor":7.0,"turns":4.0},{"damage":8.0,"enemies":"Replay:BlueRogue","floor":8.0,"turns":3.0},{"damage":2.0,"enemies":"3 Louse","floor":11.0,"turns":3.0},{"damage":0.0,"enemies":"Looter","floor":13.0,"turns":2.0},{"damage":8.0,"enemies":"Gremlin Nob","floor":14.0,"turns":3.0},{"damage":23.0,"enemies":"The Guardian","floor":16.0,"turns":7.0},{"damage":12.0,"enemies":"2 Thieves","floor":18.0,"turns":5.0},{"damage":1.0,"enemies":"Shell Parasite","floor":21.0,"turns":3.0},{"damage":1.0,"enemies":"Snecko","floor":22.0,"turns":3.0},{"damage":12.0,"enemies":"Replay:Snechameleon","floor":24.0,"turns":4.0},{"damage":0.0,"enemies":"Shelled Parasite and Fungi","floor":25.0,"turns":2.0},{"damage":2.0,"enemies":"Gremlin Leader","floor":27.0,"turns":4.0},{"damage":0.0,"enemies":"Book of Stabbing","floor":29.0,"turns":3.0},{"damage":0.0,"enemies":"Snake Plant","floor":31.0,"turns":2.0},{"damage":4.0,"enemies":"Champ","floor":33.0,"turns":6.0},{"damage":13.0,"enemies":"3 Darklings","floor":35.0,"turns":3.0},{"damage":18.0,"enemies":"3 Shapes","floor":41.0,"turns":2.0},{"damage":0.0,"enemies":"R_Hoarder","floor":42.0,"turns":5.0},{"damage":5.0,"enemies":"Giant Head","floor":46.0,"turns":5.0},{"damage":30.0,"enemies":"Maw","floor":47.0,"turns":5.0},{"damage":9.0,"enemies":"Reptomancer","floor":49.0,"turns":4.0},{"damage":0.0,"enemies":"Replay:Hell Engine","floor":52.0,"turns":8.0},{"damage":5.0,"enemies":"Shield and Spear","floor":56.0,"turns":3.0},{"damage":0,"enemies":"The Heart","floor":57,"turns":1}],"seed_played":"-8894471492220196818","potions_obtained":[{"floor":1.0,"key":"GamblersBrew"},{"floor":7.0,"key":"Block Potion"},{"floor":8.0,"key":"Fire Potion"},{"floor":14.0,"key":"CultistPotion"},{"floor":16.0,"key":"PowerPotion"},{"floor":20.0,"key":"BottledSpark"},{"floor":27.0,"key":"Energy Potion"},{"floor":29.0,"key":"AttackPotion"},{"floor":31.0,"key":"LiquidMemories"}],"is_trial":false,"path_per_floor":["M","M","M","?","M","E","M","E","T","R","M","R","M","E","R","B",null,"M","$","?","M","M","R","E","M","T","E","R","E","?","M","R","B",null,"M","?","?","$","PTL","PTL","M","E","R","T","T","E","M","R","E","$","R","B",null,"R","$","E","B"],"character_chosen":"MARISA","items_purchased":["Habit","MerchantsRug","Metamorphosis","DollysMirror","MagicAbsorber","Bottled Lightning","Acceleration","Centennial Puzzle"],"campfire_rested":1,"item_purchase_floors":[19,38,38,38,50,50,55,55],"current_hp_per_floor":[75,75,75,75,69,45,25,21,21,21,23,23,23,31,31,12,75,63,63,45,50,53,53,47,47,47,56,56,56,56,62,62,62,82,69,69,59,59,59,59,41,41,41,41,41,36,12,12,7,7,31,31,82,82,82,77,77,77],"gold":31,"neow_bonus":"THREE_ENEMY_KILL","is_daily":false,"chose_seed":false,"campfire_upgraded":8,"win_rate":0.0,"timestamp":1608180498,"path_taken":["M","M","?","?","?","E","M","E","T","R","M","R","M","E","R","BOSS","M","$","?","M","M","R","E","M","T","E","R","E","?","M","R","BOSS","M","?","?","$","PTL","PTL","M","E","R","?","T","E","M","R","E","?","R","BOSS","R","$","E","BOSS"],"items_purchased_type":["Undefined","Undefined","Card","Relic","Card","Relic","Card","Relic"],"build_version":"2020-12-13","purchased_purges":4,"victory":false,"max_hp_per_floor":[75,75,75,75,75,75,75,75,75,75,75,75,75,75,75,75,75,75,75,75,75,75,75,75,75,75,82,82,82,82,82,82,82,82,82,82,82,82,82,82,82,82,82,82,82,82,82,82,82,82,82,82,82,82,82,82,82,82],"card_choices":[{"not_picked":[],"picked":"EpicFetus","floor":0.0},{"not_picked":["NonDirectionalLaser","RefractionSpark"],"picked":"DarkMatter","floor":1.0},{"not_picked":["GrandCross","GasGiant"],"picked":"SuperPerseids","floor":2.0},{"not_picked":["DC","DoubleSpark"],"picked":"Orbital","floor":3.0},{"not_picked":["WitchOfGreed","6A"],"picked":"Bomb","floor":4.0},{"not_picked":["EnergyRecoil","DC"],"picked":"EnergyFlow","floor":5.0},{"not_picked":["6A","WitchOfGreed"],"picked":"EarthLightRay","floor":6.0},{"not_picked":["GravityBeat","OneTimeOff"],"picked":"MaximisePower","floor":7.0},{"not_picked":["WitchLeyline","RefractionSpark"],"picked":"PowerUp","floor":8.0},{"not_picked":["SporeBomb","UnstableBomb"],"picked":"PropBag","floor":11.0},{"not_picked":["GalacticHalo","SporeBomb","RefractionSpark"],"picked":"SKIP","floor":13.0},{"not_picked":["DeepEcoloBomb","BlazeAway","AsteroidBelt"],"picked":"SKIP","floor":14.0},{"not_picked":["CollectingQuirk","FinalSpark"],"picked":"EscapeVelocity","floor":16.0},{"not_picked":["WitchLeyline","MilkyWay","6A"],"picked":"SKIP","floor":18.0},{"not_picked":["WitchOfGreed","EnergyRecoil"],"picked":"ShootingEcho","floor":20.0},{"not_picked":["AsteroidBelt","DragonMeteor"],"picked":"PowerUp+1","floor":20.0},{"not_picked":["UnstableBomb","EnergyRecoil+1"],"picked":"GrandCross","floor":21.0},{"not_picked":["GasGiant","EarthLightRay"],"picked":"StarlightTyphoon","floor":22.0},{"not_picked":["EarthLightRay","DarkMatter"],"picked":"JA","floor":24.0},{"not_picked":["MilkyWay","UnstableBomb+1"],"picked":"MeteoricShower+1","floor":25.0},{"not_picked":["MilkyWay","DoubleSpark"],"picked":"PropBag","floor":27.0},{"not_picked":["DoubleSpark","MilkyWay","GravityBeat"],"picked":"SKIP","floor":29.0},{"not_picked":["6A+1","WitchLeyline+1"],"picked":"BinaryStars","floor":30.0},{"not_picked":["WitchLeyline","DarkSpark","Robbery"],"picked":"SKIP","floor":31.0},{"not_picked":["FinalSpark","JA"],"picked":"EscapeVelocity","floor":33.0},{"not_picked":["WitchLeyline+1","IllusionStar"],"picked":"ManaConvection+1","floor":35.0},{"not_picked":["WitchOfGreed","UnstableBomb","RefractionSpark+1"],"picked":"SKIP","floor":41.0},{"not_picked":["SuperPerseids","GrandCross+1"],"picked":"PropBag+1","floor":42.0},{"not_picked":["ShootingEcho+1","ManaConvection"],"picked":"Occultation+1","floor":46.0},{"not_picked":["CollectingQuirk","UnstableBomb"],"picked":"OrrerysSun+1","floor":47.0},{"not_picked":["PropBag+1","GasGiant+1","6A"],"picked":"SKIP","floor":49.0},{"not_picked":["MysteriousBeam+1","ChargingUp+1"],"picked":"SprinkleStarSeal","floor":56.0}],"player_experience":148399,"relics_obtained":[{"floor":6.0,"key":"DeadEye"},{"floor":8.0,"key":"Iron Hammer"},{"floor":9.0,"key":"Letter Opener"},{"floor":14.0,"key":"Ancient Tea Set"},{"floor":17.0,"key":"Bag of Preparation"},{"floor":17.0,"key":"HornCleat"},{"floor":17.0,"key":"FossilizedHelix"},{"floor":20.0,"key":"Grinning Jar"},{"floor":24.0,"key":"SharpPlug"},{"floor":26.0,"key":"Old Coin"},{"floor":27.0,"key":"Strawberry"},{"floor":29.0,"key":"Replay:Bottled Eggs"},{"floor":42.0,"key":"PokeGo"},{"floor":44.0,"key":"DeathBook"},{"floor":46.0,"key":"Lantern"},{"floor":49.0,"key":"AnarchistCookbook"},{"floor":56.0,"key":"Pet Ghost"}],"event_choices":[{"damage_healed":0.0,"max_hp_gain":0.0,"max_hp_loss":0.0,"gold_gain":0.0,"event_name":"Match and Keep!","player_choice":"3 cards matched","floor":36.0,"gold_loss":0.0,"damage_taken":0.0,"cards_obtained":["Enlightenment","Orbital","SatelliteIllusion"]},{"damage_healed":0.0,"max_hp_gain":0.0,"max_hp_loss":0.0,"gold_gain":0.0,"event_name":"Winding Halls","player_choice":"Embrace Madness","floor":37.0,"gold_loss":0.0,"damage_taken":10.0,"cards_obtained":["Madness","Madness"]}],"is_beta":false,"boss_relics":[{"not_picked":["Replay:Drink Me","Velvet Choker"],"picked":"Calling Bell"},{"not_picked":[]},{"not_picked":["Sozu","Busted Crown"],"picked":"RampagingMagicTools"},{"not_picked":[]}],"items_purged_floors":[19,38,50,55],"is_endless":false,"potions_floor_spawned":[1,7,8,14,16,22,27,29,31,35,42],"killed_by":"The Heart","ascension_level":1}}