{"host":"5s7sm4h73jkd9266","time":1608190348,"event":{"mods":["AchievementEnabler","Bartender","BaseMod","Better Match","Better Vampires","BetterRewards","Colored Map","Colored Powertips","Conspire","Downfall","Energized Spire","GifTheSpireLib","Hermit","Hubris","Magitek Elite","Marisa????????","Melee Mod","Minty Spire (QoL Compilation)","Potion Indicator Mod","Rare Cards Sparkle","Relic Stats","Replay The Spire","Robot Space Explorer","Shade Mod","Shop Mod","StSLib","Stuff the Spire","The Bladedancer","The Blue Laboratory","The Cursed","The Disciple","The Dragon Tamer","The Forsaken","The Necromancer","The Servant 0.9.4","The Wild Card","The Witch","TheVacant","Virulent Crown","everything is the same but u backflip on backflip","slay the spire mod where everything is the same but ironclad has a cowboy hat","vexMod"],"gold_per_floor":[99,134,134,134,134,154,154,154,154,187,187,187,200,213,313,329,347,347,347],"floor_reached":18,"playtime":14504,"items_purged":[],"score":268,"play_id":"8b1c8365-bdcf-4698-ad83-6828a7144dd6","local_time":"20201217023228","is_ascension_mode":true,"campfire_choices":[{"data":"Zap","floor":1.0,"key":"SMITH"},{"data":"Steam","floor":5.0,"key":"SMITH"},{"data":"Fusion","floor":9.0,"key":"SMITH"}],"circlet_count":0,"master_deck":["AscendersBane","Strike_B","Strike_B","Strike_B","Strike_B","Defend_B","Defend_B","Defend_B","Defend_B","Zap+1","Dualcast","Melter","Steam+1","Coolheaded","Fusion+1","Auto Shields","Madness","Leap","StuffTheSpire:Synthwave","Hologram","Redo"],"relics":["Cracked Core","downfall:HeartsMalice","Ancient Tea Set","conspire:TopHat","Lizard Tail","Toy Ornithopter"],"acts_visited":["Exordium"],"potions_floor_usage":[18,18],"damage_taken":[{"damage":0.0,"enemies":"3 Sentries","floor":2.0,"turns":1.0},{"damage":0.0,"enemies":"Small Slimes","floor":3.0,"turns":1.0},{"damage":0.0,"enemies":"Cultist","floor":4.0,"turns":1.0},{"damage":0.0,"enemies":"2 Louse","floor":6.0,"turns":2.0},{"damage":24.0,"enemies":"Lagavulin","floor":10.0,"turns":7.0},{"damage":21.0,"enemies":"Exordium Thugs","floor":13.0,"turns":5.0},{"damage":18.0,"enemies":"Large Slime","floor":14.0,"turns":7.0},{"damage":54.0,"enemies":"downfall:LadyInBlue","floor":15.0,"turns":14.0},{"damage":0.0,"enemies":"Looter","floor":16.0,"turns":3.0},{"damage":2.0,"enemies":"Exordium Wildlife","floor":17.0,"turns":5.0},{"damage":55,"enemies":"The Guardian","floor":18,"turns":18}],"seed_played":"-7038730965153077822","potions_obtained":[{"floor":6.0,"key":"Block Potion"},{"floor":10.0,"key":"FairyPotion"},{"floor":13.0,"key":"blueLaboratory:FrostheartPotion"},{"floor":15.0,"key":"Languid Potion"},{"floor":15.0,"key":"Energy Potion"},{"floor":16.0,"key":"BlessingOfTheForge"},{"floor":17.0,"key":"PotionOfCapacity"}],"is_trial":false,"path_per_floor":["R","E","M","M","R","M","T","?","R","E","PTL","PTL","M","M","?","M","M","B"],"character_chosen":"DEFECT","items_purchased":[],"campfire_rested":0,"item_purchase_floors":[],"current_hp_per_floor":[64,64,64,64,64,64,64,64,64,40,40,40,19,1,34,39,42,0,0],"gold":347,"neow_bonus":"THREE_ENEMY_KILL","is_daily":false,"chose_seed":false,"campfire_upgraded":3,"win_rate":0.0,"timestamp":1608190348,"path_taken":["R","E","M","M","R","M","T","?","R","E","PTL","PTL","M","M","?","M","M","BOSS"],"items_purchased_type":[],"build_version":"2020-12-13","purchased_purges":0,"victory":false,"max_hp_per_floor":[71,71,71,71,71,71,71,71,71,71,71,71,71,71,71,71,71,71,71],"relic_stats":{"Lizard Tail":35,"counters":[11,61],"obtain_stats":[{"Lizard Tail":10,"downfall:HeartsMalice":0,"Cracked Core":0,"Ancient Tea Set":2,"conspire:TopHat":7,"Toy Ornithopter":15},{"Lizard Tail":5,"downfall:HeartsMalice":0,"Cracked Core":0,"Ancient Tea Set":1,"conspire:TopHat":4,"Toy Ornithopter":8},{"Lizard Tail":9,"downfall:HeartsMalice":0,"Cracked Core":0,"Ancient Tea Set":0,"conspire:TopHat":2,"Toy Ornithopter":35}],"Toy Ornithopter":20},"card_choices":[{"not_picked":["StuffTheSpire:LoadUp","Barrage"],"picked":"Melter","floor":2.0},{"not_picked":["Barrage","Turbo"],"picked":"Steam","floor":3.0},{"not_picked":["ReplayTheSpireMod:GoodbyeWorld","Streamline"],"picked":"Coolheaded","floor":4.0},{"not_picked":["Hologram","BasicCrystalCard"],"picked":"Fusion","floor":6.0},{"not_picked":["Cold Snap","Streamline"],"picked":"StuffTheSpire:SnapShoot","floor":10.0},{"not_picked":["Compile Driver","hubris:SpecializedCircuitry"],"picked":"Auto Shields","floor":13.0},{"not_picked":["Panic Button","Beam Cell"],"picked":"Leap","floor":14.0},{"not_picked":["Ball Lightning","Reinforced Body"],"picked":"StuffTheSpire:Synthwave","floor":15.0},{"not_picked":["StuffTheSpire:NuclearReactor","Turbo"],"picked":"Hologram","floor":16.0},{"not_picked":["Leap","ReplayTheSpireMod:System Scan"],"picked":"Redo","floor":17.0}],"player_experience":5312511,"relics_obtained":[{"floor":2.0,"key":"Ancient Tea Set"},{"floor":7.0,"key":"conspire:TopHat"},{"floor":10.0,"key":"Lizard Tail"},{"floor":15.0,"key":"Toy Ornithopter"}],"event_choices":[],"is_beta":false,"boss_relics":[],"items_purged_floors":[],"is_endless":false,"potions_floor_spawned":[6,10,13,16,17],"killed_by":"The Guardian","ascension_level":17}}