{"host":"6wux4armhsntp4yb","time":1608185522,"event":{"mods":["BaseMod","Colored Map","DeckTracker","Minty Spire (QoL Compilation)","Relic Stats"],"gold_per_floor":[219,219,219,144,155,155,175,6,31,51,84,84,109,10,10,89,89,102,102,117,137,21,21,53,53,105,138,153,153,153,166,166,240,240,256,270,22,34,54,89,89,89,89],"floor_reached":42,"playtime":2446,"items_purged":["Strike_G","Strike_G"],"score":1027,"play_id":"117906db-c2af-4bd4-8d90-b78f0bcb3d5c","local_time":"20201217151202","is_ascension_mode":true,"campfire_choices":[{"data":"Neutralize","floor":6.0,"key":"SMITH"},{"data":"Noxious Fumes","floor":12.0,"key":"SMITH"},{"data":"Apotheosis","floor":15.0,"key":"SMITH"},{"data":"Burst","floor":23.0,"key":"SMITH"},{"data":"Terror","floor":25.0,"key":"SMITH"},{"data":"Bandage Up","floor":30.0,"key":"SMITH"},{"data":"Corpse Explosion","floor":32.0,"key":"SMITH"}],"circlet_count":0,"master_deck":["AscendersBane","Strike_G","Defend_G","Defend_G","Defend_G","Defend_G","Defend_G","Survivor","Neutralize+1","Terror+1","Dagger Spray","Corpse Explosion+1","Noxious Fumes+1","Predator","Apotheosis+1","Burst+1","RitualDagger+1","PiercingWail","Die Die Die+1","PiercingWail","Bandage Up+1","PiercingWail","Backflip+1","Night Terror","Secret Technique","Footwork","Forethought","PiercingWail","Calculated Gamble"],"relics":["Ring of the Serpent","Membership Card","Ancient Tea Set","Bag of Preparation","Tiny Chest","StrikeDummy","Whetstone","Runic Pyramid","Torii"],"acts_visited":["Exordium","TheCity","TheBeyond"],"potions_floor_usage":[42],"damage_taken":[{"damage":4.0,"enemies":"Jaw Worm","floor":1.0,"turns":6.0},{"damage":0.0,"enemies":"2 Louse","floor":5.0,"turns":6.0},{"damage":3.0,"enemies":"Small Slimes","floor":7.0,"turns":4.0},{"damage":0.0,"enemies":"Blue Slaver","floor":10.0,"turns":4.0},{"damage":6.0,"enemies":"Gremlin Nob","floor":11.0,"turns":3.0},{"damage":8.0,"enemies":"Lagavulin","floor":13.0,"turns":7.0},{"damage":12.0,"enemies":"Hexaghost","floor":16.0,"turns":7.0},{"damage":0.0,"enemies":"Spheric Guardian","floor":18.0,"turns":5.0},{"damage":3.0,"enemies":"2 Thieves","floor":20.0,"turns":3.0},{"damage":7.0,"enemies":"3 Cultists","floor":21.0,"turns":3.0},{"damage":4.0,"enemies":"Slavers","floor":24.0,"turns":2.0},{"damage":0.0,"enemies":"Gremlin Leader","floor":27.0,"turns":5.0},{"damage":1.0,"enemies":"Centurion and Healer","floor":28.0,"turns":7.0},{"damage":4.0,"enemies":"Snecko","floor":31.0,"turns":5.0},{"damage":55.0,"enemies":"Collector","floor":33.0,"turns":10.0},{"damage":5.0,"enemies":"3 Shapes","floor":35.0,"turns":5.0},{"damage":4.0,"enemies":"Orb Walker","floor":36.0,"turns":3.0},{"damage":45.0,"enemies":"4 Shapes","floor":38.0,"turns":11.0},{"damage":52.0,"enemies":"Transient","floor":39.0,"turns":6.0},{"damage":31.0,"enemies":"Nemesis","floor":40.0,"turns":9.0},{"damage":25,"enemies":"Reptomancer","floor":42,"turns":2}],"seed_played":"-3187849493325105281","potions_obtained":[{"floor":5.0,"key":"SteroidPotion"},{"floor":7.0,"key":"DuplicationPotion"},{"floor":21.0,"key":"Regen Potion"},{"floor":27.0,"key":"GhostInAJar"},{"floor":28.0,"key":"SneckoOil"},{"floor":39.0,"key":"Fire Potion"}],"is_trial":false,"path_per_floor":["M","?","?","?","M","R","M","$","T","M","E","R","E","$","R","B",null,"M","?","M","M","$","R","E","R","T","E","M","?","R","M","R","B",null,"M","M","$","M","M","E","?","E"],"character_chosen":"THE_SILENT","items_purchased":["Membership Card","Apotheosis","PiercingWail","Bandage Up","Secret Technique","Footwork","Forethought"],"campfire_rested":0,"item_purchase_floors":[8,14,22,22,37,37,37],"current_hp_per_floor":[55,55,48,48,48,48,45,45,45,45,39,39,31,31,31,19,54,54,48,45,38,38,38,40,40,40,60,65,65,65,66,66,23,55,66,66,66,57,11,16,16,0,0],"gold":89,"neow_bonus":"HUNDRED_GOLD","is_daily":false,"chose_seed":false,"campfire_upgraded":7,"win_rate":0.0,"timestamp":1608185522,"path_taken":["M","?","?","?","M","R","M","?","T","M","E","R","E","$","R","BOSS","M","?","M","M","$","R","E","R","T","E","M","?","R","M","R","BOSS","M","M","$","M","M","E","?","E"],"items_purchased_type":["Relic","Card","Card","Card","Card","Card","Card"],"build_version":"2020-12-13","purchased_purges":2,"victory":false,"max_hp_per_floor":[66,66,66,66,66,66,66,66,66,66,66,66,66,66,66,66,66,66,66,66,66,66,66,66,66,66,66,66,66,66,66,66,66,66,66,66,66,66,66,66,66,66,66],"relic_stats":{"Torii":0,"counters":[21,113],"Tiny Chest":0,"Bag of Preparation":[32],"Whetstone":["RitualDagger","Die Die Die"],"obtain_stats":[{"Torii":40,"Tiny Chest":13,"Bag of Preparation":11,"Membership Card":8,"Whetstone":27,"Ancient Tea Set":9,"StrikeDummy":24,"Ring of the Serpent":17,"Ring of the Snake":0,"Runic Pyramid":34},{"Torii":20,"Tiny Chest":6,"Bag of Preparation":5,"Membership Card":3,"Whetstone":12,"Ancient Tea Set":3,"StrikeDummy":11,"Ring of the Serpent":7,"Ring of the Snake":0,"Runic Pyramid":15},{"Torii":111,"Tiny Chest":30,"Bag of Preparation":23,"Membership Card":16,"Whetstone":55,"Ancient Tea Set":16,"StrikeDummy":50,"Ring of the Serpent":37,"Ring of the Snake":0,"Runic Pyramid":77}]},"card_choices":[{"not_picked":["Flying Knee","Sucker Punch"],"picked":"Terror","floor":1.0},{"not_picked":["Poisoned Stab","Cloak And Dagger"],"picked":"Dagger Spray","floor":5.0},{"not_picked":["Bouncing Flask","Acrobatics"],"picked":"Corpse Explosion","floor":7.0},{"not_picked":["Setup","Outmaneuver"],"picked":"Noxious Fumes","floor":10.0},{"not_picked":["Deflect","Terror","Poisoned Stab"],"picked":"SKIP","floor":11.0},{"not_picked":["Masterful Stab","Corpse Explosion"],"picked":"Predator","floor":13.0},{"not_picked":["Grand Finale","Wraith Form v2"],"picked":"Burst","floor":16.0},{"not_picked":["Blade Dance","Slice","Dagger Spray"],"picked":"SKIP","floor":18.0},{"not_picked":["Bane","Outmaneuver"],"picked":"PiercingWail","floor":20.0},{"not_picked":["Dagger Spray","Flying Knee"],"picked":"Die Die Die","floor":21.0},{"not_picked":["Prepared","Corpse Explosion","Cloak And Dagger"],"picked":"SKIP","floor":24.0},{"not_picked":["Dagger Throw","Deadly Poison"],"picked":"PiercingWail","floor":27.0},{"not_picked":["Cloak And Dagger","Dagger Spray"],"picked":"Backflip+1","floor":28.0},{"not_picked":["Backstab","Flying Knee+1","Dagger Spray"],"picked":"SKIP","floor":31.0},{"not_picked":["Doppelganger","Glass Knife"],"picked":"Night Terror","floor":33.0},{"not_picked":["Sucker Punch","Dodge and Roll+1","Masterful Stab"],"picked":"SKIP","floor":35.0},{"not_picked":["Dodge and Roll","Endless Agony","Poisoned Stab"],"picked":"SKIP","floor":36.0},{"not_picked":["Deflect","Deadly Poison"],"picked":"PiercingWail","floor":38.0},{"not_picked":["Dagger Throw+1","Quick Slash"],"picked":"Calculated Gamble","floor":39.0},{"not_picked":["Caltrops","Dash","Underhanded Strike"],"picked":"SKIP","floor":40.0}],"player_experience":5660862,"relics_obtained":[{"floor":9.0,"key":"Ancient Tea Set"},{"floor":11.0,"key":"Bag of Preparation"},{"floor":13.0,"key":"Tiny Chest"},{"floor":24.0,"key":"StrikeDummy"},{"floor":27.0,"key":"Whetstone"},{"floor":40.0,"key":"Torii"}],"event_choices":[{"damage_healed":0.0,"max_hp_gain":0.0,"max_hp_loss":0.0,"gold_gain":0.0,"event_name":"Liars Game","player_choice":"Ignored","floor":2.0,"gold_loss":0.0,"damage_taken":0.0},{"cards_removed":["Strike_G"],"damage_healed":0.0,"max_hp_gain":0.0,"max_hp_loss":0.0,"gold_gain":0.0,"event_name":"Golden Wing","player_choice":"Card Removal","floor":3.0,"gold_loss":0.0,"damage_taken":7.0},{"cards_removed":["Strike_G"],"damage_healed":0.0,"max_hp_gain":0.0,"max_hp_loss":0.0,"gold_gain":0.0,"event_name":"The Cleric","player_choice":"Card Removal","floor":4.0,"gold_loss":75.0,"damage_taken":0.0},{"damage_healed":0.0,"max_hp_gain":0.0,"max_hp_loss":0.0,"gold_gain":0.0,"event_name":"Nest","player_choice":"Joined the Cult","floor":19.0,"gold_loss":0.0,"damage_taken":6.0,"cards_obtained":["RitualDagger"]},{"damage_healed":0.0,"max_hp_gain":0.0,"max_hp_loss":0.0,"gold_gain":0.0,"event_name":"Vampires","player_choice":"Ignored","floor":29.0,"gold_loss":0.0,"damage_taken":0.0},{"damage_healed":0,"gold_gain":0,"player_choice":"Memory 1","damage_taken":0,"max_hp_gain":0,"max_hp_loss":0,"event_name":"SensoryStone","floor":41,"gold_loss":0}],"is_beta":false,"boss_relics":[{"not_picked":["Snecko Eye","Busted Crown"],"picked":"Ring of the Serpent"},{"not_picked":["Black Star","WristBlade"],"picked":"Runic Pyramid"}],"items_purged_floors":[22,37],"is_endless":false,"potions_floor_spawned":[5,7,10,21,27,28,39],"killed_by":"Reptomancer","ascension_level":20}}