{"host":"o1wkfo8ppvrprpet","time":1608220522,"event":{"mods":["Aspiration","Astrologer","BaseMod","CapriCore","Colored Powertips","Koishi","Minty Spire (QoL Compilation)","Replay The Spire","RumiaBox-露米娅的神秘盒子","Spicy Shops","StSLib","The Administrix","The Alterego","The Gatherer","The Immortal","Waifu the Spire"],"gold_per_floor":[111,129,229,240,260,260,260],"floor_reached":6,"playtime":293,"items_purged":[],"score":38,"play_id":"f4f260f1-3c82-4c4d-81e8-df2a754f697a","local_time":"20201217235522","is_ascension_mode":false,"campfire_choices":[],"circlet_count":0,"master_deck":["alterego_mod:Strike","alterego_mod:Strike","alterego_mod:Strike","alterego_mod:Strike","alterego_mod:Defend","alterego_mod:Defend","alterego_mod:Defend","alterego_mod:Defend","alterego_mod:Impale","alterego_mod:BigMeatyClaws","alterego_mod:BrynhildrsRune","alterego_mod:Cycle","alterego_mod:PerceptionDisorder","alterego_mod:1TonWallop","alterego_mod:Cushion"],"relics":["alterego_mod:MasochisticConstitution","NeowsBlessing"],"acts_visited":["Exordium"],"potions_floor_usage":[],"damage_taken":[{"damage":0,"enemies":"Small Slimes","floor":1,"turns":1},{"damage":0,"enemies":"Cultist","floor":2,"turns":1},{"damage":0,"enemies":"Jaw Worm","floor":4,"turns":1},{"damage":17,"enemies":"Large Slime","floor":5,"turns":7},{"damage":73,"enemies":"Gremlin Nob","floor":6,"turns":6}],"seed_played":"-2126942235966402591","potions_obtained":[{"floor":4,"key":"BlessingOfTheForge"}],"is_trial":false,"path_per_floor":["M","M","?","M","M","E"],"character_chosen":"The_Alterego","items_purchased":[],"campfire_rested":0,"item_purchase_floors":[],"current_hp_per_floor":[70,70,70,70,68,0,0],"gold":260,"neow_bonus":"THREE_ENEMY_KILL","is_daily":false,"chose_seed":false,"campfire_upgraded":0,"win_rate":0.0,"timestamp":1608220522,"path_taken":["M","M","?","?","?","E"],"items_purchased_type":[],"build_version":"2020-12-13","purchased_purges":0,"victory":false,"max_hp_per_floor":[70,70,70,70,71,71,71],"card_choices":[{"not_picked":["alterego_mod:TrashNCrash","alterego_mod:Cooking"],"picked":"alterego_mod:Cycle","floor":1},{"not_picked":["alterego_mod:GoddessCore","alterego_mod:Schoolgirl"],"picked":"alterego_mod:PerceptionDisorder","floor":2},{"not_picked":["alterego_mod:Cushion","alterego_mod:DiscoLights"],"picked":"alterego_mod:1TonWallop","floor":4},{"not_picked":["alterego_mod:MagicResistance","alterego_mod:Valentines"],"picked":"alterego_mod:Cushion","floor":5}],"player_experience":598254,"relics_obtained":[],"event_choices":[{"damage_healed":0,"gold_gain":100,"player_choice":"Pray","damage_taken":0,"max_hp_gain":0,"max_hp_loss":0,"event_name":"Golden Shrine","floor":3,"gold_loss":0}],"is_beta":false,"boss_relics":[],"items_purged_floors":[],"is_endless":false,"potions_floor_spawned":[4],"killed_by":"Gremlin Nob","ascension_level":0}}