{"host":"yvoppmyq353hf3pf","time":1608193102,"event":{"mods":["BaseMod","Colored Map","Colored Powertips","Downfall","Minty Spire (QoL Compilation)","StSLib"],"gold_per_floor":[99,134,234,234,159,159,184,213,223,148,164,174,187,287,299,299,299],"floor_reached":16,"playtime":809,"items_purged":[],"score":135,"play_id":"19734937-0c4c-40e3-bdb2-ffef2fc864bc","local_time":"20201217021822","is_ascension_mode":false,"campfire_choices":[{"floor":1.0,"key":"RECALL"},{"data":"Slimebound:Split","floor":5.0,"key":"SMITH"},{"data":"Slimebound:Equalize","floor":10.0,"key":"SMITH"}],"circlet_count":0,"master_deck":["Slimebound:Strike_Slimebound","Slimebound:Strike_Slimebound","Slimebound:Strike_Slimebound","Slimebound:Tackle","Slimebound:Defend_Slimebound","Slimebound:Defend_Slimebound","Slimebound:Defend_Slimebound","Slimebound:Defend_Slimebound","Slimebound:Split+1","Slimebound:CorrosiveSpit","Slimebound:ViciousTackle","Slimebound:LeechingTouch","Slimebound:Replication","Slimebound:Equalize+1","Slimebound:SamplingLick","Slimebound:Schlurp","Slimebound:FirmFortitude","Slimebound:GrowthPunch"],"relics":["Slimebound:AbsorbEndCombat","downfall:HeartsMalice","The Courier","downfall:HeartBlessingRed","Pocketwatch","downfall:HeartBlessingBlue"],"acts_visited":["Exordium"],"potions_floor_usage":[],"damage_taken":[{"damage":0.0,"enemies":"Gremlin Nob","floor":2.0,"turns":1.0},{"damage":0.0,"enemies":"Jaw Worm","floor":4.0,"turns":1.0},{"damage":0.0,"enemies":"Cultist","floor":6.0,"turns":1.0},{"damage":37.0,"enemies":"3 Sentries","floor":8.0,"turns":7.0},{"damage":16.0,"enemies":"Small Slimes","floor":9.0,"turns":4.0},{"damage":11.0,"enemies":"3 Louse","floor":11.0,"turns":4.0},{"damage":27.0,"enemies":"Large Slime","floor":12.0,"turns":7.0},{"damage":21.0,"enemies":"2 Fungi Beasts","floor":13.0,"turns":3.0},{"damage":21,"enemies":"Exordium Thugs","floor":15,"turns":4},{"damage":53,"enemies":"downfall:Defect","floor":16,"turns":5}],"seed_played":"291555114532307042","potions_obtained":[{"floor":8.0,"key":"LiquidBronze"},{"floor":12.0,"key":"ColorlessPotion"},{"floor":13.0,"key":"Block Potion"}],"is_trial":false,"path_per_floor":["R","E","?","M","R","M","T","E","M","R","M","M","M","?","M","B"],"character_chosen":"SLIMEBOUND","items_purchased":[],"campfire_rested":0,"item_purchase_floors":[],"current_hp_per_floor":[60,60,60,60,60,60,60,37,33,43,48,49,44,44,45,0,0],"gold":299,"neow_bonus":"THREE_ENEMY_KILL","is_daily":false,"chose_seed":false,"campfire_upgraded":2,"win_rate":0.0,"timestamp":1608193102,"path_taken":["R","E","?","M","R","M","T","E","M","R","?","M","?","?","M","BOSS"],"items_purchased_type":[],"build_version":"2020-12-13","purchased_purges":0,"victory":false,"max_hp_per_floor":[60,60,60,60,60,60,60,60,60,70,70,70,70,70,70,70,70],"card_choices":[{"not_picked":["Slimebound:Chomp","Slimebound:SplitLeeching"],"picked":"Slimebound:ViciousTackle","floor":2.0},{"not_picked":["Slimebound:SplitLeeching","Slimebound:LeechEnergy"],"picked":"Slimebound:LeechingTouch","floor":4.0},{"not_picked":["Slimebound:Repurpose","Slimebound:SlimeTap"],"picked":"Slimebound:Replication","floor":6.0},{"not_picked":["Slimebound:SplitLeeching","Slimebound:TongueLash","Slimebound:SlimeBrawl"],"picked":"SKIP","floor":8.0},{"not_picked":["Slimebound:GrowthPunch","Slimebound:GoopTackle"],"picked":"Slimebound:Equalize","floor":9.0},{"not_picked":["Slimebound:SpikyOuterGoop","Slimebound:Repurpose"],"picked":"Slimebound:SamplingLick","floor":11.0},{"not_picked":["Slimebound:FirmFortitude","Slimebound:SpikyOuterGoop"],"picked":"Slimebound:Schlurp","floor":12.0},{"not_picked":["Slimebound:ComboTackle","Slimebound:SplitLeeching"],"picked":"Slimebound:FirmFortitude","floor":13.0},{"not_picked":["Slimebound:Schlurp","Slimebound:LeechingTouch"],"picked":"Slimebound:GrowthPunch","floor":15}],"player_experience":1559282,"relics_obtained":[{"floor":2.0,"key":"The Courier"},{"floor":8.0,"key":"Pocketwatch"}],"event_choices":[],"is_beta":false,"boss_relics":[],"items_purged_floors":[],"is_endless":false,"potions_floor_spawned":[8,12,13],"killed_by":"downfall:Defect","ascension_level":0}}