{"host":"gkm149kh1ihaqy0o","time":1608168259,"event":{"mods":["AchievementEnabler","BaseMod","Colored Powertips","Googly Eyes","Key Reminder","Minty Spire (QoL Compilation)","Permanent Neow","Quick Restart","Random Character Button","Rare Cards Sparkle","Relic Sorter","Relic Stats","SuperFastMode","Unceasing Turn Reminder","everything is the same but u backflip on backflip"],"gold_per_floor":[114,129,144,159,84,114,114,129,129,144,174,174,174,204,204,304,304,319,82,82,7,22,22,52,52,77,77,77,107,107,0,0,100,100,115,115,165,165,15,15,45,45,45,75,75,75,100,125,125,125],"floor_reached":51,"playtime":1859,"items_purged":["Strike_B"],"score":828,"play_id":"71b508b4-abef-46ae-b67a-9db4b9ea85eb","local_time":"20201216192419","daily_mods":["Specialized","Flight","Lethality"],"is_ascension_mode":false,"campfire_choices":[{"data":"Storm","floor":7,"key":"SMITH"},{"floor":12,"key":"REST"},{"floor":15,"key":"REST"},{"floor":23,"key":"REST"},{"floor":25,"key":"REST"},{"data":"Seek","floor":27,"key":"SMITH"},{"floor":30,"key":"REST"},{"data":"Turbo","floor":32,"key":"SMITH"},{"data":"Apotheosis","floor":40,"key":"SMITH"},{"floor":45,"key":"REST"},{"data":"Self Repair","floor":46,"key":"SMITH"},{"data":"Machine Learning","floor":49,"key":"SMITH"}],"circlet_count":0,"master_deck":["Defend_B+1","Defend_B","Defend_B","Zap+1","White Noise","White Noise","White Noise","White Noise","White Noise","Self Repair+1","Storm+1","Turbo+1","Force Field","Steam","FTL+1","Buffer","Electrodynamics","Auto Shields+1","Conserve Battery+1","Beam Cell+1","Recycle+1","Seek+1","Reinforced Body+1","Steam Power","Machine Learning+1","Ball Lightning+1","Pain","Finesse","Apotheosis+1","Blind","Coolheaded+1","Reboot"],"relics":["Cracked Core","Strawberry","Pear","Bottled Flame","Bottled Tornado","Astrolabe","MealTicket","Centennial Puzzle","Tiny Chest","Blood Vial","Black Star","WarpedTongs","Toy Ornithopter","ClockworkSouvenir","War Paint","Dream Catcher","Pantograph","Bronze Scales","HornCleat","Pen Nib","Whetstone"],"acts_visited":["Exordium","TheCity","TheBeyond"],"potions_floor_usage":[4,6,16,16,18,24,24,50],"damage_taken":[{"damage":9,"enemies":"Cultist","floor":1,"turns":3},{"damage":0,"enemies":"2 Louse","floor":2,"turns":2},{"damage":14,"enemies":"Jaw Worm","floor":3,"turns":2},{"damage":13,"enemies":"2 Fungi Beasts","floor":4,"turns":2},{"damage":0,"enemies":"3 Sentries","floor":6,"turns":2},{"damage":18,"enemies":"3 Louse","floor":8,"turns":2},{"damage":19,"enemies":"Large Slime","floor":10,"turns":3},{"damage":19,"enemies":"Gremlin Nob","floor":11,"turns":3},{"damage":13,"enemies":"3 Sentries","floor":14,"turns":4},{"damage":48,"enemies":"Hexaghost","floor":16,"turns":6},{"damage":84,"enemies":"3 Byrds","floor":18,"turns":4},{"damage":0,"enemies":"Chosen","floor":22,"turns":3},{"damage":30,"enemies":"Slavers","floor":24,"turns":4},{"damage":20,"enemies":"Book of Stabbing","floor":29,"turns":4},{"damage":1,"enemies":"Champ","floor":33,"turns":10},{"damage":6,"enemies":"3 Shapes","floor":35,"turns":2},{"damage":20,"enemies":"Nemesis","floor":41,"turns":5},{"damage":36,"enemies":"Reptomancer","floor":44,"turns":5},{"damage":72,"enemies":"Awakened One","floor":50,"turns":12}],"seed_played":"-4230686447748436371","potions_obtained":[{"floor":3,"key":"AttackPotion"},{"floor":4,"key":"DistilledChaos"},{"floor":8,"key":"Dexterity Potion"},{"floor":10,"key":"PotionOfCapacity"},{"floor":16,"key":"Block Potion"},{"floor":22,"key":"SkillPotion"},{"floor":44,"key":"Explosive Potion"}],"is_trial":false,"path_per_floor":["M","M","M","M","$","E","R","M","T","M","E","R","?","E","R","B",null,"M","$","?","?","M","R","E","R","T","R","?","E","R","?","R","B",null,"M","?","T","?","$","R","E","?","T","E","R","R","T","T","R","B",null],"character_chosen":"DEFECT","items_purchased":["Seek","Fruit Juice","ClockworkSouvenir"],"campfire_rested":6,"item_purchase_floors":[19,19,39],"current_hp_per_floor":[66,66,59,46,46,60,60,49,59,47,35,62,55,49,76,35,92,15,15,15,15,22,49,31,60,60,60,60,47,76,76,76,84,97,91,91,91,81,96,96,87,87,87,63,92,92,92,92,92,35],"gold":125,"neow_bonus":"","is_daily":true,"chose_seed":false,"campfire_upgraded":6,"win_rate":0.0,"timestamp":1608168259,"path_taken":["M","M","M","M","$","E","R","M","T","M","E","R","?","E","R","BOSS","M","$","?","?","M","R","E","R","T","R","?","E","R","?","R","BOSS","M","?","?","?","$","R","E","?","T","E","R","R","?","?","R","BOSS"],"items_purchased_type":["Card","Potion","Relic"],"build_version":"2020-12-13","purchased_purges":1,"victory":true,"max_hp_per_floor":[75,75,75,75,75,82,82,82,92,92,92,92,92,92,92,92,92,92,92,92,92,92,92,97,97,97,97,97,97,97,97,97,97,97,97,97,97,97,97,97,97,97,97,97,97,97,97,97,97,97],"relic_stats":{"counters":[19,77],"Astrolabe":["Auto Shields","Conserve Battery","Beam Cell"],"Pen Nib":[1],"Whetstone":["FTL"],"War Paint":["Defend_B","Zap"],"WarpedTongs":[8],"Blood Vial":5,"Centennial Puzzle":[18],"Dream Catcher":1,"Pantograph":5,"Bronze Scales":[63],"MealTicket":15,"Tiny Chest":2,"Black Star":2,"obtain_stats":[{"Pear":9,"Astrolabe":17,"Pen Nib":47,"Whetstone":48,"Bottled Tornado":14,"War Paint":41,"WarpedTongs":36,"ClockworkSouvenir":39,"Blood Vial":29,"Bottled Flame":11,"Centennial Puzzle":24,"Dream Catcher":41,"HornCleat":44,"Strawberry":6,"Pantograph":43,"Bronze Scales":44,"MealTicket":20,"Tiny Chest":26,"Black Star":34,"Cracked Core":0,"Toy Ornithopter":37},{"Pear":6,"Astrolabe":10,"Pen Nib":18,"Whetstone":18,"Bottled Tornado":9,"War Paint":17,"WarpedTongs":16,"ClockworkSouvenir":16,"Blood Vial":14,"Bottled Flame":8,"Centennial Puzzle":13,"Dream Catcher":17,"HornCleat":18,"Strawberry":5,"Pantograph":17,"Bronze Scales":18,"MealTicket":11,"Tiny Chest":13,"Black Star":15,"Cracked Core":0,"Toy Ornithopter":16},{"Pear":13,"Astrolabe":28,"Pen Nib":65,"Whetstone":65,"Bottled Tornado":22,"War Paint":60,"WarpedTongs":55,"ClockworkSouvenir":55,"Blood Vial":43,"Bottled Flame":19,"Centennial Puzzle":39,"Dream Catcher":60,"HornCleat":65,"Strawberry":11,"Pantograph":60,"Bronze Scales":65,"MealTicket":32,"Tiny Chest":39,"Black Star":53,"Cracked Core":0,"Toy Ornithopter":55}],"Toy Ornithopter":0},"card_choices":[{"not_picked":["Redo","Ball Lightning"],"picked":"Self Repair","floor":1},{"not_picked":["Barrage","Blizzard"],"picked":"Storm","floor":2},{"not_picked":["Tempest","Ball Lightning"],"picked":"Turbo","floor":3},{"not_picked":["Turbo","Leap","Sweeping Beam"],"picked":"SKIP","floor":4},{"not_picked":["Barrage","Ball Lightning"],"picked":"Force Field","floor":6},{"not_picked":["Go for the Eyes","Self Repair"],"picked":"Steam","floor":8},{"not_picked":["Melter","Rebound"],"picked":"FTL","floor":10},{"not_picked":["Scrape","Cold Snap","Consume"],"picked":"SKIP","floor":11},{"not_picked":["Compile Driver","Barrage"],"picked":"Buffer","floor":14},{"not_picked":["Seek","Reboot"],"picked":"Electrodynamics","floor":16},{"not_picked":["Compile Driver","Stack"],"picked":"Recycle+1","floor":18},{"not_picked":["Beam Cell","Reprogram+1"],"picked":"Reinforced Body+1","floor":22},{"not_picked":["All For One","Coolheaded"],"picked":"Steam Power","floor":24},{"not_picked":["Compile Driver","Redo+1","Cold Snap+1"],"picked":"SKIP","floor":29},{"not_picked":["Seek","Rainbow"],"picked":"Machine Learning","floor":33},{"not_picked":["Darkness+1","Self Repair"],"picked":"Ball Lightning+1","floor":35},{"not_picked":["Sadistic Nature","Forethought"],"picked":"Finesse","floor":38},{"not_picked":["Jack Of All Trades","Blind"],"picked":"Apotheosis","floor":38},{"not_picked":["Forethought","Discovery"],"picked":"Blind","floor":38},{"not_picked":["Aggregate","Conserve Battery+1"],"picked":"Coolheaded+1","floor":41},{"not_picked":["Stack","Ball Lightning"],"picked":"Reboot","floor":44}],"player_experience":580649,"relics_obtained":[{"floor":6,"key":"Strawberry"},{"floor":9,"key":"Pear"},{"floor":11,"key":"Bottled Flame"},{"floor":14,"key":"Bottled Tornado"},{"floor":24,"key":"Centennial Puzzle"},{"floor":26,"key":"Tiny Chest"},{"floor":29,"key":"Blood Vial"},{"floor":37,"key":"Toy Ornithopter"},{"floor":41,"key":"War Paint"},{"floor":41,"key":"Dream Catcher"},{"floor":43,"key":"Pantograph"},{"floor":44,"key":"Bronze Scales"},{"floor":44,"key":"HornCleat"},{"floor":47,"key":"Pen Nib"},{"floor":48,"key":"Whetstone"}],"event_choices":[{"cards_removed":["Strike_B"],"damage_healed":0,"gold_gain":0,"player_choice":"Card Removal","damage_taken":7,"max_hp_gain":0,"max_hp_loss":0,"event_name":"Golden Wing","floor":13,"gold_loss":0},{"damage_healed":0,"gold_gain":0,"player_choice":"Stole Relic","damage_taken":0,"relics_obtained":["MealTicket"],"max_hp_gain":0,"max_hp_loss":0,"event_name":"Addict","floor":20,"gold_loss":0,"cards_obtained":["Shame"]},{"cards_removed":["Shame"],"damage_healed":0,"gold_gain":0,"player_choice":"Gave Gold","damage_taken":0,"max_hp_gain":0,"max_hp_loss":0,"event_name":"Beggar","floor":21,"gold_loss":75},{"damage_healed":0,"gold_gain":0,"player_choice":"Ignored","damage_taken":0,"max_hp_gain":0,"max_hp_loss":0,"event_name":"Vampires","floor":28,"gold_loss":0},{"damage_healed":0,"gold_gain":0,"player_choice":"Paid Fearfully","damage_taken":0,"max_hp_gain":0,"max_hp_loss":0,"event_name":"Masked Bandits","floor":31,"gold_loss":107},{"damage_healed":0,"gold_gain":0,"player_choice":"Rummage","damage_taken":0,"relics_obtained":["WarpedTongs"],"max_hp_gain":0,"max_hp_loss":0,"event_name":"Accursed Blacksmith","floor":36,"gold_loss":0,"cards_obtained":["Pain"]},{"damage_healed":0,"gold_gain":0,"player_choice":"Memory 3","damage_taken":10,"max_hp_gain":0,"max_hp_loss":0,"event_name":"SensoryStone","floor":38,"gold_loss":0},{"cards_removed":["Dualcast"],"damage_healed":0,"gold_gain":0,"player_choice":"Removed Skill","damage_taken":0,"max_hp_gain":0,"max_hp_loss":0,"event_name":"Falling","floor":42,"gold_loss":0}],"is_beta":false,"boss_relics":[{"not_picked":["Runic Pyramid","Busted Crown"],"picked":"Astrolabe"},{"not_picked":["SacredBark","Coffee Dripper"],"picked":"Black Star"}],"items_purged_floors":[5],"is_endless":false,"potions_floor_spawned":[3,4,8,10,16,22,44],"ascension_level":0}}