{"host":"nox","time":1608183628,"event":{"mods":["BaseMod","Colored Powertips","Minty Spire (QoL Compilation)","Quick Restart","Replay The Spire","StSLib"],"gold_per_floor":[118,118,130,144,156,185,185,216,216,242,242,72,88,88,88],"floor_reached":14,"playtime":314,"items_purged":["Strike_B"],"score":162,"play_id":"bfba7047-61a6-45d9-bc53-9755c87a5a21","local_time":"20201217124028","is_ascension_mode":true,"campfire_choices":[{"floor":7.0,"key":"REST"}],"circlet_count":0,"master_deck":["Strike_B","Strike_B","Strike_B","Defend_B+1","Defend_B","Defend_B","Defend_B","Zap","Dualcast","Gash+1","Beam Cell","Rebound+1","Madness"],"relics":["Cracked Core","NeowsBlessing","ReplayFunnel","Bronze Scales","DataDisk","Blue Candle"],"acts_visited":["Exordium"],"potions_floor_usage":[],"damage_taken":[{"damage":0.0,"enemies":"Small Slimes","floor":1.0,"turns":1.0},{"damage":0.0,"enemies":"Cultist","floor":3.0,"turns":1.0},{"damage":0.0,"enemies":"Jaw Worm","floor":4.0,"turns":1.0},{"damage":7.0,"enemies":"Looter","floor":5.0,"turns":3.0},{"damage":57.0,"enemies":"3 Sentries","floor":6.0,"turns":6.0},{"damage":0.0,"enemies":"Lagavulin","floor":8.0,"turns":6.0},{"damage":16.0,"enemies":"Gremlin Nob","floor":10.0,"turns":4.0},{"damage":0,"enemies":"Large Slime","floor":13,"turns":4},{"damage":10,"enemies":"Lagavulin","floor":14,"turns":2}],"seed_played":"1074224052280241393","potions_obtained":[{"floor":3.0,"key":"Milkshake"},{"floor":5.0,"key":"AttackPotion"},{"floor":6.0,"key":"PotionOfCapacity"}],"is_trial":false,"path_per_floor":["M","?","M","M","M","E","R","E","T","E","?","$","M","E"],"character_chosen":"DEFECT","items_purchased":["Madness"],"campfire_rested":1,"item_purchase_floors":[12],"current_hp_per_floor":[75,75,75,75,68,11,33,33,33,17,2,2,2,0,0],"gold":88,"neow_bonus":"THREE_ENEMY_KILL","is_daily":false,"chose_seed":false,"campfire_upgraded":0,"win_rate":0.0,"timestamp":1608183628,"path_taken":["M","?","?","M","M","E","R","E","T","E","?","$","M","E"],"items_purchased_type":["Card"],"build_version":"2020-11-17","purchased_purges":1,"victory":false,"max_hp_per_floor":[75,75,75,75,75,75,75,75,75,75,75,75,75,75,75],"card_choices":[{"not_picked":["Cold Snap","Compile Driver"],"picked":"Gash","floor":1.0},{"not_picked":["Doom and Gloom","Hologram"],"picked":"Beam Cell","floor":3.0},{"not_picked":["Capacitor","Barrage","Streamline"],"picked":"SKIP","floor":4.0},{"not_picked":["Darkness","Leap","Loop"],"picked":"SKIP","floor":5.0},{"not_picked":["Doom and Gloom","Panic Button","Hologram"],"picked":"SKIP","floor":6.0},{"not_picked":["Undo","Reprogram","Machine Learning"],"picked":"SKIP","floor":8.0},{"not_picked":["ReplaySort","BasicCrystalCard"],"picked":"Rebound","floor":10.0},{"not_picked":["Rebound","Redo","Hello World"],"picked":"SKIP","floor":13}],"player_experience":156848,"relics_obtained":[{"floor":6.0,"key":"ReplayFunnel"},{"floor":8.0,"key":"Bronze Scales"},{"floor":9.0,"key":"DataDisk"},{"floor":10.0,"key":"Blue Candle"}],"event_choices":[{"damage_healed":0.0,"max_hp_gain":0.0,"max_hp_loss":0.0,"gold_gain":0.0,"event_name":"Upgrade Shrine","player_choice":"Upgraded","floor":2.0,"gold_loss":0.0,"damage_taken":0.0,"cards_upgraded":["Gash"]},{"damage_healed":0.0,"max_hp_gain":0.0,"max_hp_loss":0.0,"gold_gain":0.0,"event_name":"Shining Light","player_choice":"Entered Light","floor":11.0,"gold_loss":0.0,"damage_taken":15.0,"cards_upgraded":["Rebound","Defend_B"]}],"is_beta":true,"boss_relics":[],"items_purged_floors":[12],"is_endless":false,"potions_floor_spawned":[3,5,6],"killed_by":"Lagavulin","ascension_level":4}}