{"host":"zftkeu5v9gqs3wr3","time":1608245545,"event":{"mods":["Act Like it!","Bard","BaseMod","CapriCore","Elementarium","Gensokyo","Jorbs\u0027s Wanderer Trilogy","Mad Scientist","Minty Spire (QoL Compilation)","Potionbrewer","Rare Cards Sparkle","Shade Mod","StSLib","The Cursed","The Immortal","The Runesmith","TheSwordswoman"],"gold_per_floor":[118,137,155,174,185,185,197,217,217,237,237,248,260,274,274,379,429,443,443,457,477,151,151,163,178,178,21,41,54,54,64,64,64,64],"floor_reached":33,"playtime":3339,"items_purged":[],"score":278,"play_id":"b303e5aa-7b9a-412d-ad22-4c3ecf33e484","local_time":"20201217225225","is_ascension_mode":false,"campfire_choices":[{"data":"Survivor","floor":6,"key":"SMITH"},{"data":"Poisoned Stab","floor":11,"key":"SMITH"},{"floor":15,"key":"REST"},{"floor":23,"key":"REST"},{"floor":32,"key":"REST"}],"circlet_count":0,"master_deck":["Strike_G","Strike_G","Strike_G+1","Strike_G","Strike_G","Defend_G","Defend_G","Defend_G","Defend_G","Defend_G","Survivor+1","Neutralize","Blade Dance","Outmaneuver","Poisoned Stab","Catalyst","Adrenaline","Poisoned Stab+1","Slice","Poisoned Stab","Poisoned Stab","Burst","Slice","Prepared+1","Blade Dance+1","Mayhem","Well Laid Plans","PiercingWail+1","Bane","Shame"],"relics":["Ring of the Snake","NeowsBlessing","Bottled Flame","Tiny House","Toolbox","potionbrewer:MortarAndPestle","Lee\u0027s Waffle","potionbrewer:BottledElixir"],"acts_visited":["Exordium","TheCity"],"potions_floor_usage":[8,16,16,16,18,25,25,28,29],"damage_taken":[{"damage":0,"enemies":"Cultist","floor":1,"turns":1},{"damage":0,"enemies":"Small Slimes","floor":2,"turns":1},{"damage":0,"enemies":"Jaw Worm","floor":3,"turns":1},{"damage":7,"enemies":"Large Slime","floor":4,"turns":7},{"damage":5,"enemies":"Looter","floor":5,"turns":4},{"damage":5,"enemies":"3 Louse","floor":7,"turns":5},{"damage":0,"enemies":"Exordium Wildlife","floor":8,"turns":4},{"damage":0,"enemies":"2 Fungi Beasts","floor":10,"turns":3},{"damage":7,"enemies":"Blue Slaver","floor":12,"turns":3},{"damage":0,"enemies":"3 Louse","floor":13,"turns":2},{"damage":2,"enemies":"Red Slaver","floor":14,"turns":2},{"damage":19,"enemies":"The Guardian","floor":16,"turns":6},{"damage":0,"enemies":"Chosen","floor":18,"turns":4},{"damage":12,"enemies":"Shell Parasite","floor":20,"turns":3},{"damage":43,"enemies":"Centurion and Healer","floor":21,"turns":7},{"damage":24,"enemies":"3 Cultists","floor":24,"turns":7},{"damage":16,"enemies":"Snake Plant","floor":25,"turns":5},{"damage":11,"enemies":"Sentry and Sphere","floor":28,"turns":3},{"damage":14,"enemies":"Snecko","floor":29,"turns":4},{"damage":39,"enemies":"Snake Plant","floor":31,"turns":4},{"damage":70,"enemies":"Automaton","floor":33,"turns":6}],"seed_played":"475926580336717030","potions_obtained":[{"floor":3,"key":"Poison Potion"},{"floor":4,"key":"potionbrewer:NoxiousPotion"},{"floor":5,"key":"potionbrewer:HastePotion"},{"floor":13,"key":"Strength Potion"},{"floor":14,"key":"potionbrewer:DiscountPotion"},{"floor":17,"key":"Weak Potion"},{"floor":21,"key":"potionbrewer:AcidPotion"},{"floor":24,"key":"potionbrewer:BarricadePotion"},{"floor":25,"key":"potionbrewer:SplittingPotion"},{"floor":28,"key":"CunningPotion"}],"is_trial":false,"path_per_floor":["M","M","M","M","M","R","M","M","T","M","R","M","M","M","R","B",null,"M","?","M","M","$","R","M","M","T","$","M","M","?","M","R","B"],"character_chosen":"THE_SILENT","items_purchased":["Mayhem","Toolbox","Lee\u0027s Waffle"],"campfire_rested":3,"item_purchase_floors":[22,22,27],"current_hp_per_floor":[70,70,70,63,58,58,53,53,53,53,53,46,46,44,65,46,75,75,75,63,20,20,42,18,2,7,82,71,57,57,18,42,0,0],"gold":64,"neow_bonus":"THREE_ENEMY_KILL","is_daily":false,"chose_seed":false,"campfire_upgraded":2,"win_rate":0.0,"timestamp":1608245545,"path_taken":["M","M","M","?","M","R","M","M","T","M","R","M","M","M","R","BOSS","M","?","M","?","?","R","M","M","T","$","M","M","?","M","R","BOSS"],"items_purchased_type":["Card","Relic","Relic"],"build_version":"2020-12-13","purchased_purges":0,"victory":false,"max_hp_per_floor":[70,70,70,70,70,70,70,70,70,70,70,70,70,70,70,70,75,75,75,75,75,75,75,75,75,75,82,82,82,82,82,82,82,82],"card_choices":[{"not_picked":["Backstab","Dagger Spray"],"picked":"Blade Dance","floor":1},{"not_picked":["Prepared","Deflect"],"picked":"Outmaneuver","floor":2},{"not_picked":["Slice","Leg Sweep"],"picked":"Poisoned Stab","floor":3},{"not_picked":["Bane","Endless Agony"],"picked":"Catalyst","floor":4},{"not_picked":["Underhanded Strike","Dodge and Roll","Dagger Spray"],"picked":"SKIP","floor":5},{"not_picked":["Reflex","Escape Plan"],"picked":"Adrenaline","floor":7},{"not_picked":["Catalyst","Bane"],"picked":"Poisoned Stab","floor":8},{"not_picked":["Acrobatics","Choke"],"picked":"Slice","floor":10},{"not_picked":["Reflex","Skewer"],"picked":"Poisoned Stab","floor":12},{"not_picked":["Deflect","Tactician"],"picked":"Poisoned Stab","floor":13},{"not_picked":["Quick Slash","Dagger Throw","Acrobatics"],"picked":"SKIP","floor":14},{"not_picked":["Die Die Die","Wraith Form v2"],"picked":"Burst","floor":16},{"not_picked":["Finisher","Cloak And Dagger","Tactician+1"],"picked":"SKIP","floor":18},{"not_picked":["Reflex+1","Flying Knee"],"picked":"Prepared+1","floor":20},{"not_picked":["Bane","Prepared+1"],"picked":"Blade Dance+1","floor":21},{"not_picked":["Dagger Throw","Tactician"],"picked":"Well Laid Plans","floor":24},{"not_picked":["Outmaneuver","Glass Knife"],"picked":"PiercingWail+1","floor":25},{"not_picked":["Dagger Spray","Acrobatics"],"picked":"Bane","floor":28},{"not_picked":["Acrobatics+1","Underhanded Strike","Tactician"],"picked":"SKIP","floor":29},{"not_picked":["Dash+1","Bane","Heel Hook"],"picked":"SKIP","floor":31}],"player_experience":65553,"relics_obtained":[{"floor":9,"key":"Bottled Flame"},{"floor":26,"key":"potionbrewer:MortarAndPestle"}],"event_choices":[{"damage_healed":0,"gold_gain":0,"player_choice":"Copied","damage_taken":0,"max_hp_gain":0,"max_hp_loss":0,"event_name":"Duplicator","floor":19,"gold_loss":0,"cards_obtained":["Slice"]},{"damage_healed":0,"gold_gain":0,"player_choice":"Stole Relic","damage_taken":0,"relics_obtained":["potionbrewer:BottledElixir"],"max_hp_gain":0,"max_hp_loss":0,"event_name":"Addict","floor":30,"gold_loss":0,"cards_obtained":["Shame"]}],"is_beta":false,"boss_relics":[{"not_picked":["Snecko Eye","Runic Pyramid"],"picked":"Tiny House"}],"items_purged_floors":[],"is_endless":false,"potions_floor_spawned":[3,4,5,13,14,21,24,25,28],"killed_by":"Automaton","ascension_level":0}}