{"host":"2pffx5rqbod9ds0c","time":1608176645,"event":{"mods":["BaseMod","Better Altar","Better Match","Better Note","Better Sensory Stone","Better Skull","Better Third Choice","Custom Start","Hubris","Minty Spire (QoL Compilation)","Quick Restart","Relic Stats","Robot Space Explorer","Spicy Shops","StSLib"],"gold_per_floor":[16,27,245,583,603,638,638,658,658,684,684,170,182,216,216,318,318,333,333,34,133,146,179,192,202,202,235,250,250,263,294,294,399,399,420,470,482,491,491,532,532,562,562,462,489,512,522,542,542,542],"floor_reached":51,"playtime":4048,"items_purged":["RobotSpaceExplorer:Strike+1","RobotSpaceExplorer:Strike+1","Pride","RobotSpaceExplorer:Strike+1"],"score":1169,"play_id":"bdac7d7a-3532-4fb7-97ca-e6de3cd88f3d","local_time":"20201216194405","is_ascension_mode":true,"campfire_choices":[{"data":"RobotSpaceExplorer:PlasmaMissile","floor":7.0,"key":"SMITH"},{"data":"RobotSpaceExplorer:SlimeMissile","floor":11.0,"key":"SMITH"},{"data":"hubris:EnhanceAbility","floor":15.0,"key":"SMITH"},{"data":"1","floor":29.0,"key":"LIFT"},{"data":"2","floor":32.0,"key":"LIFT"},{"data":"RobotSpaceExplorer:ShockMissile","floor":41,"key":"SMITH"},{"data":"3","floor":49,"key":"LIFT"}],"circlet_count":0,"master_deck":["RobotSpaceExplorer:Defend+1","RobotSpaceExplorer:Defend+1","RobotSpaceExplorer:Defend+1","RobotSpaceExplorer:Scan+1","RobotSpaceExplorer:Explosion+1","RobotSpaceExplorer:SelfCleaning+1","RobotSpaceExplorer:PlasmaMissile+1","RobotSpaceExplorer:FrostMissile","RobotSpaceExplorer:SlimeMissile+1","RobotSpaceExplorer:HighVoltage","RobotSpaceExplorer:FreezeRay","hubris:EnhanceAbility+1","RobotSpaceExplorer:StunGrenade","RobotSpaceExplorer:Explosion+1","RobotSpaceExplorer:FreezeRay","RobotSpaceExplorer:PlasmaMissile","RobotSpaceExplorer:FrostMissile","RobotSpaceExplorer:ShockMissile+1","RobotSpaceExplorer:FrostMissile+1"],"relics":["RobotSpaceExplorer:RoboCore","Nunchaku","Orichalcum","Membership Card","hubris:ToyBattleship","Ancient Tea Set","Anchor","Darkstone Periapt","MealTicket","Gremlin Horn","Mummified Hand","Girya","War Paint","hubris:OldNail","Lee\u0027s Waffle","Art of War","Busted Crown","DollysMirror","PreservedInsect","Bronze Scales","Bag of Marbles","hubris:DeckOfHolding","Blue Candle","CeramicFish","Centennial Puzzle","hubris:Backtick","hubris:Reverence","hubris:Potato","Kunai","Akabeko","Bottled Flame","Prayer Wheel"],"acts_visited":["Exordium","TheCity","TheBeyond"],"potions_floor_usage":[],"damage_taken":[{"damage":0.0,"enemies":"Small Slimes","floor":1.0,"turns":3.0},{"damage":0.0,"enemies":"Cultist","floor":2.0,"turns":4.0},{"damage":0.0,"enemies":"Jaw Worm","floor":5.0,"turns":3.0},{"damage":0.0,"enemies":"Gremlin Nob","floor":6.0,"turns":2.0},{"damage":0.0,"enemies":"Looter","floor":8.0,"turns":2.0},{"damage":0.0,"enemies":"3 Sentries","floor":10.0,"turns":6.0},{"damage":0.0,"enemies":"Exordium Wildlife","floor":13.0,"turns":1.0},{"damage":0.0,"enemies":"Gremlin Nob","floor":14.0,"turns":3.0},{"damage":14.0,"enemies":"The Guardian","floor":16.0,"turns":6.0},{"damage":0.0,"enemies":"3 Byrds","floor":18.0,"turns":3.0},{"damage":0.0,"enemies":"Spheric Guardian","floor":22.0,"turns":1.0},{"damage":0.0,"enemies":"Slavers","floor":23.0,"turns":2.0},{"damage":0.0,"enemies":"3 Cultists","floor":24.0,"turns":1.0},{"damage":0.0,"enemies":"Cultist and Chosen","floor":25.0,"turns":2.0},{"damage":0.0,"enemies":"Gremlin Leader","floor":27.0,"turns":2.0},{"damage":0.0,"enemies":"Snecko","floor":28.0,"turns":2.0},{"damage":0.0,"enemies":"Snake Plant","floor":30.0,"turns":1.0},{"damage":0.0,"enemies":"Slavers","floor":31.0,"turns":2.0},{"damage":12.0,"enemies":"Champ","floor":33.0,"turns":4.0},{"damage":0.0,"enemies":"Orb Walker","floor":35.0,"turns":1.0},{"damage":18.0,"enemies":"Mind Bloom Boss Battle","floor":36.0,"turns":4.0},{"damage":0.0,"enemies":"3 Shapes","floor":37.0,"turns":1.0},{"damage":0,"enemies":"Nemesis","floor":40,"turns":5},{"damage":0,"enemies":"Giant Head","floor":42,"turns":4},{"damage":0,"enemies":"Nemesis","floor":45,"turns":1},{"damage":0,"enemies":"Maw","floor":46,"turns":2},{"damage":0,"enemies":"4 Shapes","floor":47,"turns":1},{"damage":0,"enemies":"Jaw Worm Horde","floor":48,"turns":1},{"damage":0,"enemies":"Awakened One","floor":50,"turns":3}],"seed_played":"8218886693413793006","potions_obtained":[{"floor":1.0,"key":"Dexterity Potion"},{"floor":2.0,"key":"EssenceOfSteel"},{"floor":8.0,"key":"AttackPotion"},{"floor":35.0,"key":"LiquidMemories"}],"is_trial":false,"path_per_floor":["M","M","?","$","M","E","R","M","T","E","R","$","M","E","R","B",null,"M","?","$","?","M","E","M","M","T","E","M","R","M","E","R","B",null,"M","?","M","?","?","E","R","E","T","NS","E","M","M","M","R","B",null],"character_chosen":"RobotSpaceExplorer","items_purchased":["Membership Card","RobotSpaceExplorer:PlasmaMissile","hubris:ToyBattleship","Ancient Tea Set","Anchor","Darkstone Periapt","Girya","War Paint","hubris:OldNail","RobotSpaceExplorer:FreezeRay","Lee\u0027s Waffle","hubris:EnhanceAbility","DollysMirror","PreservedInsect","Bronze Scales","Bag of Marbles"],"campfire_rested":0,"item_purchase_floors":[4,4,4,4,4,4,12,12,12,12,12,12,20,20,20,20],"current_hp_per_floor":[75,75,59,59,59,59,59,59,59,59,59,88,88,88,88,74,88,88,88,88,88,88,88,88,88,88,88,88,88,88,88,88,76,88,88,70,70,70,70,70,70,70,70,70,70,70,70,70,70,70],"gold":542,"neow_bonus":"THREE_RARE_CARDS","is_daily":false,"chose_seed":false,"campfire_upgraded":4,"win_rate":0.0,"timestamp":1608176645,"path_taken":["M","M","?","?","M","E","R","M","T","E","R","$","M","E","R","BOSS","M","?","$","?","M","E","M","M","T","E","M","R","M","E","R","BOSS","M","?","M","?","?","E","R","E","T","NS","E","?","M","M","R","BOSS"],"items_purchased_type":["Relic","Card","Relic","Relic","Relic","Relic","Relic","Relic","Relic","Card","Relic","Card","Relic","Relic","Relic","Relic"],"build_version":"2020-12-13","purchased_purges":4,"victory":true,"max_hp_per_floor":[75,75,75,75,75,75,75,75,75,75,75,88,88,88,88,88,88,88,88,88,88,88,88,88,88,88,88,88,88,88,88,88,88,88,88,88,88,88,88,88,88,88,88,88,88,88,88,88,88,88],"relic_stats":{"Darkstone Periapt":6,"Lee\u0027s Waffle":8,"Gremlin Horn":[24,24],"counters":[29,73],"Blue Candle":[0],"CeramicFish":36,"PreservedInsect":343,"Orichalcum":[42],"War Paint":[],"Nunchaku":[25],"Centennial Puzzle":[6],"Busted Crown":44,"Mummified Hand":[52],"Bronze Scales":[66],"MealTicket":15,"Prayer Wheel":3,"Art of War":[0],"Kunai":[16],"obtain_stats":[{"Darkstone Periapt":4,"Gremlin Horn":9,"CeramicFish":27,"Ancient Tea Set":4,"Nunchaku":3,"Centennial Puzzle":31,"hubris:Backtick":34,"Mummified Hand":10,"DollysMirror":20,"MealTicket":6,"hubris:DeckOfHolding":23,"Prayer Wheel":45,"Kunai":40,"Girya":12,"Lee\u0027s Waffle":12,"Blue Candle":26,"RobotSpaceExplorer:RoboCore":0,"PreservedInsect":20,"Orichalcum":3,"War Paint":12,"Akabeko":42,"Anchor":4,"Bottled Flame":43,"Busted Crown":17,"Bronze Scales":20,"hubris:ToyBattleship":4,"Art of War":14,"Bag of Marbles":20,"Membership Card":4,"hubris:OldNail":12,"hubris:Potato":36,"hubris:Reverence":34},{"Darkstone Periapt":2,"Gremlin Horn":5,"CeramicFish":15,"Ancient Tea Set":2,"Nunchaku":2,"Centennial Puzzle":18,"hubris:Backtick":19,"Mummified Hand":6,"DollysMirror":10,"MealTicket":4,"hubris:DeckOfHolding":12,"Prayer Wheel":25,"Kunai":23,"Girya":6,"Lee\u0027s Waffle":6,"Blue Candle":14,"RobotSpaceExplorer:RoboCore":0,"PreservedInsect":10,"Orichalcum":2,"War Paint":6,"Akabeko":24,"Anchor":2,"Bottled Flame":24,"Busted Crown":9,"Bronze Scales":10,"hubris:ToyBattleship":2,"Art of War":8,"Bag of Marbles":10,"Membership Card":2,"hubris:OldNail":6,"hubris:Potato":21,"hubris:Reverence":19},{"Darkstone Periapt":7,"Gremlin Horn":14,"CeramicFish":41,"Ancient Tea Set":7,"Nunchaku":7,"Centennial Puzzle":46,"hubris:Backtick":50,"Mummified Hand":20,"DollysMirror":33,"MealTicket":12,"hubris:DeckOfHolding":36,"Prayer Wheel":66,"Kunai":61,"Girya":20,"Lee\u0027s Waffle":20,"Blue Candle":39,"RobotSpaceExplorer:RoboCore":0,"PreservedInsect":33,"Orichalcum":7,"War Paint":20,"Akabeko":65,"Anchor":7,"Bottled Flame":65,"Busted Crown":30,"Bronze Scales":33,"hubris:ToyBattleship":7,"Art of War":24,"Bag of Marbles":33,"Membership Card":7,"hubris:OldNail":20,"hubris:Potato":55,"hubris:Reverence":50}]},"card_choices":[{"not_picked":["RobotSpaceExplorer:Multitool","RobotSpaceExplorer:ShockMissile"],"picked":"RobotSpaceExplorer:Explosion","floor":0.0},{"not_picked":["RobotSpaceExplorer:Blitz","RobotSpaceExplorer:FreezeRay","RobotSpaceExplorer:DoubleFind"],"picked":"SKIP","floor":1.0},{"not_picked":["RobotSpaceExplorer:Probe","RobotSpaceExplorer:DoubleBlock"],"picked":"RobotSpaceExplorer:SelfCleaning","floor":2.0},{"not_picked":["RobotSpaceExplorer:GlueShot","RobotSpaceExplorer:ScrapShield","RobotSpaceExplorer:ExhaustFan"],"picked":"SKIP","floor":5.0},{"not_picked":["RobotSpaceExplorer:JunkDive","RobotSpaceExplorer:ShockKick"],"picked":"RobotSpaceExplorer:FrostMissile","floor":6.0},{"not_picked":["RobotSpaceExplorer:ShovelStrike","RobotSpaceExplorer:Ammunition"],"picked":"RobotSpaceExplorer:SlimeMissile","floor":8.0},{"not_picked":["RobotSpaceExplorer:MakeshiftVolley","RobotSpaceExplorer:SelfCleaning"],"picked":"RobotSpaceExplorer:HighVoltage","floor":10.0},{"not_picked":["RobotSpaceExplorer:SurgingShield","RobotSpaceExplorer:IronShell","RobotSpaceExplorer:Counterblock"],"picked":"SKIP","floor":13.0},{"not_picked":["RobotSpaceExplorer:RigExplosive","RobotSpaceExplorer:FranticSearch"],"picked":"RobotSpaceExplorer:StunGrenade","floor":14.0},{"not_picked":["RobotSpaceExplorer:SurgingShield"],"picked":"SKIP","floor":18.0},{"not_picked":["RobotSpaceExplorer:ScrapToss"],"picked":"SKIP","floor":22.0},{"not_picked":["RobotSpaceExplorer:MiniDrones"],"picked":"SKIP","floor":23.0},{"not_picked":["RobotSpaceExplorer:Ammunition"],"picked":"SKIP","floor":24.0},{"not_picked":[],"picked":"RobotSpaceExplorer:FreezeRay","floor":25.0},{"not_picked":["RobotSpaceExplorer:ShockKick"],"picked":"SKIP","floor":27.0},{"not_picked":["RobotSpaceExplorer:ToxicBomb"],"picked":"SKIP","floor":28.0},{"not_picked":["RobotSpaceExplorer:Blitz"],"picked":"SKIP","floor":30.0},{"not_picked":["RobotSpaceExplorer:SelfCleaning+1"],"picked":"SKIP","floor":31.0},{"not_picked":[],"picked":"RobotSpaceExplorer:PlasmaMissile","floor":35.0},{"not_picked":["RobotSpaceExplorer:FranticSearch+1"],"picked":"SKIP","floor":37.0},{"not_picked":[],"picked":"RobotSpaceExplorer:ShockMissile","floor":40},{"not_picked":["RobotSpaceExplorer:ShovelStrike"],"picked":"SKIP","floor":42},{"not_picked":["RobotSpaceExplorer:Calculate+1"],"picked":"SKIP","floor":45},{"not_picked":[],"picked":"RobotSpaceExplorer:FrostMissile+1","floor":46},{"not_picked":["RobotSpaceExplorer:DoubleFind+1"],"picked":"SKIP","floor":46},{"not_picked":["RobotSpaceExplorer:MakeshiftVolley+1"],"picked":"SKIP","floor":47},{"not_picked":["RobotSpaceExplorer:StunGrenade+1"],"picked":"SKIP","floor":47},{"not_picked":["RobotSpaceExplorer:ImprovisedAttack"],"picked":"SKIP","floor":48},{"not_picked":["RobotSpaceExplorer:BlastShield"],"picked":"SKIP","floor":48}],"player_experience":771155,"relics_obtained":[{"floor":6.0,"key":"MealTicket"},{"floor":9.0,"key":"Gremlin Horn"},{"floor":10.0,"key":"Mummified Hand"},{"floor":14.0,"key":"Art of War"},{"floor":23.0,"key":"hubris:DeckOfHolding"},{"floor":26.0,"key":"Blue Candle"},{"floor":27.0,"key":"CeramicFish"},{"floor":31.0,"key":"Centennial Puzzle"},{"floor":36.0,"key":"hubris:Potato"},{"floor":40,"key":"Kunai"},{"floor":42,"key":"Akabeko"},{"floor":43,"key":"Bottled Flame"},{"floor":45,"key":"Prayer Wheel"}],"event_choices":[{"damage_healed":0.0,"max_hp_gain":0.0,"max_hp_loss":0.0,"gold_gain":218.0,"event_name":"betterSkull:BetterSkull","player_choice":"UP UP UP UP UP UP UP UP UP UP UP UP RE RE GO GO ","floor":3.0,"gold_loss":0.0,"damage_taken":340.0,"cards_upgraded":["RobotSpaceExplorer:Strike","RobotSpaceExplorer:Strike","RobotSpaceExplorer:Defend","RobotSpaceExplorer:Strike","RobotSpaceExplorer:Scan","RobotSpaceExplorer:Strike","RobotSpaceExplorer:Defend","RobotSpaceExplorer:Defend","RobotSpaceExplorer:Explosion","RobotSpaceExplorer:Defend","RobotSpaceExplorer:MiniLasers","RobotSpaceExplorer:SelfCleaning"],"relics_obtained":["Nunchaku","Orichalcum"]},{"damage_healed":0.0,"max_hp_gain":0.0,"max_hp_loss":0.0,"gold_gain":0.0,"event_name":"betterNote:BetterNote","player_choice":"Ignored","floor":19.0,"gold_loss":0.0,"damage_taken":0.0,"cards_obtained":["RobotSpaceExplorer:ChargingLaser"]},{"damage_healed":0.0,"max_hp_gain":0.0,"max_hp_loss":0.0,"gold_gain":99.0,"event_name":"betterThird:BetterNest","player_choice":"Steal","floor":21.0,"gold_loss":0.0,"damage_taken":0.0},{"damage_healed":0.0,"max_hp_gain":0.0,"max_hp_loss":0.0,"gold_gain":0.0,"event_name":"MindBloom","player_choice":"Fight","floor":36.0,"gold_loss":0.0,"damage_taken":0.0},{"cards_removed":["RobotSpaceExplorer:Strike"],"damage_healed":0.0,"max_hp_gain":0.0,"max_hp_loss":0.0,"gold_gain":0.0,"event_name":"Bonfire Elementals","player_choice":"Offered Basic","floor":39.0,"gold_loss":0.0,"damage_taken":0.0}],"is_beta":false,"boss_relics":[{"not_picked":["Pandora\u0027s Box","hubris:TerracottaHorce"],"picked":"Busted Crown"},{"not_picked":["hubris:ScarierMask","Empty Cage"],"picked":"hubris:Backtick"}],"items_purged_floors":[4,4,12,12],"is_endless":false,"potions_floor_spawned":[1,2,8,14,16,18,25,28,31,35,40,42,47],"ascension_level":1}}