{"host":"qy6st0zp32tctd9l","time":1608204092,"event":{"mods":["AchievementEnabler","BaseMod","Colored Map","Downfall","Hermit","Marisa£®ÏF”Í°°ƒß¿Ì…≥£©","Minty Spire (QoL Compilation)","Remilia£®¿Ÿ√◊¿Ú—«£©","StSLib","The Cursed","The Servant 0.9.4","UnlockEverythingMod"],"gold_per_floor":[112,128,148,148,163,198,44,78,78,78,78,78,97,107,107,211,211,226,526,626,626,626],"floor_reached":21,"playtime":670,"items_purged":[],"score":278,"play_id":"847a84ed-1528-482e-aa53-ccfed634979e","local_time":"20201217192132","is_ascension_mode":true,"campfire_choices":[{"floor":10.0,"key":"REST"},{"data":"BlazingStar","floor":12.0,"key":"SMITH"},{"floor":15.0,"key":"RECALL"}],"circlet_count":0,"master_deck":["Strike_MRS","Strike_MRS","Strike_MRS","Strike_MRS","Defend_MRS","Defend_MRS","Defend_MRS+1","Defend_MRS+1","MasterSpark","UpSweep","ChargeUpSpray","BlazingStar+1","NonDirectionalLaser","SporeBomb","EscapeVelocity+1","MagicChant","AsteroidBelt+1","Greed_TH"],"relics":["MiniHakkero","Toy Ornithopter","War Paint","Matryoshka","Orichalcum","SlaversCollar"],"acts_visited":["Exordium","TheCity"],"potions_floor_usage":[21],"damage_taken":[{"damage":13.0,"enemies":"Jaw Worm","floor":1.0,"turns":4.0},{"damage":7.0,"enemies":"Small Slimes","floor":2.0,"turns":3.0},{"damage":1.0,"enemies":"Cultist","floor":3.0,"turns":3.0},{"damage":8.0,"enemies":"Exordium Wildlife","floor":5.0,"turns":4.0},{"damage":8.0,"enemies":"Gremlin Nob","floor":6.0,"turns":3.0},{"damage":27.0,"enemies":"3 Sentries","floor":8.0,"turns":7.0},{"damage":11.0,"enemies":"Looter","floor":13.0,"turns":3.0},{"damage":2.0,"enemies":"Exordium Thugs","floor":14.0,"turns":4.0},{"damage":17.0,"enemies":"The Guardian","floor":16.0,"turns":7.0},{"damage":21.0,"enemies":"Spheric Guardian","floor":18.0,"turns":4.0},{"damage":0,"enemies":"2 Thieves","floor":21,"turns":1}],"seed_played":"-8290773921817896925","potions_obtained":[{"floor":2.0,"key":"ShroomBrew"},{"floor":6.0,"key":"Strength Potion"},{"floor":8.0,"key":"Block Potion"},{"floor":13.0,"key":"SpeedPotion"},{"floor":18.0,"key":"Slimebound:ThreeZeroPotion"}],"is_trial":false,"path_per_floor":["M","M","M","?","M","E","$","E","T","R","?","R","M","M","R","B",null,"M","?","?","M"],"character_chosen":"MARISA","items_purchased":["War Paint"],"campfire_rested":1,"item_purchase_floors":[7],"current_hp_per_floor":[55,48,47,47,39,31,31,4,4,26,26,26,15,18,18,6,58,37,37,37,42,42],"gold":626,"neow_bonus":"RANDOM_COLORLESS","is_daily":false,"chose_seed":false,"campfire_upgraded":1,"win_rate":0.0,"timestamp":1608204092,"path_taken":["M","M","M","?","M","E","$","E","T","R","?","R","M","?","R","BOSS","M","?","?","?"],"items_purchased_type":["Relic"],"build_version":"2020-12-13","purchased_purges":0,"victory":false,"max_hp_per_floor":[75,75,75,75,75,75,75,75,75,75,75,75,75,75,75,75,75,75,75,75,75,75],"card_choices":[{"not_picked":["Acceleration","UnstableBomb"],"picked":"ChargeUpSpray","floor":1.0},{"not_picked":["EnergyRecoil","IllusionStar"],"picked":"RefractionSpark","floor":2.0},{"not_picked":["AsteroidBelt","UnstableBomb"],"picked":"BlazingStar","floor":3.0},{"not_picked":["EarthLightRay","WitchOfGreed"],"picked":"SporeBomb","floor":5.0},{"not_picked":["LuminesStrike","MilkyWay"],"picked":"EscapeVelocity","floor":6.0},{"not_picked":["IllusionStar","PowerUp","DragonMeteor"],"picked":"SKIP","floor":8.0},{"not_picked":["LuminesStrike","UnstableBomb","GravityBeat"],"picked":"SKIP","floor":13.0},{"not_picked":["Robbery","StarlightTyphoon"],"picked":"MagicChant","floor":14.0},{"not_picked":["SuperPerseids","MilkyWay"],"picked":"AsteroidBelt+1","floor":18.0}],"player_experience":116642,"relics_obtained":[{"floor":6.0,"key":"Toy Ornithopter"},{"floor":8.0,"key":"Matryoshka"},{"floor":9.0,"key":"Orichalcum"}],"event_choices":[{"damage_healed":0.0,"max_hp_gain":0.0,"max_hp_loss":0.0,"gold_gain":0.0,"cards_transformed":["RefractionSpark"],"event_name":"Living Wall","player_choice":"Change","floor":4.0,"gold_loss":0.0,"damage_taken":0.0,"cards_obtained":["NonDirectionalLaser"]},{"damage_healed":0.0,"max_hp_gain":0.0,"max_hp_loss":0.0,"gold_gain":0.0,"event_name":"Upgrade Shrine","player_choice":"Upgraded","floor":11.0,"gold_loss":0.0,"damage_taken":0.0,"cards_upgraded":["EscapeVelocity"]},{"damage_healed":0,"gold_gain":100,"player_choice":"Pray","damage_taken":0,"max_hp_gain":0,"max_hp_loss":0,"event_name":"Golden Shrine","floor":20,"gold_loss":0}],"is_beta":false,"boss_relics":[{"not_picked":["Black Star","Fusion Hammer"],"picked":"SlaversCollar"}],"items_purged_floors":[],"is_endless":false,"potions_floor_spawned":[2,6,8,13,18],"killed_by":"2 Thieves","ascension_level":6}}