{"host":"syfd7bej9fmvsdy8","time":1608244702,"event":{"mods":["Act Like it!","BaseMod","BetterRewards","Colored Map","Colored Powertips","Downfall","Elementarium","Gensokyo","Hallownest","Hubris","Infinite Spire","Minty Spire (QoL Compilation)","Quick Restart","Rare Cards Sparkle","Replay The Spire","Shade Mod","Shop Mod","Spikes Relics","StSLib"],"gold_per_floor":[116,116,116,136,136,136,136,33,33,33,44,44,44,44,44,44,44],"floor_reached":16,"playtime":598,"items_purged":["Defend_G"],"score":86,"play_id":"cc7a5463-a9ac-4645-913a-86a07451c375","local_time":"20201217223822","is_ascension_mode":false,"campfire_choices":[{"data":"Strike_G","floor":6,"key":"SMITH"},{"data":"Cloak And Dagger","floor":7,"key":"SMITH"},{"data":"Outmaneuver","floor":10,"key":"SMITH"},{"data":"Strike_G","floor":12,"key":"SMITH"},{"floor":15,"key":"DIG"}],"circlet_count":0,"master_deck":["Strike_G+1","Strike_G+1","Strike_G","Strike_G","Strike_G","Defend_G","Defend_G","Defend_G","Defend_G","Survivor","Neutralize+1","Outmaneuver+1","Cloak And Dagger+1","Quick Slash+1"],"relics":["Ring of the Snake","Blue Doll","hubris:Icosahedron","Gensokyo:PortableGap","infinitespire:FocusingShard","hubris:Metronome"],"acts_visited":["Exordium"],"potions_floor_usage":[],"damage_taken":[{"damage":6,"enemies":"Gensokyo:Python","floor":1,"turns":4},{"damage":10,"enemies":"Gensokyo:Gryphon","floor":4,"turns":4},{"damage":3,"enemies":"Gensokyo:3_Fairies","floor":11,"turns":4},{"damage":51,"enemies":"Gensokyo:Yukari","floor":16,"turns":8}],"seed_played":"2595417861289637024","potions_obtained":[],"is_trial":false,"path_per_floor":["M","?","?","M","?","R","R","$","T","R","M","R","?","$","R_BF","B"],"character_chosen":"THE_SILENT","items_purchased":["Quick Slash+1"],"campfire_rested":0,"item_purchase_floors":[8],"current_hp_per_floor":[64,64,64,54,54,54,54,54,54,54,51,51,46,46,46,0,0],"gold":44,"neow_bonus":"RANDOM_COMMON_RELIC","is_daily":false,"chose_seed":false,"campfire_upgraded":4,"win_rate":0.0,"timestamp":1608244702,"path_taken":["M","?","?","M","?","R","R","$","T","R","?","R","?","?","R_BF","BOSS"],"items_purchased_type":["Card"],"build_version":"2020-12-13","purchased_purges":1,"victory":false,"max_hp_per_floor":[70,70,70,70,63,60,60,60,60,57,57,54,54,51,51,51,51],"card_choices":[{"not_picked":["Blade Dance","ReplayTheSpireMod:Shiv Toss"],"picked":"Outmaneuver","floor":1},{"not_picked":["Expertise","Dodge and Roll"],"picked":"Cloak And Dagger","floor":4},{"not_picked":["Blade Dance","Acrobatics","Choke"],"picked":"SKIP","floor":11}],"player_experience":168008,"relics_obtained":[{"floor":9,"key":"infinitespire:FocusingShard"},{"floor":15,"key":"hubris:Metronome"}],"event_choices":[],"is_beta":false,"boss_relics":[],"items_purged_floors":[8],"is_endless":false,"potions_floor_spawned":[],"killed_by":"Gensokyo:Yukari","ascension_level":0}}