{"host":"sdjng9zhqonqi3uc","time":1608217700,"event":{"mods":["AchievementEnabler","BaseMod","BetterRewards","Colored Powertips","Hero for Fun","Minty Spire (QoL Compilation)","StSLib","Td1madao Mod"],"gold_per_floor":[15,15,35,56,70,106,106,106,158,179,192,192,230,249,249,377,377,395,413,438,348,368,399,147,178,178,202,246,271,312,328,328,454,454,467,342,356,689,689,689,706,735,762,782,782,813,813,824,824,824,824,824,127,162,162],"floor_reached":56,"playtime":728,"items_purged":["Defend_Y","Defend_Y","Defend_Y","Wear_Disguise"],"score":2187,"play_id":"8513162d-6bcf-40cb-b978-0bdc0e488e48","local_time":"20201217160820","is_ascension_mode":true,"campfire_choices":[{"floor":7,"key":"RECALL"},{"data":"Serious_Punch","floor":15,"key":"SMITH"},{"data":"Consecutive_Normal_Punch","floor":32,"key":"SMITH"},{"data":"Terrifying_Presence","floor":40,"key":"SMITH"},{"data":"Get_Hopes_Up","floor":47,"key":"SMITH"},{"data":"Ignore","floor":49,"key":"SMITH"},{"data":"Oh","floor":52,"key":"SMITH"}],"circlet_count":0,"master_deck":["Strike_Y","Strike_Y","Strike_Y","Strike_Y","Strike_Y","Slap+1","Toss_Stone","Do_Nothing","Get_Hopes_Up+1","Consecutive_Normal_Punch+1","Serious_Punch+1","Terrifying_Presence+1","Yawn","Ignore+1","Oh+1","Side_Hop+1","Hip_Strike"],"relics":["Cape","Happy Flower","Question Card","Philosopher\u0027s Stone","PreservedInsect","Vajra","Darkstone Periapt","White Beast Statue","MealTicket","Tiny Chest","Coffee Dripper","Bag of Preparation","Art of War","Prayer Wheel","HandDrill","Nunchaku","HornCleat","Turnip"],"acts_visited":["Exordium","TheCity","TheBeyond","TheEnding"],"potions_floor_usage":[29],"damage_taken":[{"damage":0,"enemies":"Small Slimes","floor":1,"turns":2},{"damage":0,"enemies":"Jaw Worm","floor":3,"turns":1},{"damage":0,"enemies":"2 Louse","floor":4,"turns":2},{"damage":0,"enemies":"Exordium Thugs","floor":5,"turns":2},{"damage":0,"enemies":"Lagavulin","floor":6,"turns":1},{"damage":0,"enemies":"Looter","floor":10,"turns":1},{"damage":0,"enemies":"3 Louse","floor":11,"turns":1},{"damage":0,"enemies":"3 Sentries","floor":13,"turns":1},{"damage":0,"enemies":"Large Slime","floor":14,"turns":1},{"damage":0,"enemies":"Slime Boss","floor":16,"turns":1},{"damage":0,"enemies":"3 Byrds","floor":18,"turns":2},{"damage":0,"enemies":"Spheric Guardian","floor":19,"turns":1},{"damage":0,"enemies":"Chosen and Byrds","floor":20,"turns":1},{"damage":0,"enemies":"Shelled Parasite and Fungi","floor":22,"turns":1},{"damage":0,"enemies":"Gremlin Leader","floor":23,"turns":1},{"damage":0,"enemies":"Slavers","floor":25,"turns":1},{"damage":0,"enemies":"Snecko","floor":27,"turns":1},{"damage":0,"enemies":"Book of Stabbing","floor":28,"turns":1},{"damage":0,"enemies":"Chosen and Byrds","floor":29,"turns":1},{"damage":0,"enemies":"Gremlin Leader","floor":30,"turns":1},{"damage":0,"enemies":"Centurion and Healer","floor":31,"turns":2},{"damage":0,"enemies":"Collector","floor":33,"turns":1},{"damage":0,"enemies":"3 Darklings","floor":35,"turns":2},{"damage":0,"enemies":"Orb Walker","floor":37,"turns":1},{"damage":0,"enemies":"Writhing Mass","floor":41,"turns":1},{"damage":0,"enemies":"Reptomancer","floor":42,"turns":1},{"damage":0,"enemies":"Transient","floor":44,"turns":1},{"damage":0,"enemies":"Giant Head","floor":46,"turns":1},{"damage":0,"enemies":"4 Shapes","floor":48,"turns":1},{"damage":0,"enemies":"Time Eater","floor":50,"turns":1},{"damage":0,"enemies":"Shield and Spear","floor":54,"turns":1},{"damage":0,"enemies":"The Heart","floor":55,"turns":4}],"seed_played":"-5909752086538075865","potions_obtained":[{"floor":4,"key":"Fruit Juice"},{"floor":25,"key":"EssenceOfSteel"},{"floor":27,"key":"ColorlessPotion"},{"floor":29,"key":"PowerPotion"}],"is_trial":false,"path_per_floor":["M","?","M","M","M","E","R","?","T","M","M","?","E","M","R","B",null,"M","M","M","?","M","E","$","E","T","M","E","M","E","M","R","B",null,"M","$","M","?","?","R","M","E","T","M","?","E","R","M","R","B",null,"R","$","E","B",null],"character_chosen":"OPM","items_purchased":["Slap","Toss_Stone","Do_Nothing","Get_Hopes_Up","Wear_Disguise","Vajra","HandDrill","Nunchaku","HornCleat"],"campfire_rested":0,"item_purchase_floors":[0,0,0,0,0,24,53,53,53],"current_hp_per_floor":[999,920,920,920,920,920,920,920,920,920,920,920,920,920,920,920,920,920,920,920,920,920,920,920,920,920,920,920,925,925,925,925,925,925,925,925,925,925,925,925,925,925,925,925,879,879,879,879,879,879,879,879,879,879,879],"gold":162,"neow_bonus":"","is_daily":false,"chose_seed":false,"campfire_upgraded":6,"win_rate":0.0,"timestamp":1608217700,"path_taken":["M","?","M","M","M","E","R","?","T","M","M","?","E","M","R","BOSS","M","M","M","?","M","E","?","E","T","M","E","M","E","M","R","BOSS","M","$","M","?","?","R","M","E","T","M","?","E","R","M","R","BOSS","R","$","E","BOSS"],"items_purchased_type":["Card","Card","Card","Card","Card","Relic","Relic","Relic","Relic"],"build_version":"2020-12-13","purchased_purges":4,"victory":true,"max_hp_per_floor":[999,920,920,920,920,920,920,920,920,920,920,920,920,920,920,920,920,920,920,920,920,920,920,920,920,920,920,920,925,925,925,925,925,925,925,925,925,925,925,925,925,925,925,925,879,879,879,879,879,879,879,879,879,879,879],"card_choices":[{"not_picked":["Ignore","Hop","Side_Hop"],"picked":"SKIP","floor":1},{"not_picked":["Hop","Ignore","Yawn"],"picked":"SKIP","floor":3},{"not_picked":["Side_Hop","Slap","Yawn"],"picked":"SKIP","floor":4},{"not_picked":["Slap","Yawn","Ignore"],"picked":"SKIP","floor":5},{"not_picked":["Get_Hopes_Up","Side_Hop","Consecutive_Normal_Punch"],"picked":"SKIP","floor":6},{"not_picked":["Hop","Yawn","Toss_Stone"],"picked":"SKIP","floor":10},{"not_picked":["Yawn","Slap","Hop"],"picked":"SKIP","floor":11},{"not_picked":["Wear_Disguise","Normal_Punch"],"picked":"Consecutive_Normal_Punch","floor":13},{"not_picked":["Ignore","Do_Nothing","Toss_Stone"],"picked":"Serious_Punch","floor":14},{"not_picked":["Hip_Strike","Get_Hopes_Up","Serious_Punch"],"picked":"Terrifying_Presence","floor":16},{"not_picked":["Slap","Consecutive_Normal_Punch","Ignore"],"picked":"Yawn","floor":18},{"not_picked":["Yawn+1","Side_Hop","Do_Nothing","Consecutive_Normal_Punch"],"picked":"SKIP","floor":19},{"not_picked":["Yawn+1","Hop","Wear_Disguise","Ignore"],"picked":"SKIP","floor":20},{"not_picked":["Do_Nothing","Consecutive_Normal_Punch","Yawn"],"picked":"Ignore","floor":22},{"not_picked":["Get_Hopes_Up","Side_Hop+1","Ignore"],"picked":"Oh","floor":23},{"not_picked":["Toss_Stone","Consecutive_Normal_Punch","Wear_Disguise+1","Ignore+1"],"picked":"SKIP","floor":25},{"not_picked":["Ignore+1","Do_Nothing+1","Slap","Side_Hop"],"picked":"SKIP","floor":27},{"not_picked":["Serious_Punch","Slap","Consecutive_Normal_Punch","Yawn"],"picked":"SKIP","floor":28},{"not_picked":["Hop","Side_Hop+1","Yawn","Normal_Punch"],"picked":"SKIP","floor":29},{"not_picked":["Normal_Punch","Wear_Disguise","Oh"],"picked":"Side_Hop+1","floor":30},{"not_picked":["Wear_Disguise+1","Yawn","Do_Nothing","Normal_Punch"],"picked":"SKIP","floor":31},{"not_picked":["Serious_Side_Hops","Get_Hopes_Up","Oh"],"picked":"Hip_Strike","floor":33},{"not_picked":["Hop+1","Ignore+1","Side_Hop","Wear_Disguise"],"picked":"SKIP","floor":35},{"not_picked":["Yawn","Toss_Stone","Normal_Punch+1","Do_Nothing"],"picked":"SKIP","floor":37},{"not_picked":["Do_Nothing","Hop+1","Yawn","Consecutive_Normal_Punch"],"picked":"SKIP","floor":41},{"not_picked":["Side_Hop+1","Wear_Disguise","Yawn+1","Normal_Punch+1"],"picked":"SKIP","floor":42},{"not_picked":["Yawn","Wear_Disguise","Normal_Punch","Consecutive_Normal_Punch"],"picked":"SKIP","floor":44},{"not_picked":["Toss_Stone","Ignore+1","Normal_Punch+1","Wear_Disguise"],"picked":"SKIP","floor":46},{"not_picked":["Ignore+1","Slap+1","Yawn+1","Toss_Stone"],"picked":"SKIP","floor":48},{"not_picked":["Toss_Stone","Consecutive_Normal_Punch+1","Ignore+1","Hop"],"picked":"SKIP","floor":48},{"not_picked":["Normal_Punch+1","Slap","Yawn+1","Consecutive_Normal_Punch+1"],"picked":"SKIP","floor":54}],"player_experience":202721,"relics_obtained":[{"floor":13,"key":"Question Card"},{"floor":23,"key":"PreservedInsect"},{"floor":25,"key":"Darkstone Periapt"},{"floor":26,"key":"White Beast Statue"},{"floor":28,"key":"MealTicket"},{"floor":30,"key":"Tiny Chest"},{"floor":42,"key":"Bag of Preparation"},{"floor":43,"key":"Art of War"},{"floor":46,"key":"Prayer Wheel"},{"floor":54,"key":"Turnip"}],"event_choices":[{"damage_healed":0,"gold_gain":0,"player_choice":"Lose Max HP","damage_taken":0,"relics_obtained":["Golden Idol"],"max_hp_gain":0,"max_hp_loss":79,"event_name":"Golden Idol","floor":2,"gold_loss":0},{"damage_healed":0,"gold_gain":0,"player_choice":"Success","damage_taken":3,"relics_obtained":["Happy Flower"],"max_hp_gain":0,"max_hp_loss":0,"event_name":"Scrap Ooze","floor":8,"gold_loss":0},{"cards_removed":["Defend_Y"],"damage_healed":0,"gold_gain":0,"player_choice":"Card Removal","damage_taken":7,"max_hp_gain":0,"max_hp_loss":0,"event_name":"Golden Wing","floor":12,"gold_loss":0},{"cards_removed":["Defend_Y"],"damage_healed":0,"gold_gain":0,"player_choice":"Upgrade and Remove","damage_taken":0,"max_hp_gain":0,"max_hp_loss":0,"event_name":"Designer","floor":21,"gold_loss":90,"cards_upgraded":["Slap"]},{"damage_healed":0,"gold_gain":333,"player_choice":"Gave Idol","damage_taken":0,"max_hp_gain":0,"max_hp_loss":0,"event_name":"The Moai Head","floor":38,"relics_lost":["Golden Idol"],"gold_loss":0},{"damage_healed":0,"gold_gain":0,"player_choice":"Memory 1","damage_taken":0,"max_hp_gain":0,"max_hp_loss":0,"event_name":"SensoryStone","floor":39,"gold_loss":0},{"damage_healed":0,"gold_gain":0,"player_choice":"Max HP","damage_taken":0,"max_hp_gain":0,"max_hp_loss":46,"event_name":"Winding Halls","floor":45,"gold_loss":0}],"is_beta":false,"boss_relics":[{"not_picked":["SlaversCollar","Tiny House"],"picked":"Philosopher\u0027s Stone"},{"not_picked":["Busted Crown","Sozu"],"picked":"Coffee Dripper"}],"items_purged_floors":[0,24,36,53],"is_endless":false,"potions_floor_spawned":[3,4,10,13,16,18,25,27,28,29,30,31,33,35,37,41,42,44,46,48,54],"ascension_level":1}}