{"host":"bznrw1tuv4hzt226","time":1608216140,"event":{"mods":["BaseMod","Colored Map","Friendly Minions","Highlight Path","Minty Spire (QoL Compilation)","Permanent Neow","Relic Stats","Slay-I","StSLib","SuperFastMode"],"gold_per_floor":[110,126,201,201,213,213,242,242,242,242,242,267,286,319,319,417,417,434,533,556,576,199,199,212,238,263,263,292,292,332,361,373,484,496,522,122,136,150,224,263,263,263,312,74,93,93,134,134,134,134],"floor_reached":51,"playtime":2827,"items_purged":["Steam"],"score":865,"play_id":"700d5933-8793-4b9a-9ddb-e8caae10a586","local_time":"20201217234220","is_ascension_mode":true,"campfire_choices":[{"data":"Dualcast","floor":6.0,"key":"SMITH"},{"data":"Gash","floor":8.0,"key":"SMITH"},{"data":"Cold Snap","floor":11.0,"key":"SMITH"},{"data":"Doom and Gloom","floor":15.0,"key":"SMITH"},{"data":"Hyperbeam","floor":23,"key":"SMITH"},{"data":"Redo","floor":27,"key":"SMITH"},{"data":"Hologram","floor":29,"key":"SMITH"},{"data":"Capacitor","floor":32,"key":"SMITH"},{"data":"Coolheaded","floor":41,"key":"SMITH"},{"data":"Leap","floor":46,"key":"SMITH"},{"data":"Gash","floor":49,"key":"SMITH"}],"circlet_count":0,"master_deck":["Zap","Dualcast+1","Gash+1","Machine Learning","Ball Lightning","Steam","Cold Snap+1","Reboot","Doom and Gloom+1","Redo+1","Hyperbeam+1","All For One","Compile Driver","Core Surge","Reboot","Gash+1","Chill","Beam Cell+1","Go for the Eyes+1","Hologram+1","Coolheaded+1","Hologram+1","Steam","Leap+1","Conserve Battery+1","Capacitor+1","Turbo+1","Steam Power+1","Stack+1","Coolheaded+1","Coolheaded+1","Glacier+1","Conserve Battery+1"],"relics":["Cracked Core","Potion Belt","Tiny Chest","The Courier","Darkstone Periapt","Art of War","Bottled Lightning","Pandora\u0027s Box","PreservedInsect","Medical Kit","DataDisk","Pen Nib","CeramicFish","MawBank","Nuclear Battery","Anchor","Toxic Egg 2","Eternal Feather","Turnip","MealTicket","Nunchaku","Frozen Egg 2"],"acts_visited":["Exordium","TheCity","TheBeyond"],"potions_floor_usage":[18,30,33,50,50,50,50],"damage_taken":[{"damage":1.0,"enemies":"Jaw Worm","floor":1.0,"turns":4.0},{"damage":0.0,"enemies":"Cultist","floor":2.0,"turns":3.0},{"damage":0.0,"enemies":"2 Louse","floor":5.0,"turns":1.0},{"damage":9.0,"enemies":"Lagavulin","floor":7.0,"turns":6.0},{"damage":0.0,"enemies":"Exordium Wildlife","floor":13.0,"turns":1.0},{"damage":14.0,"enemies":"Gremlin Nob","floor":14.0,"turns":3.0},{"damage":15.0,"enemies":"The Guardian","floor":16.0,"turns":10.0},{"damage":0,"enemies":"Shell Parasite","floor":18,"turns":1},{"damage":2,"enemies":"Chosen","floor":21,"turns":3},{"damage":14,"enemies":"Snake Plant","floor":24,"turns":3},{"damage":1,"enemies":"Gremlin Leader","floor":25,"turns":5},{"damage":0,"enemies":"Snecko","floor":28,"turns":4},{"damage":0,"enemies":"Book of Stabbing","floor":30,"turns":3},{"damage":4,"enemies":"Cultist and Chosen","floor":31,"turns":4},{"damage":22,"enemies":"Collector","floor":33,"turns":9},{"damage":0,"enemies":"3 Shapes","floor":35,"turns":3},{"damage":5,"enemies":"3 Darklings","floor":37,"turns":3},{"damage":2,"enemies":"Writhing Mass","floor":38,"turns":6},{"damage":9,"enemies":"Nemesis","floor":40,"turns":7},{"damage":0,"enemies":"4 Shapes","floor":45,"turns":2},{"damage":1,"enemies":"Giant Head","floor":47,"turns":4},{"damage":0,"enemies":"Time Eater","floor":50,"turns":11}],"seed_played":"3746760881425299632","potions_obtained":[{"floor":2.0,"key":"Energy Potion"},{"floor":7.0,"key":"PowerPotion"},{"floor":13.0,"key":"Swift Potion"},{"floor":16.0,"key":"FearPotion"},{"floor":24,"key":"Energy Potion"},{"floor":28,"key":"Strength Potion"},{"floor":30,"key":"Strength Potion"},{"floor":31,"key":"DuplicationPotion"},{"floor":33,"key":"LiquidBronze"},{"floor":38,"key":"Energy Potion"},{"floor":45,"key":"FocusPotion"},{"floor":47,"key":"Dexterity Potion"}],"is_trial":false,"path_per_floor":["M","M","?","T","M","R","E","R","T","?","R","T","M","E","R","B",null,"M","?","T","M","$","R","M","E","T","R","M","R","E","M","R","B",null,"M","$","M","M","T","E","R","?","T","$","M","R","E","?","R","B",null],"character_chosen":"DEFECT","items_purchased":["Steam","Hologram","Coolheaded","Hologram","Medical Kit","DataDisk","Anchor","Toxic Egg 2","Turbo+1","Steam Power+1","Stack+1","Nunchaku","Coolheaded+1","Glacier+1"],"campfire_rested":0,"item_purchase_floors":[22,22,22,22,22,22,36,36,36,36,36,44,44,44],"current_hp_per_floor":[67,67,56,56,56,56,47,47,47,35,35,35,35,21,21,6,68,68,68,68,66,66,66,52,51,51,51,51,51,51,47,47,25,68,68,68,63,61,61,52,68,65,65,65,65,65,64,64,65,65],"gold":134,"neow_bonus":"TRANSFORM_TWO_CARDS","is_daily":false,"chose_seed":false,"campfire_upgraded":11,"win_rate":0.0,"timestamp":1608216140,"path_taken":["M","M","?","?","?","R","E","R","T","?","R","?","M","E","R","BOSS","M","?","?","?","$","R","?","E","T","R","M","R","E","M","R","BOSS","M","$","M","?","?","E","R","?","T","$","M","R","E","?","R","BOSS"],"items_purchased_type":["Card","Card","Card","Card","Relic","Relic","Relic","Relic","Card","Card","Card","Relic","Card","Card"],"build_version":"2020-12-13","purchased_purges":1,"victory":true,"max_hp_per_floor":[68,68,68,68,68,68,68,68,68,68,68,68,68,68,68,68,68,68,68,68,68,68,68,68,68,68,68,68,68,68,68,68,68,68,68,68,68,68,68,68,68,65,65,65,65,65,65,65,65,65],"relic_stats":{"Darkstone Periapt":0,"counters":[22,96],"CeramicFish":81,"Eternal Feather":17,"PreservedInsect":258,"Pen Nib":[16],"Medical Kit":[11],"MawBank":72,"Nunchaku":[5],"Tiny Chest":2,"Pandora\u0027s Box":["All For One","Compile Driver","Core Surge","Reboot","Gash","Chill"],"MealTicket":0,"Turnip":[0],"Art of War":[3],"obtain_stats":[{"Potion Belt":4,"Darkstone Periapt":10,"CeramicFish":26,"Eternal Feather":39,"The Courier":9,"PreservedInsect":20,"Pen Nib":25,"Frozen Egg 2":47,"Medical Kit":22,"MawBank":30,"Nuclear Battery":34,"DataDisk":22,"Anchor":36,"Nunchaku":44,"Tiny Chest":7,"Pandora\u0027s Box":17,"MealTicket":43,"Turnip":40,"Art of War":12,"Bottled Lightning":14,"Toxic Egg 2":36,"Cracked Core":0},{"Potion Belt":2,"Darkstone Periapt":4,"CeramicFish":11,"Eternal Feather":18,"The Courier":4,"PreservedInsect":8,"Pen Nib":11,"Frozen Egg 2":21,"Medical Kit":9,"MawBank":13,"Nuclear Battery":15,"DataDisk":9,"Anchor":16,"Nunchaku":19,"Tiny Chest":4,"Pandora\u0027s Box":7,"MealTicket":19,"Turnip":19,"Art of War":4,"Bottled Lightning":6,"Toxic Egg 2":16,"Cracked Core":0},{"Potion Belt":7,"Darkstone Periapt":14,"CeramicFish":40,"Eternal Feather":72,"The Courier":14,"PreservedInsect":29,"Pen Nib":40,"Frozen Egg 2":85,"Medical Kit":32,"MawBank":47,"Nuclear Battery":60,"DataDisk":32,"Anchor":63,"Nunchaku":79,"Tiny Chest":14,"Pandora\u0027s Box":28,"MealTicket":79,"Turnip":79,"Art of War":14,"Bottled Lightning":18,"Toxic Egg 2":63,"Cracked Core":0}]},"card_choices":[{"not_picked":["Turbo","Doom and Gloom"],"picked":"Ball Lightning","floor":1.0},{"not_picked":["Stack","Auto Shields"],"picked":"Steam","floor":2.0},{"not_picked":["Steam Power","Force Field"],"picked":"Cold Snap","floor":5.0},{"not_picked":["Stack","Turbo"],"picked":"Reboot","floor":7.0},{"not_picked":["Barrage","Rebound"],"picked":"Doom and Gloom","floor":13.0},{"not_picked":["Meteor Strike","Sweeping Beam"],"picked":"Redo","floor":14.0},{"not_picked":["Creative AI","Reboot"],"picked":"Hyperbeam","floor":16.0},{"not_picked":["Stack","Sweeping Beam"],"picked":"Beam Cell+1","floor":18},{"not_picked":["Recycle","Barrage"],"picked":"Go for the Eyes+1","floor":21},{"not_picked":["Redo+1","Compile Driver+1"],"picked":"Steam","floor":24},{"not_picked":["Lockon","Compile Driver"],"picked":"Leap","floor":25},{"not_picked":["BootSequence","Compile Driver"],"picked":"Conserve Battery+1","floor":28},{"not_picked":["Auto Shields","Amplify"],"picked":"Capacitor","floor":30},{"not_picked":["Beam Cell","Conserve Battery","Ball Lightning+1"],"picked":"SKIP","floor":31},{"not_picked":["Conserve Battery","Ball Lightning+1","White Noise"],"picked":"SKIP","floor":35},{"not_picked":["Conserve Battery+1","Hologram+1","Coolheaded+1"],"picked":"SKIP","floor":37},{"not_picked":["Ball Lightning+1","Beam Cell","Tempest+1"],"picked":"SKIP","floor":38},{"not_picked":["Steam+1","Cold Snap+1"],"picked":"Coolheaded+1","floor":40},{"not_picked":["Redo+1","Auto Shields+1","Stack+1"],"picked":"SKIP","floor":45},{"not_picked":["Turbo+1","Genetic Algorithm+1"],"picked":"Conserve Battery+1","floor":47}],"player_experience":545693,"relics_obtained":[{"floor":4.0,"key":"Potion Belt"},{"floor":7.0,"key":"Tiny Chest"},{"floor":9.0,"key":"The Courier"},{"floor":12.0,"key":"Art of War"},{"floor":14.0,"key":"Bottled Lightning"},{"floor":20,"key":"PreservedInsect"},{"floor":25,"key":"Pen Nib"},{"floor":26,"key":"CeramicFish"},{"floor":30,"key":"MawBank"},{"floor":39,"key":"Eternal Feather"},{"floor":40,"key":"Turnip"},{"floor":43,"key":"MealTicket"},{"floor":47,"key":"Frozen Egg 2"}],"event_choices":[{"damage_healed":0.0,"max_hp_gain":0.0,"max_hp_loss":0.0,"gold_gain":75.0,"event_name":"World of Goop","player_choice":"Gather Gold","floor":3.0,"gold_loss":0.0,"damage_taken":11.0},{"damage_healed":0.0,"max_hp_gain":0.0,"max_hp_loss":0.0,"gold_gain":0.0,"event_name":"Scrap Ooze","player_choice":"Success","floor":10.0,"gold_loss":0.0,"damage_taken":12.0,"relics_obtained":["Darkstone Periapt"]},{"damage_healed":0,"gold_gain":99,"player_choice":"Stole From Cult","damage_taken":0,"max_hp_gain":0,"max_hp_loss":0,"event_name":"Nest","floor":19,"gold_loss":0},{"damage_healed":0,"gold_gain":0,"player_choice":"Max HP","damage_taken":0,"max_hp_gain":0,"max_hp_loss":3,"event_name":"Winding Halls","floor":42,"gold_loss":0},{"damage_healed":0,"gold_gain":0,"player_choice":"Upgraded","damage_taken":0,"max_hp_gain":0,"max_hp_loss":0,"event_name":"Upgrade Shrine","floor":48,"gold_loss":0,"cards_upgraded":["Hologram"]}],"is_beta":false,"boss_relics":[{"not_picked":["Busted Crown","Philosopher\u0027s Stone"],"picked":"Pandora\u0027s Box"},{"not_picked":["Sozu","SacredBark"],"picked":"Nuclear Battery"}],"items_purged_floors":[44],"is_endless":false,"potions_floor_spawned":[2,7,13,16,24,28,30,31,33,38,45,47],"ascension_level":1}}