{"host":"r2b8ojg4o4pyvjvq","time":1608218999,"event":{"mods":["BaseMod","Colored Map","Downfall","Highlight Path","Hubris","Minty Spire (QoL Compilation)","Replay The Spire","StSLib","SuperFastMode"],"gold_per_floor":[99,128,128,161,161,161,211,136,164,89,89,104,114,114,130,233,1000,1000,1000,1000,1000,1000,1000,1000,1000,1000,1000,1000,1000,1000,1000,1000,1000,1000,1000,1000,1000,1000,1000,1000,1000,1000,1000,1000,1000,1000,1000,1000,1000,1000,1000,1000,1000,1000],"floor_reached":53,"playtime":1784,"items_purged":["Strike_R","Strike_R","Strike_R"],"score":1425,"play_id":"35adc313-20b1-4eb1-bd57-ccac4ab91fe4","local_time":"20201217162959","is_ascension_mode":true,"campfire_choices":[{"data":"Bash","floor":1,"key":"SMITH"},{"data":"Thunderclap","floor":3,"key":"SMITH"},{"data":"Twin Strike","floor":5,"key":"SMITH"},{"floor":8,"key":"RECALL"},{"data":"Bludgeon","floor":10,"key":"SMITH"},{"data":"ReplayTheSpireMod:Limb From Limb","floor":18,"key":"SMITH"},{"floor":23,"key":"REST"},{"floor":27,"key":"REST"},{"data":"Shrug It Off","floor":37,"key":"SMITH"},{"floor":41,"key":"REST"},{"floor":44,"key":"REST"}],"circlet_count":0,"master_deck":["AscendersBane","Strike_R","Defend_R","Defend_R","Defend_R","Defend_R","Bash+1","Thunderclap+1","Twin Strike+1","Rupture+1","Bludgeon+1","ReplayTheSpireMod:Limb From Limb+1","Headbutt","Metallicize","Inflame","Uppercut","hubris:CleavingFinish+1","Shockwave","hubris:SharpeningStone+1","Reaper+1","Shrug It Off+1","Spot Weakness+1","ReplayTheSpireMod:Stacked","Immolate+1","Heavy Blade+1","Flame Barrier"],"relics":["Burning Blood","downfall:HeartsMalice","Replay:Mystery Machine","Regal Pillow","downfall:HeartBlessingBlue","ReplayTheSpireMod:Ninjato","downfall:HeartBlessingRed","Ring of Hypnosis","ReplayTheSpireMod:Ring of Addiction","hubris:EmptyBottle","SacredBark","Replay:Wanted Poster","Replay:Accelerometer","Molten Egg 2","Quantum Egg","Ice Cream","ClockworkSouvenir","hubris:CrystalStatue","hubris:Backtick","Red Skull","downfall:HeartBlessingGreen","Replay:PocketPolymizer","MealTicket","Pen Nib","Gremlin Horn","Bag of Marbles","hubris:Reverence","ReplayTheSpireMod:Spearhead","Brimstone","hubris:TinFlute","Replay:Ringing Soul"],"acts_visited":["Exordium","TheCity","TheBeyond","TheEnding"],"potions_floor_usage":[22,22,22,22,33,33,39,45,51],"damage_taken":[{"damage":0,"enemies":"Lagavulin","floor":2,"turns":1},{"damage":0,"enemies":"3 Sentries","floor":4,"turns":1},{"damage":0,"enemies":"Gremlin Nob","floor":9,"turns":1},{"damage":0,"enemies":"Small Slimes","floor":12,"turns":2},{"damage":6,"enemies":"Jaw Worm","floor":13,"turns":2},{"damage":0,"enemies":"Cultist","floor":15,"turns":2},{"damage":44,"enemies":"Slime Boss","floor":16,"turns":11},{"damage":76,"enemies":"Gremlin Leader","floor":19,"turns":9},{"damage":7,"enemies":"Chosen","floor":21,"turns":5},{"damage":0,"enemies":"Slavers","floor":22,"turns":1},{"damage":13,"enemies":"Spheric Guardian","floor":25,"turns":4},{"damage":28,"enemies":"Gremlin Leader","floor":26,"turns":6},{"damage":25,"enemies":"Centurion and Healer","floor":29,"turns":4},{"damage":17,"enemies":"downfall:FleeingMerchant","floor":30,"turns":4},{"damage":0,"enemies":"Snecko","floor":31,"turns":2},{"damage":17,"enemies":"Shelled Parasite and Fungi","floor":32,"turns":3},{"damage":52,"enemies":"downfall:Ironclad","floor":33,"turns":5},{"damage":18,"enemies":"Mind Bloom Boss Battle","floor":35,"turns":7},{"damage":51,"enemies":"3 Darklings","floor":38,"turns":5},{"damage":56,"enemies":"Reptomancer","floor":39,"turns":5},{"damage":49,"enemies":"Reptomancer","floor":43,"turns":5},{"damage":33,"enemies":"R_Hoarder","floor":45,"turns":9},{"damage":5,"enemies":"Orb Walker","floor":46,"turns":2},{"damage":8,"enemies":"3 Darklings","floor":47,"turns":2},{"damage":0,"enemies":"downfall:FleeingMerchant","floor":48,"turns":4},{"damage":9,"enemies":"downfall:FleeingMerchant","floor":49,"turns":3},{"damage":32,"enemies":"Sphere and 2 Shapes","floor":50,"turns":3},{"damage":13,"enemies":"downfall:Watcher","floor":51,"turns":5},{"damage":112,"enemies":"downfall:CharBossMerchant","floor":53,"turns":7}],"seed_played":"-2728724930523593294","potions_obtained":[{"floor":9,"key":"champ:CounterPotion"},{"floor":12,"key":"Regen Potion"},{"floor":14,"key":"CultistPotion"},{"floor":15,"key":"EntropicBrew"},{"floor":36,"key":"Regen Potion"}],"is_trial":false,"path_per_floor":["R","E","R","E","R","?","T","R","E","R","?","M","M","?","M","B",null,"R","E","?","M","E","R","T","M","E","R","?","M","$","M","M","B",null,"R_BF","?","R","M","E","E","R","T","E","R","E","M","M","$","$","M","B",null,"E"],"character_chosen":"IRONCLAD","items_purchased":["Ice Cream","ClockworkSouvenir","hubris:CrystalStatue","hubris:Reverence","ReplayTheSpireMod:Spearhead","Brimstone","Heavy Blade+1","hubris:TinFlute","Replay:Ringing Soul"],"campfire_rested":4,"item_purchase_floors":[30,30,30,48,48,48,48,49,49],"current_hp_per_floor":[72,78,78,80,80,80,80,90,90,90,90,90,90,90,90,52,81,81,11,11,10,16,56,56,49,27,67,94,73,62,68,57,11,70,70,70,70,64,14,14,55,55,39,79,74,75,73,86,81,55,75,82,0,0],"gold":1000,"neow_bonus":"THREE_ENEMY_KILL","is_daily":false,"chose_seed":false,"campfire_upgraded":6,"win_rate":0.0,"timestamp":1608218999,"path_taken":["R","E","R","E","R","?","T","R","E","R","?","?","M","?","M","BOSS","R","E","?","M","E","R","T","?","E","R","?","?","$","M","M","BOSS","R_BF","?","R","M","E","E","R","T","E","R","E","?","M","$","$","M","BOSS","E"],"items_purchased_type":["Relic","Relic","Relic","Relic","Relic","Relic","Card","Relic","Relic"],"build_version":"2020-12-13","purchased_purges":3,"victory":false,"max_hp_per_floor":[80,80,80,80,80,80,80,90,90,90,90,90,90,90,90,90,90,88,88,88,86,86,86,86,86,84,84,94,92,92,92,90,90,90,90,90,88,88,88,88,88,88,86,86,86,86,86,86,84,84,84,84,84,84],"card_choices":[{"not_picked":["Sword Boomerang","Flex"],"picked":"Thunderclap","floor":2},{"not_picked":["Dual Wield","Barricade"],"picked":"Twin Strike","floor":4},{"not_picked":["Anger","Entrench"],"picked":"Bludgeon","floor":9},{"not_picked":["Entrench","Power Through"],"picked":"ReplayTheSpireMod:Limb From Limb","floor":12},{"not_picked":["Havoc","Run Through"],"picked":"Headbutt","floor":13},{"not_picked":["Flex","Body Slam"],"picked":"Metallicize","floor":15},{"not_picked":["Body Slam","Burning Pact"],"picked":"Inflame","floor":19},{"not_picked":["Wild Strike","ReplayTheSpireMod:LeadingStrike"],"picked":"Uppercut","floor":21},{"not_picked":["Inflame","Cleave+1"],"picked":"hubris:CleavingFinish+1","floor":25},{"not_picked":["Havoc","Blood for Blood+1"],"picked":"Shockwave","floor":26},{"not_picked":["Havoc","Armaments"],"picked":"hubris:SharpeningStone+1","floor":29},{"not_picked":["Berserk","Feel No Pain","ReplayTheSpireMod:Muscle Training"],"picked":"SKIP","floor":30},{"not_picked":["Replay:Undeath\u0027s Touch+1","Wild Strike+1","Clothesline+1"],"picked":"SKIP","floor":31},{"not_picked":["Thunderclap+1","Flex","Rampage+1"],"picked":"SKIP","floor":32},{"not_picked":["Fiend Fire+1","Replay:Many Hands"],"picked":"Reaper+1","floor":33},{"not_picked":["Body Slam+1","Metallicize+1"],"picked":"Shrug It Off","floor":35},{"not_picked":["Warcry+1","ReplayTheSpireMod:Corrosion Curse+1","Inflame+1"],"picked":"SKIP","floor":38},{"not_picked":["Clash+1","Replay:Undeath\u0027s Touch+1","Anger+1"],"picked":"SKIP","floor":39},{"not_picked":["Bloodletting+1","Cleave+1","Thunderclap+1"],"picked":"SKIP","floor":43},{"not_picked":["Warcry+1","Run Through+1"],"picked":"Spot Weakness+1","floor":45},{"not_picked":["Armaments","Cleave+1","Thunderclap+1"],"picked":"SKIP","floor":46},{"not_picked":["Run Through+1","Havoc"],"picked":"ReplayTheSpireMod:Stacked","floor":47},{"not_picked":["Clothesline+1","Twin Strike+1"],"picked":"Immolate+1","floor":48},{"not_picked":["Replay:Undeath\u0027s Touch+1","ReplayTheSpireMod:Strike From Hell+1"],"picked":"Flame Barrier","floor":49},{"not_picked":["ReplayTheSpireMod:Strike From Hell+1","Shrug It Off","Corruption"],"picked":"SKIP","floor":50}],"player_experience":407339,"relics_obtained":[{"floor":2,"key":"Replay:Mystery Machine"},{"floor":4,"key":"Regal Pillow"},{"floor":9,"key":"ReplayTheSpireMod:Ninjato"},{"floor":14,"key":"Ring of Hypnosis"},{"floor":14,"key":"ReplayTheSpireMod:Ring of Addiction"},{"floor":14,"key":"hubris:EmptyBottle"},{"floor":14,"key":"SacredBark"},{"floor":19,"key":"Replay:Accelerometer"},{"floor":24,"key":"Molten Egg 2"},{"floor":26,"key":"Quantum Egg"},{"floor":35,"key":"Replay:PocketPolymizer"},{"floor":39,"key":"MealTicket"},{"floor":42,"key":"Pen Nib"},{"floor":43,"key":"Gremlin Horn"},{"floor":45,"key":"Bag of Marbles"}],"event_choices":[{"damage_healed":0,"gold_gain":0,"player_choice":"Full Heal","damage_taken":0,"max_hp_gain":0,"max_hp_loss":0,"event_name":"Wheel of Change","floor":11,"gold_loss":0},{"cards_removed":["Hallucinations"],"damage_healed":0,"gold_gain":0,"player_choice":"Purged","damage_taken":0,"max_hp_gain":0,"max_hp_loss":0,"event_name":"Purifier","floor":20,"gold_loss":0},{"damage_healed":0,"gold_gain":0,"player_choice":"Got Potions","damage_taken":0,"max_hp_gain":0,"max_hp_loss":0,"event_name":"Lab","floor":36,"gold_loss":0}],"is_beta":false,"boss_relics":[{"not_picked":["Replay:Ancient Bell","Runic Dome"],"picked":"Replay:Wanted Poster"},{"not_picked":["SlaversCollar","Astrolabe"],"picked":"hubris:Backtick"}],"items_purged_floors":[30,48,49],"is_endless":false,"potions_floor_spawned":[9,12,15,16,22,26,31,32,33,46,47,50],"killed_by":"downfall:CharBossMerchant","ascension_level":12}}