{"host":"3xls0xm49ftugio7","time":1608242325,"event":{"mods":["2.2 Compatiblity","AchievementEnabler","Act Like it!","BaseMod","Colored Powertips","Downfall","GifTheSpireLib","Minty Spire (QoL Compilation)","Quick Restart","Relic Stats","StSLib"],"gold_per_floor":[99,399,399,399,409,409,434,462,462,496,496,496,514,532,550,648,648,648,648,573,604,604,604,604,635,910,944,962,980,57,72,89,188,188,113,124,153,503,513,99,99,24,24,59,75,88,100,155,175,175,175,207,27,27,27],"floor_reached":56,"playtime":3156,"items_purged":["Slimebound:Icky","Regret"],"score":1575,"play_id":"9fbc06cd-1f72-4d6c-9fe2-abe47aad7bb5","local_time":"20201217235845","is_ascension_mode":true,"campfire_choices":[{"data":"sneckomod:SnekBite","floor":1,"key":"SMITH"},{"data":"sneckomod:WideSting","floor":6,"key":"SMITH"},{"data":"sneckomod:TailWhip","floor":9,"key":"SMITH"},{"floor":18,"key":"RECALL"},{"data":"sneckomod:Transmogrify","floor":20,"key":"SMITH"},{"data":"sneckomod:MorePower","floor":35,"key":"SMITH"},{"data":"1","floor":42,"key":"LIFT"},{"floor":54,"key":"REST"}],"circlet_count":0,"master_deck":["sneckomod:Strike","sneckomod:Strike+1","sneckomod:Defend","sneckomod:Defend+1","sneckomod:Defend","sneckomod:TailWhip+1","sneckomod:SnekBite+1","sneckomod:Unknown","sneckomod:Unknown+1","Slimebound:Icky","sneckomod:WideSting+1","sneckomod:UnknownClassBLUE","sneckomod:UnknownWeak","Regret","sneckomod:UnknownClassTHE_CHAMP_GRAY+1","sneckomod:UnknownX","sneckomod:UnknownBlock","sneckomod:Transmogrify+1","sneckomod:Unknown0Cost","sneckomod:MasterEye","Necronomicurse","sneckomod:Bewildered","sneckomod:MorePower+1","sneckomod:Unknown1Cost+1","sneckomod:UnknownCommonAttack+1","sneckomod:UnknownClassTHE_CHAMP_GRAY","sneckomod:UnknownDexterity+1","sneckomod:Unknown1Cost+1","sneckomod:Unknown3Cost+1","sneckomod:QuickMove+1","sneckomod:UnknownUncommonPower","sneckomod:UnknownX","sneckomod:UnknownUncommonPower+1","sneckomod:Nope","sneckomod:Transmogrify","sneckomod:UnknownClassTHE_CHAMP_GRAY+1","sneckomod:DiceBlock","sneckomod:UnknownClassGUARDIAN+1","sneckomod:Rotation+1","sneckomod:UnknownStrength+1","sneckomod:Unknown2Cost","sneckomod:UnknownRareAttack","sneckomod:UnknownUncommonPower","sneckomod:UnknownCommonAttack","sneckomod:SnakeSap+1","sneckomod:UnknownEthereal+1","sneckomod:SnakeSap+1","sneckomod:UnknownColorless+1","sneckomod:SerpentIdol","sneckomod:DiceBlock","sneckomod:UnknownUncommonSkill","sneckomod:UnknownEthereal+1","sneckomod:DiceBlock","Transmutation"],"relics":["sneckomod:SneckoSoul","downfall:ShatteredFragment","Letter Opener","downfall:HeartBlessingRed","Necronomicon","sneckomod:BabySnecko","SlaversCollar","Sozu","downfall:HeartBlessingGreen","Girya","Old Coin","Ginger","PreservedInsect","StoneCalendar","Bottled Flame","downfall:HeartBlessingBlue","Shuriken","Lizard Tail","Gremlin Horn","Mercury Hourglass","HornCleat","FossilizedHelix","Strawberry","Akabeko","sneckomod:ConfusingCodex","Mummified Hand"],"acts_visited":["TheCity","TheBeyond","TheEnding"],"potions_floor_usage":[10,16,16,16,16,25,32,55,55],"damage_taken":[{"damage":4,"enemies":"Small Slimes","floor":5,"turns":2},{"damage":26,"enemies":"Lagavulin","floor":8,"turns":6},{"damage":4,"enemies":"3 Sentries","floor":10,"turns":3},{"damage":12,"enemies":"Jaw Worm","floor":13,"turns":2},{"damage":0,"enemies":"2 Louse","floor":14,"turns":2},{"damage":5,"enemies":"Blue Slaver","floor":15,"turns":3},{"damage":23,"enemies":"downfall:Ironclad","floor":16,"turns":6},{"damage":5,"enemies":"Book of Stabbing","floor":21,"turns":4},{"damage":15,"enemies":"Slavers","floor":25,"turns":3},{"damage":3,"enemies":"Gremlin Leader","floor":27,"turns":3},{"damage":15,"enemies":"Shell Parasite","floor":28,"turns":3},{"damage":11,"enemies":"3 Cultists","floor":29,"turns":4},{"damage":16,"enemies":"downfall:FleeingMerchant","floor":30,"turns":4},{"damage":19,"enemies":"Snake Plant","floor":31,"turns":5},{"damage":19,"enemies":"Centurion and Healer","floor":32,"turns":4},{"damage":34,"enemies":"downfall:Silent","floor":33,"turns":5},{"damage":6,"enemies":"Orb Walker","floor":36,"turns":2},{"damage":20,"enemies":"Giant Head","floor":37,"turns":4},{"damage":22,"enemies":"Mind Bloom Boss Battle","floor":38,"turns":4},{"damage":8,"enemies":"3 Darklings","floor":39,"turns":4},{"damage":0,"enemies":"downfall:FleeingMerchant","floor":40,"turns":1},{"damage":22,"enemies":"Reptomancer","floor":44,"turns":3},{"damage":14,"enemies":"Jaw Worm Horde","floor":45,"turns":3},{"damage":11,"enemies":"Writhing Mass","floor":46,"turns":3},{"damage":24,"enemies":"Transient","floor":47,"turns":5},{"damage":22,"enemies":"2 Orb Walkers","floor":48,"turns":3},{"damage":0,"enemies":"Maw","floor":49,"turns":4},{"damage":6,"enemies":"downfall:Watcher","floor":50,"turns":4},{"damage":62,"enemies":"downfall:CharBossMerchant","floor":52,"turns":6},{"damage":73,"enemies":"downfall:NeowBoss","floor":55,"turns":15}],"seed_played":"2967088785318470797","potions_obtained":[{"floor":5,"key":"DistilledChaos"},{"floor":13,"key":"Dexterity Potion"},{"floor":15,"key":"DistilledChaos"},{"floor":29,"key":"SkillPotion"},{"floor":32,"key":"Weak Potion"}],"is_trial":false,"path_per_floor":["R","?","?","T","M","R","T","E","R","E","?","?","M","M","M","B",null,"R","?","R","E","?","?","T","E","?","E","M","M","$","M","M","B",null,"R","M","E","?","M","$","T","R","?","E","M","M","M","?","M","B",null,"E","$","R","B",null],"character_chosen":"THE_SNECKO","items_purchased":["Lee\u0027s Waffle","Shuriken","Question Card","sneckomod:UnknownUncommonPower","sneckomod:UnknownX","DistilledChaos","StoneCalendar","sneckomod:UnknownUncommonPower","Bottled Flame","Transmutation"],"campfire_rested":1,"item_purchase_floors":[30,30,30,30,30,30,40,40,40,53],"current_hp_per_floor":[99,99,78,78,74,74,74,49,49,51,51,56,45,46,42,39,109,109,110,110,105,89,89,89,74,74,75,62,55,125,107,88,54,126,126,121,122,101,94,96,96,106,107,85,72,66,43,65,73,67,153,92,92,138,65],"gold":27,"neow_bonus":"TEN_PERCENT_HP_BONUS","is_daily":false,"chose_seed":false,"campfire_upgraded":5,"win_rate":0.0,"timestamp":1608242325,"path_taken":["R","?","?","?","M","R","T","E","R","E","?","?","M","?","M","BOSS","R","?","R","E","?","?","T","E","?","E","M","M","$","M","M","BOSS","R","M","E","?","M","$","T","R","?","E","?","M","M","?","M","BOSS","E","$","R","BOSS"],"items_purchased_type":["Relic","Relic","Relic","Card","Card","Potion","Relic","Card","Relic","Card"],"build_version":"2020-12-13","purchased_purges":2,"victory":true,"max_hp_per_floor":[99,99,99,99,99,99,99,100,100,101,101,106,107,108,109,109,109,109,110,110,110,110,110,110,110,110,111,113,115,125,126,126,126,126,126,127,128,129,130,132,132,142,143,143,144,144,145,145,153,153,153,154,154,154,154],"relic_stats":{"Gremlin Horn":[11,12],"counters":[30,120],"StoneCalendar":[52],"PreservedInsect":510,"Letter Opener":[128],"Ginger":[15],"Mercury Hourglass":[289],"Sozu":4,"Lizard Tail":0,"Shuriken":[49],"Mummified Hand":[24],"Necronomicon":[45],"obtain_stats":[{"Gremlin Horn":38,"downfall:HeartBlessingGreen":35,"StoneCalendar":40,"Ginger":25,"Bottled Tornado":27,"sneckomod:SneckoSoul":0,"Old Coin":38,"Sozu":34,"Centennial Puzzle":28,"Lizard Tail":44,"HornCleat":8,"downfall:HeartBlessingBlue":42,"sneckomod:ConfusingCodex":52,"Mummified Hand":52,"Strawberry":49,"MealTicket":21,"Necronomicon":22,"Kunai":38,"InkBottle":33,"Girya":37,"Lee\u0027s Waffle":30,"downfall:ShatteredFragment":3,"downfall:HeartBlessingRed":20,"PreservedInsect":10,"Letter Opener":4,"Question Card":30,"Akabeko":37,"Mercury Hourglass":24,"sneckomod:BabySnecko":23,"SlaversCollar":33,"Bottled Flame":40,"Busted Crown":17,"Shuriken":30,"Bronze Scales":21,"Toy Ornithopter":7,"FossilizedHelix":48},{"Gremlin Horn":19,"downfall:HeartBlessingGreen":16,"StoneCalendar":21,"Ginger":9,"Bottled Tornado":10,"sneckomod:SneckoSoul":0,"Old Coin":19,"Sozu":16,"Centennial Puzzle":11,"Lizard Tail":22,"HornCleat":2,"downfall:HeartBlessingBlue":21,"sneckomod:ConfusingCodex":29,"Mummified Hand":29,"Strawberry":27,"MealTicket":8,"Necronomicon":8,"Kunai":19,"InkBottle":16,"Girya":18,"Lee\u0027s Waffle":13,"downfall:ShatteredFragment":0,"downfall:HeartBlessingRed":7,"PreservedInsect":3,"Letter Opener":0,"Question Card":13,"Akabeko":18,"Mercury Hourglass":8,"sneckomod:BabySnecko":8,"SlaversCollar":16,"Bottled Flame":21,"Busted Crown":7,"Shuriken":13,"Bronze Scales":8,"Toy Ornithopter":1,"FossilizedHelix":26},{"Gremlin Horn":69,"downfall:HeartBlessingGreen":59,"StoneCalendar":74,"Ginger":31,"Bottled Tornado":34,"sneckomod:SneckoSoul":0,"Old Coin":69,"Sozu":59,"Centennial Puzzle":37,"Lizard Tail":77,"HornCleat":8,"downfall:HeartBlessingBlue":74,"sneckomod:ConfusingCodex":105,"Mummified Hand":105,"Strawberry":95,"MealTicket":28,"Necronomicon":28,"Kunai":69,"InkBottle":59,"Girya":65,"Lee\u0027s Waffle":45,"downfall:ShatteredFragment":0,"downfall:HeartBlessingRed":24,"PreservedInsect":11,"Letter Opener":0,"Question Card":45,"Akabeko":65,"Mercury Hourglass":28,"sneckomod:BabySnecko":28,"SlaversCollar":59,"Bottled Flame":74,"Busted Crown":24,"Shuriken":45,"Bronze Scales":28,"Toy Ornithopter":2,"FossilizedHelix":91}]},"card_choices":[{"not_picked":["sneckomod:SoulDraw","sneckomod:UnknownCommonSkill"],"picked":"sneckomod:WideSting","floor":5},{"not_picked":["sneckomod:DiceCrush","sneckomod:WideSting"],"picked":"sneckomod:UnknownClassBLUE","floor":8},{"not_picked":["sneckomod:WideSting","sneckomod:UnknownX"],"picked":"sneckomod:UnknownWeak","floor":10},{"not_picked":["sneckomod:DiceBlock","sneckomod:SoulDraw"],"picked":"sneckomod:UnknownClassTHE_CHAMP_GRAY","floor":13},{"not_picked":["sneckomod:DiceCrush","sneckomod:QuickMove"],"picked":"sneckomod:UnknownX","floor":14},{"not_picked":["sneckomod:RainOfDice","sneckomod:UnknownCommonAttack"],"picked":"sneckomod:UnknownBlock","floor":15},{"not_picked":["sneckomod:GlitteringGambit","sneckomod:Restock"],"picked":"sneckomod:Transmogrify","floor":16},{"not_picked":[],"picked":"sneckomod:MasterEye","floor":21},{"not_picked":["sneckomod:IronFang","sneckomod:SnakeSap"],"picked":"sneckomod:MorePower","floor":25},{"not_picked":["sneckomod:UnknownWeak","sneckomod:IronFang"],"picked":"sneckomod:Unknown1Cost+1","floor":27},{"not_picked":[],"picked":"sneckomod:UnknownCommonAttack+1","floor":28},{"not_picked":[],"picked":"sneckomod:UnknownClassTHE_CHAMP_GRAY","floor":28},{"not_picked":[],"picked":"sneckomod:UnknownDexterity+1","floor":29},{"not_picked":[],"picked":"sneckomod:Unknown1Cost+1","floor":29},{"not_picked":[],"picked":"sneckomod:Unknown3Cost+1","floor":30},{"not_picked":[],"picked":"sneckomod:QuickMove+1","floor":30},{"not_picked":[],"picked":"sneckomod:UnknownUncommonPower+1","floor":31},{"not_picked":["sneckomod:RainOfDice"],"picked":"SKIP","floor":31},{"not_picked":["sneckomod:QuickBite"],"picked":"sneckomod:Nope","floor":32},{"not_picked":["sneckomod:Cheat","sneckomod:UnknownRareSkill"],"picked":"sneckomod:Transmogrify","floor":33},{"not_picked":["sneckomod:UnknownClassHEXA_GHOST_PURPLE+1","sneckomod:Unknown0Cost+1"],"picked":"sneckomod:UnknownClassTHE_CHAMP_GRAY+1","floor":36},{"not_picked":["sneckomod:DiceCrush+1","sneckomod:RainOfDice+1"],"picked":"sneckomod:DiceBlock","floor":36},{"not_picked":["sneckomod:UnknownEthereal+1","sneckomod:UnknownStrength+1"],"picked":"sneckomod:UnknownClassGUARDIAN+1","floor":37},{"not_picked":["sneckomod:UnknownCommonSkill+1","sneckomod:SnekBeam+1"],"picked":"sneckomod:Rotation+1","floor":37},{"not_picked":["sneckomod:Unknown2Cost+1","sneckomod:UnknownUncommonSkill+1"],"picked":"sneckomod:UnknownStrength+1","floor":38},{"not_picked":["sneckomod:DiceBoulder","sneckomod:Unknown1Cost"],"picked":"sneckomod:Unknown2Cost","floor":39},{"not_picked":["sneckomod:Nope+1","sneckomod:UnknownBlock"],"picked":"sneckomod:UnknownRareAttack","floor":40},{"not_picked":["sneckomod:UnknownEthereal","sneckomod:Unknown2Cost+1"],"picked":"sneckomod:SnakeSap+1","floor":44},{"not_picked":["sneckomod:UnknownVulnerable+1","sneckomod:SoulDraw+1"],"picked":"sneckomod:UnknownEthereal+1","floor":45},{"not_picked":["sneckomod:QuickBite+1","sneckomod:ImprovisedAttack"],"picked":"sneckomod:SnakeSap+1","floor":46},{"not_picked":["sneckomod:UnknownWeak+1","sneckomod:UnknownClassRED+1"],"picked":"sneckomod:UnknownColorless+1","floor":47},{"not_picked":["sneckomod:UnknownStrike","sneckomod:UnknownClassBLUE"],"picked":"sneckomod:SerpentIdol","floor":47},{"not_picked":["sneckomod:RainOfDice+1","sneckomod:SoulRoll"],"picked":"sneckomod:DiceBlock","floor":48},{"not_picked":["sneckomod:UnknownCommonAttack+1","sneckomod:PureSnecko+1"],"picked":"sneckomod:UnknownUncommonSkill","floor":49},{"not_picked":["sneckomod:Unknown+1","sneckomod:Unknown2Cost+1"],"picked":"sneckomod:UnknownEthereal+1","floor":52},{"not_picked":["sneckomod:UnknownStrike","sneckomod:WideSting"],"picked":"sneckomod:DiceBlock","floor":52}],"player_experience":816042,"relics_obtained":[{"floor":4,"key":"Letter Opener"},{"floor":7,"key":"Toy Ornithopter"},{"floor":8,"key":"HornCleat"},{"floor":10,"key":"PreservedInsect"},{"floor":21,"key":"MealTicket"},{"floor":21,"key":"Bronze Scales"},{"floor":22,"key":"Necronomicon"},{"floor":24,"key":"Mercury Hourglass"},{"floor":25,"key":"Busted Crown"},{"floor":25,"key":"Ginger"},{"floor":27,"key":"Busted Crown"},{"floor":27,"key":"Bottled Tornado"},{"floor":28,"key":"Centennial Puzzle"},{"floor":31,"key":"Question Card"},{"floor":32,"key":"HornCleat"},{"floor":33,"key":"SlaversCollar"},{"floor":33,"key":"InkBottle"},{"floor":37,"key":"Akabeko"},{"floor":37,"key":"Girya"},{"floor":38,"key":"Old Coin"},{"floor":38,"key":"Gremlin Horn"},{"floor":38,"key":"Kunai"},{"floor":39,"key":"Ginger"},{"floor":39,"key":"PreservedInsect"},{"floor":44,"key":"Shuriken"},{"floor":44,"key":"Akabeko"},{"floor":44,"key":"Lizard Tail"},{"floor":45,"key":"Gremlin Horn"},{"floor":47,"key":"Mercury Hourglass"},{"floor":47,"key":"HornCleat"},{"floor":48,"key":"FossilizedHelix"},{"floor":49,"key":"Strawberry"},{"floor":52,"key":"Akabeko"},{"floor":52,"key":"sneckomod:ConfusingCodex"},{"floor":52,"key":"Mummified Hand"}],"event_choices":[{"damage_healed":0,"gold_gain":0,"player_choice":"Donut","damage_taken":0,"max_hp_gain":5,"max_hp_loss":0,"event_name":"Big Fish","floor":12,"gold_loss":0},{"damage_healed":0,"gold_gain":0,"player_choice":"Read","damage_taken":0,"max_hp_gain":0,"max_hp_loss":0,"event_name":"The Library","floor":19,"gold_loss":0,"cards_obtained":["sneckomod:Unknown0Cost"]},{"damage_healed":0,"gold_gain":0,"cards_transformed":["sneckomod:Strike"],"player_choice":"Transformed","damage_taken":0,"max_hp_gain":0,"max_hp_loss":0,"event_name":"Transmorgrifier","floor":43,"gold_loss":0,"cards_obtained":["sneckomod:UnknownCommonAttack"]},{"damage_healed":0,"gold_gain":0,"player_choice":"Fight","damage_taken":0,"max_hp_gain":0,"max_hp_loss":0,"event_name":"Mysterious Sphere","floor":48,"gold_loss":0}],"is_beta":false,"boss_relics":[{"not_picked":["Runic Pyramid","Pandora\u0027s Box"],"picked":"Busted Crown"},{"not_picked":["Snecko Eye","Coffee Dripper"],"picked":"Sozu"}],"items_purged_floors":[30,40],"is_endless":false,"potions_floor_spawned":[5,13,15,29,32,36,45,46,48],"ascension_level":2}}