{"host":"h8k9dndf1ns7wsjc","time":1608235151,"event":{"mods":["2.2 Compatiblity","AchievementEnabler","Act Like it!","BaseMod","Better Altar","Better Skull","Better Vampires","BetterRewards","Communication Mod","Hubris","Minty Spire (QoL Compilation)","Permanent Neow","Remove Card Discount Mod","Spicy Shops","StSLib"],"gold_per_floor":[211,106,124,144,142,142,175,175,199,226,226,276,276,291,291,291,291],"floor_reached":16,"playtime":723,"items_purged":["Strike_R"],"score":157,"play_id":"13626ed1-11a2-471d-987d-4cb11ebdf871","local_time":"20201217205911","is_ascension_mode":true,"campfire_choices":[{"data":"Bash","floor":6,"key":"SMITH"},{"data":"Searing Blow","floor":8,"key":"SMITH"},{"floor":13,"key":"REST"},{"data":"Searing Blow+1","floor":15,"key":"SMITH"}],"circlet_count":0,"master_deck":["Strike_R","Strike_R","Strike_R","Strike_R","Defend_R","Defend_R","Defend_R","Defend_R","Bash+1","Flame Barrier","Evolve","Searing Blow+2","Cleave","Combust","Flame Barrier","Hemokinesis"],"relics":["Burning Blood","hubris:ToyBattleship","Orichalcum","hubris:MedicalManual","hubris:Icosahedron","Pen Nib"],"acts_visited":["Exordium"],"potions_floor_usage":[16,16],"damage_taken":[{"damage":6,"enemies":"Cultist","floor":1,"turns":4},{"damage":0,"enemies":"2 Louse","floor":3,"turns":2},{"damage":2,"enemies":"Jaw Worm","floor":4,"turns":4},{"damage":31,"enemies":"Gremlin Nob","floor":7,"turns":4},{"damage":21,"enemies":"3 Sentries","floor":10,"turns":5},{"damage":10,"enemies":"Blue Slaver","floor":14,"turns":3},{"damage":61,"enemies":"The Guardian","floor":16,"turns":9}],"seed_played":"2079525093297811641","potions_obtained":[{"floor":1,"key":"FearPotion"},{"floor":3,"key":"FearPotion"},{"floor":10,"key":"SneckoOil"}],"is_trial":false,"path_per_floor":["M","$","M","M","$","R","E","R","T","E","?","T","R","M","R","B"],"character_chosen":"IRONCLAD","items_purchased":["Evolve","Searing Blow"],"campfire_rested":1,"item_purchase_floors":[2,2],"current_hp_per_floor":[72,72,78,80,80,80,55,55,55,40,40,40,64,60,60,0,0],"gold":291,"neow_bonus":"HUNDRED_GOLD","is_daily":false,"chose_seed":false,"campfire_upgraded":3,"win_rate":0.0,"timestamp":1608235151,"path_taken":["M","$","M","M","?","R","E","R","T","E","?","?","R","M","R","BOSS"],"items_purchased_type":["Card","Card"],"build_version":"2020-12-13","purchased_purges":1,"victory":false,"max_hp_per_floor":[80,80,80,80,80,80,80,80,80,80,80,80,80,80,80,80,80],"card_choices":[{"not_picked":["Sever Soul","Warcry"],"picked":"Flame Barrier","floor":1},{"not_picked":["Armaments","Second Wind"],"picked":"Cleave","floor":3},{"not_picked":["Dropkick","hubris:ReadiedAction"],"picked":"Combust","floor":4},{"not_picked":["Body Slam","Dark Embrace"],"picked":"Flame Barrier","floor":7},{"not_picked":["Infernal Blade","Clash"],"picked":"Hemokinesis","floor":10},{"not_picked":["Pummel","Uppercut","Entrench"],"picked":"SKIP","floor":14}],"player_experience":420851,"relics_obtained":[{"floor":7,"key":"hubris:ToyBattleship"},{"floor":9,"key":"Orichalcum"},{"floor":10,"key":"hubris:MedicalManual"},{"floor":12,"key":"Pen Nib"}],"event_choices":[],"is_beta":false,"boss_relics":[],"items_purged_floors":[5],"is_endless":false,"potions_floor_spawned":[1,3,10],"killed_by":"The Guardian","ascension_level":9}}