{"host":"nox","time":1608174276,"event":{"mods":["BaseMod","Colored Powertips","Minty Spire (QoL Compilation)","Quick Restart","Replay The Spire","StSLib"],"gold_per_floor":[119,194,206,223,498,498,531,304,304,336,353,353,381,381,381,486,486,496,496,507,526,169,200,216,247,247,279,378,396,396,409,409,514,514,526,578,578,594,1593,1621,1621,1621,1621,1639,1297,1312,1312,1327,1327,1327,1327,1327,1106,1137,1137,1137],"floor_reached":55,"playtime":2009,"items_purged":["Regret","ReplayTheSpireMod:Doomed"],"score":1355,"play_id":"228848b2-b538-4582-8dd5-cb3c5d518e31","local_time":"20201217100436","is_ascension_mode":true,"campfire_choices":[{"data":"True Grit","floor":6.0,"key":"SMITH"},{"floor":30.0,"key":"REST"},{"data":"Demon Form","floor":32.0,"key":"SMITH"},{"floor":42.0,"key":"RECALL"},{"data":"Double Tap","floor":47.0,"key":"SMITH"},{"floor":52.0,"key":"REST"}],"circlet_count":0,"master_deck":["Strike_R","Strike_R","Strike_R","Strike_R","Strike_R","Defend_R","Defend_R","Defend_R","Defend_R","Bash","Sword Boomerang+1","True Grit+1","Dropkick","Heavy Blade+1","Heavy Blade+1","Thunderclap+1","Feed","Thunderclap+1","Sword Boomerang","Doubt","Demon Form+1","Sword Boomerang+1","Hemogenesis","Shrug It Off+1","Normality","Normality","Writhe","Clumsy","Life Link+1","Double Tap+1","Clothesline+1","Shrug It Off+1","Double Tap"],"relics":["Burning Blood","Replay:Ringing Soul","Brimstone","Self Forming Clay","White Beast Statue","Replay:Accelerometer","Tiny Chest","Cursed Key","Membership Card","Blue Candle","Iron Hammer","Quantum Egg","Durian","Busted Crown","Another Sword","ReplayTheSpireMod:Spearhead","MealTicket","Replay:Bottled Eggs","ClockworkSouvenir","ReplayTheSpireMod:TigerMarble","PreservedInsect","Anchor","Replay:Rubber Ducky","Champion Belt"],"acts_visited":["Exordium","TheCity","TheBeyond","TheEnding"],"potions_floor_usage":[55,55,55],"damage_taken":[{"damage":0.0,"enemies":"Small Slimes","floor":1.0,"turns":3.0},{"damage":6.0,"enemies":"Cultist","floor":3.0,"turns":4.0},{"damage":6.0,"enemies":"Jaw Worm","floor":4.0,"turns":5.0},{"damage":53.0,"enemies":"Lagavulin","floor":7.0,"turns":7.0},{"damage":10.0,"enemies":"Gremlin Nob","floor":10.0,"turns":3.0},{"damage":19.0,"enemies":"Lots of Slimes","floor":11.0,"turns":3.0},{"damage":0.0,"enemies":"Lagavulin","floor":13.0,"turns":4.0},{"damage":0.0,"enemies":"Slime Boss","floor":16.0,"turns":4.0},{"damage":0.0,"enemies":"Chosen","floor":18.0,"turns":2.0},{"damage":7.0,"enemies":"2 Thieves","floor":20.0,"turns":3.0},{"damage":18.0,"enemies":"Centurion and Healer","floor":21.0,"turns":3.0},{"damage":47.0,"enemies":"Slavers","floor":23.0,"turns":5.0},{"damage":0.0,"enemies":"Cultist and Chosen","floor":24.0,"turns":4.0},{"damage":6.0,"enemies":"Gremlin Leader","floor":25.0,"turns":3.0},{"damage":34.0,"enemies":"Slavers","floor":27.0,"turns":3.0},{"damage":18.0,"enemies":"Snecko","floor":29.0,"turns":4.0},{"damage":0.0,"enemies":"Chosen and Byrds","floor":31.0,"turns":3.0},{"damage":35.0,"enemies":"Automaton","floor":33.0,"turns":5.0},{"damage":16.0,"enemies":"3 Darklings","floor":35.0,"turns":4.0},{"damage":53.0,"enemies":"2 Orb Walkers","floor":36.0,"turns":4.0},{"damage":31.0,"enemies":"3 Shapes","floor":38.0,"turns":5.0},{"damage":12.0,"enemies":"Giant Head","floor":40.0,"turns":5.0},{"damage":24.0,"enemies":"Writhing Mass","floor":44.0,"turns":4.0},{"damage":3.0,"enemies":"3 Darklings","floor":46.0,"turns":3.0},{"damage":14.0,"enemies":"Transient","floor":48.0,"turns":5.0},{"damage":111.0,"enemies":"Awakened One","floor":50.0,"turns":6.0},{"damage":57.0,"enemies":"Shield and Spear","floor":54.0,"turns":3.0},{"damage":111,"enemies":"The Heart","floor":55,"turns":5}],"seed_played":"-9186156812502326749","potions_obtained":[{"floor":1.0,"key":"DistilledChaos"},{"floor":11.0,"key":"Toxic Potion"},{"floor":13.0,"key":"FearPotion"},{"floor":16.0,"key":"Swift Potion"},{"floor":18.0,"key":"BlessingOfTheForge"},{"floor":20.0,"key":"Adrenaline Potion"},{"floor":21.0,"key":"EntropicBrew"},{"floor":24.0,"key":"SpeedPotion"},{"floor":25.0,"key":"Elixir"},{"floor":27.0,"key":"PowerPotion"},{"floor":29.0,"key":"BlessingOfTheForge"},{"floor":33.0,"key":"SkillPotion"},{"floor":35.0,"key":"Fruit Juice"},{"floor":36.0,"key":"EssenceOfSteel"},{"floor":38.0,"key":"ElixirPotion"},{"floor":44.0,"key":"Milkshake"},{"floor":46.0,"key":"FearPotion"},{"floor":54.0,"key":"SpeedPotion"}],"is_trial":false,"path_per_floor":["M","?","M","M","?","R","E","$","T","E","M","?","E","?","R","B",null,"M","?","M","M","$","E","M","E","T","E","?","M","R","M","R","B",null,"M","?","T","M","?","E","?","R","T","M","$","M","R","M","R","B",null,"R","$","E","B"],"character_chosen":"IRONCLAD","items_purchased":["Brimstone","Membership Card","Blue Candle","Feed","ClockworkSouvenir","ReplayTheSpireMod:TigerMarble","PreservedInsect","Double Tap","Anchor","Replay:Rubber Ducky","Explosive Potion","AttackPotion","Shrug It Off+1"],"campfire_rested":2,"item_purchase_floors":[8,22,22,22,45,45,45,45,53,53,53,53,53],"current_hp_per_floor":[86,78,78,78,78,78,34,34,34,33,20,20,26,26,54,60,86,92,92,94,85,88,47,59,65,68,48,48,36,73,85,85,59,116,114,70,73,56,59,58,100,100,103,97,115,118,118,118,149,49,124,149,152,104,0,0],"gold":1137,"neow_bonus":"TEN_PERCENT_HP_BONUS","is_daily":false,"chose_seed":false,"campfire_upgraded":3,"win_rate":0.0,"timestamp":1608174276,"path_taken":["M","?","?","M","?","R","E","$","T","E","?","?","E","?","R","BOSS","M","?","M","M","$","E","M","E","T","E","?","M","R","M","R","BOSS","M","?","?","M","?","E","?","R","T","M","$","M","R","M","R","BOSS","R","$","E","BOSS"],"items_purchased_type":["Relic","Relic","Relic","Card","Relic","Relic","Relic","Card","Relic","Relic","Potion","Potion","Card"],"build_version":"2020-11-17","purchased_purges":2,"victory":false,"max_hp_per_floor":[88,88,88,88,88,88,91,91,91,94,94,94,94,94,94,94,94,94,94,97,100,103,103,109,115,118,126,126,126,126,132,132,135,135,143,146,149,152,155,155,158,158,161,164,167,167,167,170,149,149,149,149,152,155,155,155],"card_choices":[{"not_picked":["Reckless Charge","Wild Strike"],"picked":"Sword Boomerang","floor":1.0},{"not_picked":["Cleave","Clash","Anger"],"picked":"SKIP","floor":3.0},{"not_picked":["Reckless Charge","ReplayTheSpireMod:Strike From Hell"],"picked":"True Grit","floor":4.0},{"not_picked":["ReplayTheSpireMod:Stacked","Pommel Strike"],"picked":"Dropkick","floor":7.0},{"not_picked":["Shockwave","Offering"],"picked":"Heavy Blade","floor":10.0},{"not_picked":["Pommel Strike","Iron Wave","Shockwave"],"picked":"SKIP","floor":11.0},{"not_picked":["Body Slam","Thunderclap","Pommel Strike"],"picked":"SKIP","floor":13.0},{"not_picked":["Thunderclap+1","Reckless Charge+1","Iron Wave"],"picked":"SKIP","floor":18.0},{"not_picked":["Wild Strike","Immolate"],"picked":"Heavy Blade","floor":20.0},{"not_picked":["Havoc","Shockwave"],"picked":"Thunderclap+1","floor":21.0},{"not_picked":["Anger","Havoc","ReplayReversal"],"picked":"SKIP","floor":23.0},{"not_picked":["Headbutt","Cleave"],"picked":"Thunderclap+1","floor":24.0},{"not_picked":["True Grit+1","ReplayTheSpireMod:Muscle Training"],"picked":"Sword Boomerang","floor":25.0},{"not_picked":["Corruption","Dual Wield"],"picked":"Demon Form","floor":27.0},{"not_picked":["Body Slam","Flex+1","Battle Trance"],"picked":"SKIP","floor":29.0},{"not_picked":["Havoc+1","Pummel"],"picked":"Sword Boomerang+1","floor":31.0},{"not_picked":["Barricade","Brutality"],"picked":"Hemogenesis","floor":33.0},{"not_picked":[],"picked":"Shrug It Off+1","floor":35.0},{"not_picked":["Sword Boomerang"],"picked":"SKIP","floor":38.0},{"not_picked":["Replay:Undeath\u0027s Touch"],"picked":"SKIP","floor":40.0},{"not_picked":[],"picked":"Life Link+1","floor":44.0},{"not_picked":["Carnage+1"],"picked":"SKIP","floor":46.0},{"not_picked":[],"picked":"Clothesline+1","floor":48.0},{"not_picked":[],"picked":"Double Tap","floor":54.0}],"player_experience":150670,"relics_obtained":[{"floor":7.0,"key":"Replay:Ringing Soul"},{"floor":9.0,"key":"Self Forming Clay"},{"floor":10.0,"key":"White Beast Statue"},{"floor":13.0,"key":"Replay:Accelerometer"},{"floor":23.0,"key":"Iron Hammer"},{"floor":25.0,"key":"Quantum Egg"},{"floor":27.0,"key":"Durian"},{"floor":36.0,"key":"Another Sword"},{"floor":37.0,"key":"ReplayTheSpireMod:Spearhead"},{"floor":40.0,"key":"MealTicket"},{"floor":43.0,"key":"Replay:Bottled Eggs"},{"floor":54.0,"key":"Champion Belt"}],"event_choices":[{"damage_healed":0.0,"max_hp_gain":0.0,"max_hp_loss":0.0,"gold_gain":75.0,"event_name":"FaceTrader","player_choice":"Touch","floor":2.0,"gold_loss":0.0,"damage_taken":8.0},{"damage_healed":0.0,"max_hp_gain":0.0,"max_hp_loss":0.0,"gold_gain":275.0,"event_name":"Golden Shrine","player_choice":"Desecrate","floor":5.0,"gold_loss":0.0,"damage_taken":0.0,"cards_obtained":["Regret"]},{"damage_healed":0.0,"max_hp_gain":0.0,"max_hp_loss":0.0,"gold_gain":0.0,"event_name":"Scrap Ooze","player_choice":"Fled","floor":12.0,"gold_loss":0.0,"damage_taken":0.0},{"damage_healed":0.0,"max_hp_gain":0.0,"max_hp_loss":0.0,"gold_gain":0.0,"event_name":"Dead Adventurer","player_choice":"Searched \u00271\u0027 times","floor":14.0,"gold_loss":0.0,"damage_taken":0.0,"relics_obtained":["Tiny Chest"]},{"damage_healed":0.0,"max_hp_gain":0.0,"max_hp_loss":0.0,"gold_gain":99.0,"event_name":"Nest","player_choice":"Stole From Cult","floor":28.0,"gold_loss":0.0,"damage_taken":0.0},{"damage_healed":0.0,"max_hp_gain":0.0,"max_hp_loss":0.0,"gold_gain":0.0,"event_name":"Mysterious Sphere","player_choice":"Fight","floor":36.0,"gold_loss":0.0,"damage_taken":0.0},{"damage_healed":0.0,"max_hp_gain":0.0,"max_hp_loss":0.0,"gold_gain":999.0,"event_name":"MindBloom","player_choice":"Gold","floor":39.0,"gold_loss":0.0,"damage_taken":0.0,"cards_obtained":["Normality","Normality"]},{"damage_healed":39.0,"max_hp_gain":0.0,"max_hp_loss":0.0,"gold_gain":0.0,"event_name":"Winding Halls","player_choice":"Writhe","floor":41.0,"gold_loss":0.0,"damage_taken":0.0,"cards_obtained":["Writhe"]},{"damage_healed":149.0,"max_hp_gain":0.0,"max_hp_loss":21.0,"gold_gain":0.0,"event_name":"The Moai Head","player_choice":"Heal","floor":49.0,"gold_loss":0.0,"damage_taken":0.0}],"is_beta":true,"boss_relics":[{"not_picked":["Abe\u0027s Treasure","Runic Pyramid"],"picked":"Cursed Key"},{"not_picked":["ChewingGum","Replay:Wanted Poster"],"picked":"Busted Crown"}],"items_purged_floors":[8,45],"is_endless":false,"potions_floor_spawned":[1,11,13,16,18,20,21,23,24,25,27,29,31,33,35,36,38,40,44,46,48,54],"killed_by":"The Heart","ascension_level":8}}