{"host":"sum4dy402bbv9y4o","time":1608223087,"event":{"mods":["Aspiration","BaseMod","Conspire","Highlight Path","Minty Spire (QoL Compilation)","StSLib"],"gold_per_floor":[115,115,12,26,26,26,58,77,77,103,103,134,147,147,147,224,224,236,236,252,48,48,75,75,107,134,134,134,145,161,173,173,250,250,260,260,279,279,6,6,6,6,6,17,51,51,66,66,66],"floor_reached":48,"playtime":1498,"items_purged":["Strike_P","conspire:GhostlyStrike"],"score":1307,"play_id":"e65ab1c0-811b-4841-b2c5-6cec9a58b644","local_time":"20201217193807","is_ascension_mode":true,"campfire_choices":[{"data":"Eruption","floor":6,"key":"SMITH"},{"floor":11,"key":"REST"},{"data":"Vigilance","floor":15,"key":"SMITH"},{"data":"Adaptation","floor":24,"key":"SMITH"},{"data":"Perseverance","floor":27,"key":"SMITH"},{"floor":32,"key":"REST"},{"data":"Perseverance+1","floor":40,"key":"SMITH"}],"circlet_count":0,"master_deck":["AscendersBane","conspire:GhostlyDefend","conspire:GhostlyDefend","Eruption+1","Vigilance+1","FlurryOfBlows","FlurryOfBlows","EmptyFist","Tantrum","Halt+1","BowlingBash+1","Halt","Perseverance+3","Conclude+1","Adaptation+1","Protect","Shame","CutThroughFate+1","Eruption+1","FlurryOfBlows+1","CurseOfTheBell","FearNoEvil+1","Secret Weapon"],"relics":["PureWater","Singing Bowl","Molten Egg 2","aspiration:HiddenCompartment","aspiration:Lifesprig","Empty Cage","The Courier","Du-Vu Doll","Toy Ornithopter","Regal Pillow","Calling Bell","Blood Vial","conspire:Flyswatter","conspire:InfiniteJournal","Unceasing Top","Pear","Mummified Hand","War Paint"],"acts_visited":["Exordium","TheCity","TheBeyond"],"potions_floor_usage":[12,25,30,33,47],"damage_taken":[{"damage":8,"enemies":"Small Slimes","floor":1,"turns":3},{"damage":2,"enemies":"2 Louse","floor":4,"turns":3},{"damage":30,"enemies":"Lagavulin","floor":7,"turns":6},{"damage":7,"enemies":"Jaw Worm","floor":8,"turns":2},{"damage":0,"enemies":"3 Sentries","floor":10,"turns":4},{"damage":0,"enemies":"Gremlin Nob","floor":12,"turns":3},{"damage":0,"enemies":"2 Fungi Beasts","floor":13,"turns":2},{"damage":0,"enemies":"Slime Boss","floor":16,"turns":4},{"damage":4,"enemies":"Shell Parasite","floor":18,"turns":3},{"damage":2,"enemies":"Chosen","floor":20,"turns":3},{"damage":0,"enemies":"Gremlin Leader","floor":23,"turns":4},{"damage":7,"enemies":"Slavers","floor":25,"turns":3},{"damage":0,"enemies":"Snake Plant","floor":29,"turns":3},{"damage":15,"enemies":"Cultist and Chosen","floor":30,"turns":5},{"damage":0,"enemies":"Centurion and Healer","floor":31,"turns":1},{"damage":29,"enemies":"conspire:MysteriousRune","floor":33,"turns":4},{"damage":16,"enemies":"3 Darklings","floor":35,"turns":4},{"damage":4,"enemies":"Orb Walker","floor":37,"turns":2},{"damage":0,"enemies":"Sphere and 2 Shapes","floor":44,"turns":3},{"damage":5,"enemies":"Nemesis","floor":45,"turns":3},{"damage":31,"enemies":"Transient","floor":47,"turns":6},{"damage":71,"enemies":"Giant Head","floor":48,"turns":5}],"seed_played":"120916316688098055","potions_obtained":[{"floor":4,"key":"Dexterity Potion"},{"floor":8,"key":"Block Potion"},{"floor":13,"key":"BlessingOfTheForge"},{"floor":25,"key":"Block Potion"},{"floor":30,"key":"SpeedPotion"},{"floor":44,"key":"CultistPotion"}],"is_trial":false,"path_per_floor":["M","?","$","M","?","R","E","M","T","E","R","E","M","?","R","B",null,"M","?","M","$","?","E","R","E","T","R","?","M","M","M","R","B",null,"M","?","M","?","$","R","T","?","T","M","E","?","M","E"],"character_chosen":"WATCHER","items_purchased":["FlurryOfBlows","Adaptation","Protect","Unceasing Top"],"campfire_rested":2,"item_purchase_floors":[3,21,21,39],"current_hp_per_floor":[53,53,53,51,51,51,21,14,14,14,34,34,34,34,34,36,62,60,60,58,58,58,60,60,55,55,55,55,55,47,49,80,53,75,61,61,61,61,61,61,71,76,76,80,79,79,57,0,0],"gold":66,"neow_bonus":"TRANSFORM_CARD","is_daily":false,"chose_seed":false,"campfire_upgraded":5,"win_rate":0.0,"timestamp":1608223087,"path_taken":["M","?","$","M","?","R","E","M","T","E","R","E","M","?","R","BOSS","M","?","M","$","?","E","R","E","T","R","?","M","?","M","R","BOSS","M","?","?","?","$","R","?","?","T","M","E","?","?","E"],"items_purchased_type":["Card","Card","Card","Relic"],"build_version":"2020-12-13","purchased_purges":2,"victory":false,"max_hp_per_floor":[68,68,68,68,68,68,68,68,68,68,68,68,68,68,68,70,70,72,72,72,72,72,74,74,76,76,76,76,76,78,80,80,82,82,82,82,84,84,84,84,94,94,94,96,98,98,100,100,100],"card_choices":[{"not_picked":["Consecrate","Nirvana"],"picked":"FlurryOfBlows","floor":1},{"not_picked":["Fasting2","Adaptation"],"picked":"EmptyFist","floor":4},{"not_picked":["EmptyMind","Protect"],"picked":"Tantrum","floor":7},{"not_picked":["LikeWater","Conclude"],"picked":"Halt","floor":8},{"not_picked":["FollowUp+1","MasterReality"],"picked":"BowlingBash+1","floor":10},{"not_picked":["CutThroughFate+1","SashWhip+1"],"picked":"Halt","floor":12},{"not_picked":["Consecrate+1","CrushJoints+1"],"picked":"Perseverance","floor":13},{"not_picked":["ConjureBlade","SpiritShield","Scrawl"],"picked":"Singing Bowl","floor":16},{"not_picked":["Halt","CutThroughFate+1","LikeWater"],"picked":"Singing Bowl","floor":18},{"not_picked":["Wireheading","FollowUp+1"],"picked":"Conclude+1","floor":20},{"not_picked":["BowlingBash+1","PathToVictory","WaveOfTheHand"],"picked":"Singing Bowl","floor":23},{"not_picked":["DeceiveReality","SashWhip+1","ClearTheMind"],"picked":"Singing Bowl","floor":25},{"not_picked":["ClearTheMind","EmptyFist+1"],"picked":"FlurryOfBlows+1","floor":29},{"not_picked":["Prostrate","WindmillStrike+1","BowlingBash+1"],"picked":"Singing Bowl","floor":30},{"not_picked":["Consecrate+1","FollowUp+1","Tantrum+1"],"picked":"Singing Bowl","floor":31},{"not_picked":["Ragnarok+1","Blasphemy","Vault"],"picked":"Singing Bowl","floor":33},{"not_picked":["BattleHymn","FlurryOfBlows+1"],"picked":"FearNoEvil+1","floor":35},{"not_picked":["ThirdEye+1","DeceiveReality","InnerPeace"],"picked":"Singing Bowl","floor":37},{"not_picked":["Meditate+1","SignatureMove+1","FlyingSleeves+1"],"picked":"Singing Bowl","floor":44},{"not_picked":["ThirdEye+1","FollowUp+1","EmptyBody"],"picked":"Singing Bowl","floor":45},{"not_picked":["Study","ClearTheMind","Wish"],"picked":"Singing Bowl","floor":47}],"player_experience":2805588,"relics_obtained":[{"floor":7,"key":"Singing Bowl"},{"floor":9,"key":"Molten Egg 2"},{"floor":10,"key":"aspiration:HiddenCompartment"},{"floor":12,"key":"aspiration:Lifesprig"},{"floor":23,"key":"Du-Vu Doll"},{"floor":25,"key":"Toy Ornithopter"},{"floor":26,"key":"Regal Pillow"},{"floor":34,"key":"Blood Vial"},{"floor":34,"key":"conspire:Flyswatter"},{"floor":34,"key":"conspire:InfiniteJournal"},{"floor":41,"key":"Pear"},{"floor":43,"key":"Mummified Hand"},{"floor":45,"key":"War Paint"}],"event_choices":[{"damage_healed":0,"gold_gain":0,"player_choice":"Ignored","damage_taken":0,"max_hp_gain":0,"max_hp_loss":0,"event_name":"Golden Idol","floor":5,"gold_loss":0},{"damage_healed":0,"gold_gain":0,"player_choice":"Agree","damage_taken":0,"max_hp_gain":0,"max_hp_loss":0,"event_name":"conspire:LoneGhost","floor":14,"gold_loss":0},{"damage_healed":0,"gold_gain":0,"player_choice":"Ignored","damage_taken":0,"max_hp_gain":0,"max_hp_loss":0,"event_name":"Ghosts","floor":19,"gold_loss":0},{"damage_healed":0,"gold_gain":0,"player_choice":"Stole Relic","damage_taken":0,"relics_obtained":["The Courier"],"max_hp_gain":0,"max_hp_loss":0,"event_name":"Addict","floor":22,"gold_loss":0,"cards_obtained":["Shame"]},{"damage_healed":0,"gold_gain":0,"player_choice":"2 cards matched","damage_taken":0,"max_hp_gain":0,"max_hp_loss":0,"event_name":"Match and Keep!","floor":28,"gold_loss":0,"cards_obtained":["CutThroughFate","Eruption"]},{"damage_healed":0,"gold_gain":0,"cards_transformed":["conspire:GhostlyStrike"],"player_choice":"Transformed","damage_taken":0,"max_hp_gain":0,"max_hp_loss":0,"event_name":"Transmorgrifier","floor":36,"gold_loss":0,"cards_obtained":["Secret Weapon"]},{"cards_removed":["ClearTheMind"],"damage_healed":0,"gold_gain":0,"player_choice":"Removed Skill","damage_taken":0,"max_hp_gain":0,"max_hp_loss":0,"event_name":"Falling","floor":38,"gold_loss":0},{"damage_healed":0,"gold_gain":0,"player_choice":"Ignored","damage_taken":0,"max_hp_gain":0,"max_hp_loss":0,"event_name":"Mysterious Sphere","floor":46,"gold_loss":0}],"is_beta":false,"boss_relics":[{"not_picked":["Coffee Dripper","Ectoplasm"],"picked":"Empty Cage"},{"not_picked":["Sozu","Cursed Key"],"picked":"Calling Bell"}],"items_purged_floors":[3,21],"is_endless":false,"potions_floor_spawned":[4,8,13,16,25,29,30,44,45],"killed_by":"Giant Head","ascension_level":20}}