{"host":"is2s59edl8twrhoj","time":1608206612,"event":{"mods":["BaseMod","Colored Map","Colored Powertips","DeckTracker","Downfall","Minty Spire (QoL Compilation)","StSLib"],"gold_per_floor":[99,9,0,20,20,170,219,219,235,266,211,211,238,252,268,363,363,363,363,348,348],"floor_reached":20,"playtime":1810,"items_purged":["Guardian:Strike_Guardian"],"score":193,"play_id":"79e31015-6017-4e4b-803e-992cf0dab5f8","local_time":"20201217120332","is_ascension_mode":false,"campfire_choices":[{"data":"Guardian:TwinSlam","floor":1.0,"key":"SMITH"},{"data":"Guardian:StasisField","floor":5.0,"key":"SMITH"},{"data":"Guardian:CurlUp","floor":8.0,"key":"SMITH"},{"data":"Guardian:WalkerClaw","floor":18.0,"key":"SMITH"}],"circlet_count":0,"master_deck":["Guardian:Strike_Guardian+1","Guardian:Strike_Guardian+1","Guardian:Strike_Guardian","Guardian:Defend_Guardian","Guardian:Defend_Guardian","Guardian:Defend_Guardian","Guardian:Defend_Guardian","Guardian:CurlUp+1","Guardian:TwinSlam+1","Guardian:StasisField+1","Guardian:WalkerClaw+1","Slimebound:Icky","Guardian:BronzeArmor+1","Guardian:Orbwalk","Guardian:Clone+1","Guardian:RevengeProtocol","Guardian:Harden+1"],"relics":["Guardian:ModeShifter","Whetstone","Toxic Egg 2","Odd Mushroom","SacredBark"],"acts_visited":["Exordium","TheCity"],"potions_floor_usage":[],"damage_taken":[{"damage":0.0,"enemies":"downfall:FleeingMerchant","floor":2.0,"turns":4.0},{"damage":0.0,"enemies":"downfall:FleeingMerchant","floor":3.0,"turns":4.0},{"damage":0.0,"enemies":"Small Slimes","floor":4.0,"turns":3.0},{"damage":2.0,"enemies":"Jaw Worm","floor":9.0,"turns":4.0},{"damage":0.0,"enemies":"3 Sentries","floor":10.0,"turns":4.0},{"damage":4.0,"enemies":"downfall:FleeingMerchant","floor":11.0,"turns":4.0},{"damage":3.0,"enemies":"The Mushroom Lair","floor":13.0,"turns":4.0},{"damage":5.0,"enemies":"2 Louse","floor":14.0,"turns":2.0},{"damage":0.0,"enemies":"Gremlin Gang","floor":15.0,"turns":2.0},{"damage":38.0,"enemies":"downfall:Silent","floor":16.0,"turns":16.0},{"damage":0.0,"enemies":"Chosen","floor":19.0,"turns":1.0},{"damage":1.0,"enemies":"downfall:FleeingMerchant","floor":20.0,"turns":4.0}],"seed_played":"7028081342905976947","potions_obtained":[{"floor":4.0,"key":"AttackPotion"},{"floor":9.0,"key":"AttackPotion"},{"floor":10.0,"key":"DistilledChaos"},{"floor":14.0,"key":"Guardian:AcceleratePotion"},{"floor":16.0,"key":"SkillPotion"}],"is_trial":false,"path_per_floor":["R","$","$","M","R","?","T","R","M","E","$","?","?","M","M","B",null,"R","M","$"],"character_chosen":"GUARDIAN","items_purchased":["Guardian:Orbwalk"],"campfire_rested":0,"item_purchase_floors":[11],"current_hp_per_floor":[80,80,80,80,80,80,80,80,78,78,74,74,71,66,66,28,80,80,80,79,79],"gold":348,"neow_bonus":"ONE_RANDOM_RARE_CARD","is_daily":false,"chose_seed":false,"campfire_upgraded":4,"win_rate":0.0,"timestamp":1608206612,"path_taken":["R","$","$","M","R","?","T","R","M","E","$","?","?","M","M","BOSS","R","M","$"],"items_purchased_type":["Card"],"build_version":"2020-12-13","purchased_purges":1,"victory":false,"max_hp_per_floor":[80,80,80,80,80,80,80,80,80,80,80,80,80,80,80,80,80,80,80,80,80],"card_choices":[{"not_picked":["Guardian:ShieldCharger","Guardian:Gem_Crimson"],"picked":"Guardian:WalkerClaw","floor":2.0},{"not_picked":["Guardian:WalkerClaw","Guardian:Preprogram"],"picked":"Guardian:Gem_Green","floor":3.0},{"not_picked":["Guardian:Suspension","Guardian:ShieldCharger","Guardian:StasisField"],"picked":"SKIP","floor":4.0},{"not_picked":["Guardian:FloatingOrbs","Guardian:WalkerClaw","Guardian:Emergency"],"picked":"SKIP","floor":9.0},{"not_picked":["Guardian:SentryBeam","Guardian:ConstructionForm","Guardian:WalkerClaw"],"picked":"SKIP","floor":10.0},{"not_picked":["Guardian:EvasiveProtocol","Guardian:CrystalBeam"],"picked":"Guardian:BronzeArmor+1","floor":11.0},{"not_picked":["Guardian:VentSteam+1","Guardian:Incinerate"],"picked":"Guardian:Gem_Red","floor":13.0},{"not_picked":["Guardian:ShieldSpikes+1","Guardian:BronzeArmor+1","Guardian:Repulse"],"picked":"SKIP","floor":14.0},{"not_picked":["Guardian:VentSteam+1","Guardian:Incinerate"],"picked":"Guardian:Clone+1","floor":15.0},{"not_picked":["Guardian:StasisStrike","Guardian:ExploitGems+1"],"picked":"Guardian:RevengeProtocol","floor":16.0},{"not_picked":["Guardian:Orbwalk","Guardian:Gem_Red"],"picked":"Guardian:Harden+1","floor":19.0}],"player_experience":635359,"relics_obtained":[{"floor":7.0,"key":"Whetstone"},{"floor":10.0,"key":"Toxic Egg 2"},{"floor":13.0,"key":"Odd Mushroom"}],"event_choices":[{"damage_healed":0.0,"max_hp_gain":0.0,"max_hp_loss":0.0,"gold_gain":0.0,"event_name":"Mushrooms","player_choice":"Fought Mushrooms","floor":13.0,"gold_loss":0.0,"damage_taken":0.0}],"is_beta":false,"boss_relics":[{"not_picked":["Sozu","Runic Dome"],"picked":"SacredBark"}],"items_purged_floors":[2],"is_endless":false,"potions_floor_spawned":[4,9,10,14,16],"killed_by":"downfall:FleeingMerchant","ascension_level":0}}