{"host":"xcuflocadasoaqda","time":1608231612,"event":{"mods":["BaseMod","Bestiary","Filter the Spire","Minty Spire (QoL Compilation)","Relic Stats"],"gold_per_floor":[109,109,384,404,421,421,450,8,8,41,41,68,86,99,99,171,171,184,201,101,101,101,130,130,165,189,189,25,37,137,171,171,247,247,261,261,261,136,488,488,521,521,547,547,566,596,608,633,633,633,633,633,633,89,117,117],"floor_reached":57,"playtime":3677,"items_purged":["Regret","Perfected Strike","Decay","Dual Wield"],"score":2989,"play_id":"85122b6f-248e-43ed-a7b4-35b8d1905fb2","local_time":"20201217130012","is_ascension_mode":true,"campfire_choices":[{"data":"Inflame","floor":6.0,"key":"SMITH"},{"floor":11.0,"key":"REST"},{"data":"Heavy Blade","floor":15.0,"key":"SMITH"},{"data":"Limit Break","floor":24.0,"key":"SMITH"},{"data":"Berserk","floor":27.0,"key":"SMITH"},{"data":"Dark Embrace","floor":32,"key":"SMITH"},{"data":"Limit Break","floor":40,"key":"SMITH"},{"floor":42,"key":"RECALL"},{"data":"Offering","floor":44,"key":"SMITH"},{"data":"Disarm","floor":49,"key":"SMITH"},{"data":"Feel No Pain","floor":53,"key":"SMITH"}],"circlet_count":0,"master_deck":["AscendersBane","Bash","Sentinel","Heavy Blade+1","Berserk+1","Double Tap","Power Through","Cleave","Shrug It Off","Clothesline","Inflame+1","Disarm+1","Shrug It Off","Feel No Pain+1","Shrug It Off","Battle Trance","Offering+1","Twin Strike","Limit Break+1","RitualDagger","Second Wind","Flame Barrier","Shockwave","Dark Embrace+1","Limit Break+1","Dropkick+1","Burning Pact","Regret","Flex+1","Spot Weakness","Apotheosis","Sentinel"],"relics":["Pandora\u0027s Box","Blue Candle","Pen Nib","Thread and Needle","Meat on the Bone","Eternal Feather","Runic Pyramid","Blood Vial","Juzu Bracelet","Vajra","Medical Kit","Turnip","Bottled Lightning","Regal Pillow","Cursed Key","Old Coin","Bag of Marbles","Bottled Tornado","Unceasing Top","Membership Card","Ornamental Fan","Akabeko"],"acts_visited":["Exordium","TheCity","TheBeyond","TheEnding"],"potions_floor_usage":[31,54,55,56],"damage_taken":[{"damage":0.0,"enemies":"2 Louse","floor":1.0,"turns":3.0},{"damage":15.0,"enemies":"Small Slimes","floor":4.0,"turns":5.0},{"damage":3.0,"enemies":"Cultist","floor":5.0,"turns":2.0},{"damage":40.0,"enemies":"3 Sentries","floor":7.0,"turns":10.0},{"damage":12.0,"enemies":"Gremlin Nob","floor":10.0,"turns":3.0},{"damage":0.0,"enemies":"3 Sentries","floor":12.0,"turns":8.0},{"damage":6.0,"enemies":"Looter","floor":13.0,"turns":4.0},{"damage":1.0,"enemies":"Blue Slaver","floor":14.0,"turns":5.0},{"damage":11.0,"enemies":"Slime Boss","floor":16.0,"turns":11.0},{"damage":6.0,"enemies":"3 Byrds","floor":18.0,"turns":6.0},{"damage":6.0,"enemies":"Chosen","floor":19.0,"turns":3.0},{"damage":9.0,"enemies":"Book of Stabbing","floor":23.0,"turns":3.0},{"damage":40.0,"enemies":"Slavers","floor":25.0,"turns":6.0},{"damage":6.0,"enemies":"3 Cultists","floor":29.0,"turns":4.0},{"damage":6.0,"enemies":"Colosseum Slavers","floor":30.0,"turns":3.0},{"damage":62.0,"enemies":"Colosseum Nobs","floor":30.0,"turns":7.0},{"damage":7,"enemies":"Gremlin Leader","floor":31,"turns":4},{"damage":6,"enemies":"Champ","floor":33,"turns":8},{"damage":6,"enemies":"Orb Walker","floor":35,"turns":3},{"damage":15,"enemies":"2 Orb Walkers","floor":39,"turns":4},{"damage":6,"enemies":"Giant Head","floor":41,"turns":4},{"damage":8,"enemies":"3 Darklings","floor":45,"turns":4},{"damage":7,"enemies":"Reptomancer","floor":46,"turns":4},{"damage":7,"enemies":"Jaw Worm Horde","floor":47,"turns":3},{"damage":7,"enemies":"Mind Bloom Boss Battle","floor":48,"turns":3},{"damage":16,"enemies":"Awakened One","floor":50,"turns":6},{"damage":32,"enemies":"Donu and Deca","floor":51,"turns":6},{"damage":13,"enemies":"Shield and Spear","floor":55,"turns":4},{"damage":27,"enemies":"The Heart","floor":56,"turns":8}],"seed_played":"-5621353099968579507","potions_obtained":[{"floor":5.0,"key":"FearPotion"},{"floor":10.0,"key":"EntropicBrew"},{"floor":12.0,"key":"Fire Potion"},{"floor":14.0,"key":"DuplicationPotion"},{"floor":25.0,"key":"BloodPotion"},{"floor":29.0,"key":"SneckoOil"},{"floor":30.0,"key":"BlessingOfTheForge"},{"floor":31,"key":"ElixirPotion"},{"floor":41,"key":"SpeedPotion"},{"floor":46,"key":"Fruit Juice"},{"floor":55,"key":"AttackPotion"}],"is_trial":false,"path_per_floor":["M","?","?","M","M","R","E","$","T","E","R","E","M","M","R","B",null,"M","M","$","?","?","E","R","E","T","R","$","M","?","E","R","B",null,"M","$","?","$","?","R","E","R","T","R","M","E","M","?","R","B","B",null,"R","$","E","B",null],"character_chosen":"IRONCLAD","items_purchased":["Feel No Pain","Pen Nib","PowerPotion","Shrug It Off","Medical Kit","Membership Card","Spot Weakness","Apotheosis","Ornamental Fan","Swift Potion"],"campfire_rested":1,"item_purchase_floors":[8,8,8,8,28,54,54,54,54,54],"current_hp_per_floor":[68,73,73,58,55,55,15,15,15,3,27,39,45,44,53,42,71,65,59,59,53,53,44,56,30,30,42,42,50,14,21,36,44,71,67,67,67,67,54,69,65,80,80,80,72,67,62,57,75,61,43,71,80,85,72,47],"gold":117,"neow_bonus":"BOSS_RELIC","is_daily":false,"chose_seed":false,"campfire_upgraded":9,"win_rate":0.0,"timestamp":1608231612,"path_taken":["M","?","?","M","M","R","E","$","T","E","R","E","M","?","R","BOSS","M","M","$","?","?","E","R","E","T","R","$","M","?","E","R","BOSS","M","$","?","?","?","R","E","R","T","R","M","E","M","?","R","BOSS","BOSS","R","$","E","BOSS"],"items_purchased_type":["Card","Relic","Potion","Card","Relic","Relic","Card","Card","Relic","Potion"],"build_version":"2020-12-13","purchased_purges":4,"victory":true,"max_hp_per_floor":[75,80,80,80,80,80,80,80,80,80,80,80,80,80,80,80,80,80,80,80,80,80,80,80,80,80,80,80,80,80,80,80,80,80,80,80,80,80,80,80,80,80,80,80,80,80,80,80,80,80,80,80,80,85,85,85],"relic_stats":{"Regal Pillow":0,"counters":[29,144],"Blue Candle":[10],"Eternal Feather":105,"Pen Nib":[14],"Juzu Bracelet":0,"Medical Kit":[33],"Cursed Key":1,"Blood Vial":30,"Ornamental Fan":[0],"Pandora\u0027s Box":["Sentinel","Heavy Blade","Berserk","Double Tap","Power Through","Perfected Strike","Cleave","Shrug It Off","Clothesline"],"Turnip":[6],"obtain_stats":[{"Regal Pillow":31,"Blue Candle":7,"Vajra":26,"Thread and Needle":9,"Eternal Feather":12,"Pen Nib":8,"Juzu Bracelet":25,"Bottled Tornado":46,"Medical Kit":28,"Cursed Key":34,"Burning Blood":0,"Akabeko":55,"Old Coin":39,"Blood Vial":23,"Ornamental Fan":54,"Pandora\u0027s Box":0,"Turnip":30,"Bag of Marbles":41,"Bottled Lightning":30,"Membership Card":54,"Unceasing Top":48,"Meat on the Bone":10,"Runic Pyramid":17},{"Regal Pillow":17,"Blue Candle":4,"Vajra":13,"Thread and Needle":4,"Eternal Feather":6,"Pen Nib":4,"Juzu Bracelet":13,"Bottled Tornado":23,"Medical Kit":13,"Cursed Key":18,"Burning Blood":0,"Akabeko":28,"Old Coin":20,"Blood Vial":12,"Ornamental Fan":27,"Pandora\u0027s Box":0,"Turnip":16,"Bag of Marbles":21,"Bottled Lightning":16,"Membership Card":27,"Unceasing Top":25,"Meat on the Bone":5,"Runic Pyramid":9},{"Regal Pillow":87,"Blue Candle":20,"Vajra":69,"Thread and Needle":20,"Eternal Feather":31,"Pen Nib":20,"Juzu Bracelet":69,"Bottled Tornado":114,"Medical Kit":69,"Cursed Key":95,"Burning Blood":0,"Akabeko":136,"Old Coin":102,"Blood Vial":63,"Ornamental Fan":132,"Pandora\u0027s Box":0,"Turnip":83,"Bag of Marbles":106,"Bottled Lightning":83,"Membership Card":132,"Unceasing Top":120,"Meat on the Bone":23,"Runic Pyramid":51}],"Unceasing Top":[0],"Meat on the Bone":96},"card_choices":[{"not_picked":["Clash","Wild Strike"],"picked":"Inflame","floor":1.0},{"not_picked":["Anger","Shrug It Off"],"picked":"Disarm","floor":4.0},{"not_picked":["Anger","Wild Strike","Perfected Strike"],"picked":"SKIP","floor":5.0},{"not_picked":["Rage","Combust"],"picked":"Shrug It Off","floor":7.0},{"not_picked":["Dropkick","Dark Embrace"],"picked":"Battle Trance","floor":10.0},{"not_picked":["Warcry","Flex"],"picked":"Offering","floor":12.0},{"not_picked":["Shrug It Off","Armaments","Perfected Strike"],"picked":"SKIP","floor":13.0},{"not_picked":["Infernal Blade","Armaments"],"picked":"Twin Strike","floor":14.0},{"not_picked":["Berserk","Immolate"],"picked":"Limit Break","floor":16.0},{"not_picked":["Clash","Wild Strike","Intimidate"],"picked":"SKIP","floor":18.0},{"not_picked":["Hemokinesis+1","Shockwave"],"picked":"Dual Wield","floor":19.0},{"not_picked":["Intimidate","Rage","Body Slam"],"picked":"SKIP","floor":23.0},{"not_picked":["Intimidate","Rage","Body Slam"],"picked":"SKIP","floor":23.0},{"not_picked":["Body Slam","Cleave"],"picked":"Flame Barrier","floor":25.0},{"not_picked":["Bloodletting","Iron Wave"],"picked":"Shockwave","floor":29.0},{"not_picked":["Rupture","Evolve"],"picked":"Dark Embrace","floor":31},{"not_picked":["Fiend Fire","Demon Form"],"picked":"Limit Break","floor":33},{"not_picked":["Warcry","Perfected Strike"],"picked":"Dropkick+1","floor":35},{"not_picked":["Anger","Searing Blow+1"],"picked":"Burning Pact","floor":41},{"not_picked":["Rage","Pummel","Clash"],"picked":"SKIP","floor":45},{"not_picked":["Searing Blow+1","Combust"],"picked":"Flex+1","floor":46},{"not_picked":["Sword Boomerang","True Grit","Wild Strike"],"picked":"SKIP","floor":47},{"not_picked":["Dual Wield","Ghostly Armor+1"],"picked":"Sentinel","floor":55}],"player_experience":1731875,"relics_obtained":[{"floor":7.0,"key":"Blue Candle"},{"floor":9.0,"key":"Thread and Needle"},{"floor":10.0,"key":"Meat on the Bone"},{"floor":12.0,"key":"Eternal Feather"},{"floor":23.0,"key":"Blood Vial"},{"floor":25.0,"key":"Juzu Bracelet"},{"floor":26.0,"key":"Vajra"},{"floor":30.0,"key":"Turnip"},{"floor":30.0,"key":"Bottled Lightning"},{"floor":31,"key":"Regal Pillow"},{"floor":39,"key":"Old Coin"},{"floor":41,"key":"Bag of Marbles"},{"floor":46,"key":"Bottled Tornado"},{"floor":48,"key":"Unceasing Top"},{"floor":55,"key":"Akabeko"}],"event_choices":[{"damage_healed":0.0,"max_hp_gain":5.0,"max_hp_loss":0.0,"gold_gain":0.0,"event_name":"Big Fish","player_choice":"Donut","floor":2.0,"gold_loss":0.0,"damage_taken":0.0},{"damage_healed":0.0,"max_hp_gain":0.0,"max_hp_loss":0.0,"gold_gain":275.0,"event_name":"Golden Shrine","player_choice":"Desecrate","floor":3.0,"gold_loss":0.0,"damage_taken":0.0,"cards_obtained":["Regret"]},{"damage_healed":0.0,"max_hp_gain":0.0,"max_hp_loss":0.0,"gold_gain":0.0,"event_name":"Nest","player_choice":"Joined the Cult","floor":21.0,"gold_loss":0.0,"damage_taken":6.0,"cards_obtained":["RitualDagger"]},{"damage_healed":0.0,"max_hp_gain":0.0,"max_hp_loss":0.0,"gold_gain":0.0,"event_name":"The Library","player_choice":"Read","floor":22.0,"gold_loss":0.0,"damage_taken":0.0,"cards_obtained":["Second Wind"]},{"damage_healed":0.0,"max_hp_gain":0.0,"max_hp_loss":0.0,"gold_gain":0.0,"event_name":"Colosseum","player_choice":"Fight","floor":30.0,"gold_loss":0.0,"damage_taken":0.0},{"damage_healed":0.0,"max_hp_gain":0.0,"max_hp_loss":0.0,"gold_gain":0.0,"event_name":"Colosseum","player_choice":"Fought Nobs","floor":30.0,"gold_loss":0.0,"damage_taken":0.0},{"damage_healed":0,"gold_gain":0,"player_choice":"Cursed","damage_taken":0,"max_hp_gain":0,"max_hp_loss":0,"event_name":"Wheel of Change","floor":37,"gold_loss":0,"cards_obtained":["Decay"]},{"damage_healed":0,"gold_gain":0,"player_choice":"Fight","damage_taken":0,"max_hp_gain":0,"max_hp_loss":0,"event_name":"Mysterious Sphere","floor":39,"gold_loss":0},{"damage_healed":0,"gold_gain":0,"player_choice":"Fight","damage_taken":0,"max_hp_gain":0,"max_hp_loss":0,"event_name":"MindBloom","floor":48,"gold_loss":0}],"is_beta":false,"boss_relics":[{"not_picked":["Tiny House","Empty Cage"],"picked":"Runic Pyramid"},{"not_picked":["Runic Cube","Philosopher\u0027s Stone"],"picked":"Cursed Key"}],"items_purged_floors":[8,20,38,54],"is_endless":false,"potions_floor_spawned":[5,10,12,14,25,29,30,31,41,46,55],"ascension_level":20}}