{"host":"cc187","time":1608246922,"event":{"mods":["AchievementEnabler","BaseMod","Bestiary","Colored Map","Colored Powertips","Highlight Path","Keyboard Shortcuts","Minty Spire (QoL Compilation)","Quick Restart","Rare Cards Sparkle","Relic Stats","StSLib","SuperFastMode","Synergy Search"],"gold_per_floor":[99,99,26,26,26,26,26,26,26,3,3,3,3],"floor_reached":12,"playtime":711,"items_purged":[],"score":136,"play_id":"3885c246-897f-4bbd-97ad-700e325dfc66","local_time":"20201217231522","is_ascension_mode":true,"campfire_choices":[{"floor":8,"key":"REST"}],"circlet_count":0,"master_deck":["AscendersBane","Strike_G","Strike_G","Strike_G","Strike_G","Strike_G","Defend_G","Defend_G+1","Defend_G","Defend_G","Defend_G","Survivor","Neutralize","Poisoned Stab","Catalyst","Cloak And Dagger","Catalyst","Bouncing Flask+1","Blade Dance","Noxious Fumes"],"relics":["Ectoplasm","War Paint","Tiny Chest"],"acts_visited":["Exordium"],"potions_floor_usage":[6],"damage_taken":[{"damage":5,"enemies":"2 Louse","floor":1,"turns":3},{"damage":0,"enemies":"Jaw Worm","floor":2,"turns":7},{"damage":1,"enemies":"Cultist","floor":4,"turns":4},{"damage":4,"enemies":"Blue Slaver","floor":5,"turns":4},{"damage":44,"enemies":"3 Sentries","floor":6,"turns":13},{"damage":0,"enemies":"Large Slime","floor":11,"turns":6},{"damage":53,"enemies":"Gremlin Nob","floor":12,"turns":4}],"seed_played":"8820209788410961854","potions_obtained":[{"floor":2,"key":"GamblersBrew"},{"floor":4,"key":"FearPotion"}],"is_trial":false,"path_per_floor":["M","M","$","M","M","E","?","R","T","$","M","E"],"character_chosen":"THE_SILENT","items_purchased":["Catalyst","Blade Dance"],"campfire_rested":1,"item_purchase_floors":[3,10],"current_hp_per_floor":[54,54,54,53,49,5,5,24,24,24,24,0,0],"gold":3,"neow_bonus":"BOSS_RELIC","is_daily":false,"chose_seed":false,"campfire_upgraded":0,"win_rate":0.0,"timestamp":1608246922,"path_taken":["M","M","$","M","M","E","?","R","T","$","M","E"],"items_purchased_type":["Card","Card"],"build_version":"2020-12-07","purchased_purges":0,"victory":false,"max_hp_per_floor":[66,66,66,66,66,66,66,66,66,66,66,66,66],"relic_stats":{"counters":[7,41],"Tiny Chest":0,"Ectoplasm":91,"War Paint":["Defend_G","Bouncing Flask"],"obtain_stats":[{"Tiny Chest":9,"Ectoplasm":0,"War Paint":6,"Ring of the Snake":0},{"Tiny Chest":5,"Ectoplasm":0,"War Paint":5,"Ring of the Snake":0},{"Tiny Chest":31,"Ectoplasm":0,"War Paint":31,"Ring of the Snake":0}]},"card_choices":[{"not_picked":["Flying Knee","Outmaneuver","Eviscerate"],"picked":"SKIP","floor":1},{"not_picked":["Expertise","Caltrops"],"picked":"Poisoned Stab","floor":2},{"not_picked":["Underhanded Strike","PiercingWail"],"picked":"Cloak And Dagger","floor":4},{"not_picked":["Acrobatics","Dagger Spray"],"picked":"Catalyst","floor":5},{"not_picked":["Dagger Throw","Crippling Poison"],"picked":"Bouncing Flask","floor":6},{"not_picked":["Choke","Bane"],"picked":"Noxious Fumes","floor":11}],"player_experience":762088,"relics_obtained":[{"floor":6,"key":"War Paint"},{"floor":9,"key":"Tiny Chest"}],"event_choices":[{"damage_healed":0,"gold_gain":0,"player_choice":"Searched \u00271\u0027 times","damage_taken":0,"max_hp_gain":0,"max_hp_loss":0,"event_name":"Dead Adventurer","floor":7,"gold_loss":0}],"is_beta":true,"boss_relics":[],"items_purged_floors":[],"is_endless":false,"potions_floor_spawned":[2,4],"killed_by":"Gremlin Nob","ascension_level":14}}