{"host":"17xjy7b7ubl548g2","time":1608182045,"event":{"mods":["2.2 Compatiblity","Act Like it!","Aspiration","Astrologer","Bard","BaseMod","Bestiary","Challenge The Spire","ChefMod","Colored Map","Conspire","Elementarium","Energized Spire","GifTheSpireLib","Halation","Hallownest","Hermit","Hubris","Infinite Spire","Jedi Mod","Jorbs\u0027s Wanderer Trilogy","Marisa（霧雨　魔理沙）","Marked Mod","Minty Spire (QoL Compilation)","Pale of the Ancients","Permanent Neow","Puzzle Mod","Replay The Spire","Robot Space Explorer","Spicy Shops","StSLib","Stuff the Spire","The Blue Laboratory","The Bug Knight","The Construct","The Disciple","The Hayseed","The Hierophant","The Runesmith","The Sage"],"gold_per_floor":[119,133,133,83,20,20,49,67,91,91,126,126,147,171,171,299,299,315,341,341,341,362,362,379,406,406,426,468,468,5,45,45,152,152,165,188,203,218,235,235,273,297,297,297,320,354,354,387,387,414,464,503,503,88,88,134,134,159,159,177],"floor_reached":61,"playtime":8939,"items_purged":["stsjorbsmod:Strike_Wanderer","stsjorbsmod:Strike_Wanderer","StuffTheSpire:CuriosityCurse","stsjorbsmod:Strike_Wanderer"],"score":1940,"play_id":"42ec6d88-b0ae-4fe7-bd0f-10223d8dee2c","local_time":"20201217001405","is_ascension_mode":true,"campfire_choices":[{"data":"stsjorbsmod:Prestidigitation","floor":6,"key":"SMITH"},{"data":"stsjorbsmod:ChatteringStrike","floor":12,"key":"SMITH"},{"data":"stsjorbsmod:BookOfTongues","floor":15,"key":"SMITH"},{"data":"stsjorbsmod:EyeOfTheStorm","floor":23,"key":"SMITH"},{"data":"stsjorbsmod:TinyHut","floor":29,"key":"SMITH"},{"data":"stsjorbsmod:Mindworm","floor":32,"key":"SMITH"},{"data":"stsjorbsmod:Defend_Wanderer","floor":40,"key":"SMITH"},{"floor":44,"key":"RECALL"},{"data":"stsjorbsmod:Patron","floor":49,"key":"SMITH"},{"data":"ReplayUltimateDefense","floor":55,"key":"SMITH"},{"data":"stsjorbsmod:Defend_Wanderer","floor":57,"key":"SMITH"}],"circlet_count":0,"master_deck":["stsjorbsmod:ForbiddenGrimoire+1","stsjorbsmod:Defend_Wanderer+1","stsjorbsmod:Defend_Wanderer+1","stsjorbsmod:Defend_Wanderer+1","stsjorbsmod:Defend_Wanderer+1","stsjorbsmod:FreshAdventure","stsjorbsmod:EyeOfTheStorm+1","stsjorbsmod:Firebolt","stsjorbsmod:Prestidigitation+1","stsjorbsmod:ChatteringStrike+1","stsjorbsmod:DisguiseSelf+1","stsjorbsmod:Materialize+1","stsjorbsmod:Channel+1","stsjorbsmod:BurningFlask+1","stsjorbsmod:ScorchingRay+1","stsjorbsmod:BookOfTongues+1","stsjorbsmod:Feast+1","stsjorbsmod:BurningFlask+1","stsjorbsmod:MirrorImage+1","stsjorbsmod:TinyHut+1","stsjorbsmod:ArcaneWeapon+1","stsjorbsmod:TollTheDead+1","stsjorbsmod:Mindworm+1","stsjorbsmod:FlameWard+1","stsjorbsmod:Trauma","stsjorbsmod:ArcaneWeapon+1","stsjorbsmod:MageArmor+1","stsjorbsmod:MagicMirror+1","stsjorbsmod:FlameWard+1","stsjorbsmod:Rest+1","stsjorbsmod:Materialize+1","stsjorbsmod:Patron+1","stsjorbsmod:GatherPower+1","infinitespire:Collect+1","stsjorbsmod:WeightOfMemory+1","ReplayUltimateDefense+1"],"relics":["stsjorbsmod:GrimoireRelic","Toxic Egg 2","Ice Cream","Replay:Rubber Ducky","halation:IllGainedPizza","Coffee Dripper","StuffTheSpire:GrapeVine","infinitespire:BottledMercury","halation:LettersToHer","hubris:CuriousFeather","Elementarium:ElementariumTrophy","Busted Crown","Strawberry","Mango","Replay:Bandana","Juzu Bracelet","paleoftheancients:Timepiece","paleoftheancients:KeyRelic","Letter Opener","CultistMask","paleoftheancients:SoulOfTheWokeBloke","Gremlin Food","Simple Rune"],"acts_visited":["Exordium","Exordium","TheBeyond","TheBeyond"],"potions_floor_usage":[11,16,19,22,24,28,39,41,46,48,48,51],"damage_taken":[{"damage":0,"enemies":"Jaw Worm","floor":1,"turns":3},{"damage":1,"enemies":"Small Slimes","floor":2,"turns":4},{"damage":14,"enemies":"3 Sentries","floor":7,"turns":6},{"damage":0,"enemies":"2 Louse","floor":8,"turns":2},{"damage":7,"enemies":"HollowMod:MossKnight","floor":11,"turns":8},{"damage":0,"enemies":"Exordium Wildlife","floor":13,"turns":3},{"damage":3,"enemies":"Exordium Thugs","floor":14,"turns":5},{"damage":28,"enemies":"Slime Boss","floor":16,"turns":8},{"damage":0,"enemies":"Elementarium:2_ELEMENTALS","floor":18,"turns":3},{"damage":12,"enemies":"Elementarium:MUD_AND_TAR_GOLEMS","floor":19,"turns":5},{"damage":16,"enemies":"Elementarium:STONE_GOLEMS","floor":22,"turns":4},{"damage":1,"enemies":"Elementarium:VOID_CORRUPTION_AND_TAR_GOLEM","floor":24,"turns":4},{"damage":1,"enemies":"Nightmare","floor":25,"turns":6},{"damage":8,"enemies":"Elementarium:Hydrostalker","floor":27,"turns":4},{"damage":9,"enemies":"Elementarium:ElementalPortal","floor":28,"turns":7},{"damage":0,"enemies":"Elementarium:CYCLONE_AND_ORB_OF_FIRE","floor":31,"turns":5},{"damage":6,"enemies":"Elementarium:GolemEmperor","floor":33,"turns":5},{"damage":3,"enemies":"3 Darklings","floor":35,"turns":3},{"damage":12,"enemies":"3 Shapes","floor":36,"turns":3},{"damage":1,"enemies":"Transient","floor":37,"turns":5},{"damage":0,"enemies":"4 Shapes","floor":38,"turns":4},{"damage":0,"enemies":"Spire Growth","floor":39,"turns":4},{"damage":0,"enemies":"Giant Head","floor":41,"turns":6},{"damage":0,"enemies":"Writhing Mass","floor":42,"turns":4},{"damage":3,"enemies":"3 Darklings","floor":45,"turns":4},{"damage":0,"enemies":"Reptomancer","floor":46,"turns":4},{"damage":0,"enemies":"Nightmare","floor":48,"turns":5},{"damage":7,"enemies":"infinitespire:MassOfShapes","floor":50,"turns":7},{"damage":39,"enemies":"infinitespire:MassOfShapes","floor":51,"turns":7},{"damage":8,"enemies":"infinitespire:MassOfShapes","floor":52,"turns":2},{"damage":4,"enemies":"infinitespire:MassOfShapes","floor":56,"turns":4},{"damage":2,"enemies":"paleoftheancients:N","floor":60,"turns":6}],"seed_played":"-472592004404708952","potions_obtained":[{"floor":8,"key":"Energy Potion"},{"floor":13,"key":"BlessingOfTheForge"},{"floor":14,"key":"Explosive Potion"},{"floor":16,"key":"blueLaboratory:EnragingPotion"},{"floor":19,"key":"Fire Potion"},{"floor":22,"key":"blueLaboratory:HorrorPotion"},{"floor":28,"key":"blueLaboratory:BottleOfVodka"},{"floor":31,"key":"blueLaboratory:BottleOfVodka"},{"floor":38,"key":"LiquidMemories"},{"floor":39,"key":"Doom Potion"},{"floor":42,"key":"Languid Potion"},{"floor":46,"key":"jedi:StrikingPotion"},{"floor":51,"key":"blueLaboratory:Moonshine"}],"is_trial":false,"path_per_floor":["M","M","?","?","$","R","E","M","T","?","E","R","M","M","R","B",null,"M","M","?","?","M","R","M","NM","T","M","E","R","$","M","R","B",null,"M","M","M","M","M","R","E","M","T","R","M","E","AVR","NM","R","B","M","M","?","$","R","M","R","T","?","B",null],"character_chosen":"WANDERER","items_purchased":["stsjorbsmod:DisguiseSelf+1","hubris:CuriousFeather","stsjorbsmod:Mindworm","ReplayUltimateDefense"],"campfire_rested":0,"item_purchase_floors":[5,30,30,54],"current_hp_per_floor":[63,63,63,63,63,63,56,57,57,57,50,50,51,50,50,22,60,61,54,40,59,48,48,52,54,54,49,43,43,43,45,45,40,81,78,74,75,85,89,89,96,97,97,97,95,111,111,113,113,126,116,124,124,124,124,130,130,130,130,136],"gold":177,"neow_bonus":"TRANSFORM_CARD","is_daily":false,"chose_seed":false,"campfire_upgraded":10,"win_rate":0.0,"timestamp":1608182045,"path_taken":["M","M","?","?","$","R","E","M","T","?","E","R","?","M","R","BOSS","M","M","?","?","M","R","?","NM","T","M","E","R","?","M","R","BOSS","M","?","M","M","?","R","E","M","T","R","?","E","AVR","NM","R","BOSS","M","M","?","$","R","M","R","T","?","BOSS"],"items_purchased_type":["Card","Relic","Card","Card"],"build_version":"2020-12-13","purchased_purges":4,"victory":true,"max_hp_per_floor":[68,68,68,68,68,68,72,72,72,72,72,72,72,72,72,72,72,72,76,81,81,85,85,89,91,91,93,95,95,95,95,95,95,95,95,101,101,109,111,111,118,118,118,118,118,132,132,132,132,132,136,136,136,136,136,136,136,136,136,138],"card_choices":[{"not_picked":["stsjorbsmod:WanderingMind","stsjorbsmod:RayOfFrost"],"picked":"stsjorbsmod:Prestidigitation","floor":1},{"not_picked":["stsjorbsmod:Thorns","stsjorbsmod:FracturedMind"],"picked":"stsjorbsmod:ChatteringStrike","floor":2},{"not_picked":["stsjorbsmod:HedgeWizard+1","stsjorbsmod:Pyromancy"],"picked":"stsjorbsmod:Materialize+1","floor":7},{"not_picked":["stsjorbsmod:BookOfTongues","stsjorbsmod:TrueStrike"],"picked":"stsjorbsmod:Channel+1","floor":8},{"not_picked":["stsjorbsmod:SchoolsOfMagic+1","stsjorbsmod:RefuseToForget+1"],"picked":"stsjorbsmod:BurningFlask+1","floor":11},{"not_picked":["stsjorbsmod:RayOfFrost","stsjorbsmod:UnseenServant+1"],"picked":"stsjorbsmod:ScorchingRay+1","floor":13},{"not_picked":["stsjorbsmod:WanderingMind+1","stsjorbsmod:ScorchingRay+1"],"picked":"stsjorbsmod:BookOfTongues","floor":14},{"not_picked":["stsjorbsmod:Pyromancy","stsjorbsmod:Banish+1"],"picked":"stsjorbsmod:Feast+1","floor":16},{"not_picked":["stsjorbsmod:WanderingMind+1","stsjorbsmod:WeightOfMemory","stsjorbsmod:ParryingBlow"],"picked":"SKIP","floor":18},{"not_picked":["stsjorbsmod:Stalwart+1","stsjorbsmod:FracturedMind"],"picked":"stsjorbsmod:BurningFlask+1","floor":19},{"not_picked":["stsjorbsmod:Index+1","stsjorbsmod:Firebolt"],"picked":"stsjorbsmod:MirrorImage+1","floor":22},{"not_picked":["stsjorbsmod:ChatteringStrike+1","stsjorbsmod:Index+1"],"picked":"stsjorbsmod:TinyHut","floor":24},{"not_picked":["stsjorbsmod:DoubleCheck+1","stsjorbsmod:Fear+1","stsjorbsmod:Aid+1"],"picked":"SKIP","floor":25},{"not_picked":["stsjorbsmod:DoubleCheck+1","stsjorbsmod:Fear+1","stsjorbsmod:Aid+1"],"picked":"SKIP","floor":25},{"not_picked":["stsjorbsmod:FaerieFire+1","stsjorbsmod:ChatteringStrike"],"picked":"stsjorbsmod:ArcaneWeapon+1","floor":27},{"not_picked":["stsjorbsmod:BookOfTongues","stsjorbsmod:BlackTentacles+1"],"picked":"stsjorbsmod:TollTheDead+1","floor":28},{"not_picked":["stsjorbsmod:Will+1","stsjorbsmod:FaerieFire+1"],"picked":"stsjorbsmod:FlameWard+1","floor":31},{"not_picked":["stsjorbsmod:Banish+1","stsjorbsmod:ArcaneForm"],"picked":"stsjorbsmod:Trauma","floor":33},{"not_picked":[],"picked":"stsjorbsmod:ArcaneWeapon+1","floor":35},{"not_picked":[],"picked":"stsjorbsmod:MageArmor+1","floor":36},{"not_picked":[],"picked":"stsjorbsmod:MagicMirror+1","floor":37},{"not_picked":[],"picked":"stsjorbsmod:FlameWard+1","floor":38},{"not_picked":["stsjorbsmod:Mania"],"picked":"SKIP","floor":39},{"not_picked":[],"picked":"stsjorbsmod:Rest+1","floor":41},{"not_picked":[],"picked":"stsjorbsmod:Materialize+1","floor":42},{"not_picked":[],"picked":"stsjorbsmod:Patron","floor":45},{"not_picked":[],"picked":"stsjorbsmod:GatherPower+1","floor":46},{"not_picked":["ReplayTheSpireMod:Echoes of Time","hubris:Rewind"],"picked":"infinitespire:Collect","floor":48},{"not_picked":["stsjorbsmod:ParryingBlow"],"picked":"SKIP","floor":48},{"not_picked":["stsjorbsmod:TinyHut+1"],"picked":"SKIP","floor":51},{"not_picked":[],"picked":"stsjorbsmod:WeightOfMemory+1","floor":52},{"not_picked":["stsjorbsmod:FaerieFire+1"],"picked":"SKIP","floor":56}],"player_experience":1569517,"relics_obtained":[{"floor":7,"key":"Ice Cream"},{"floor":9,"key":"Replay:Rubber Ducky"},{"floor":11,"key":"halation:IllGainedPizza"},{"floor":25,"key":"StuffTheSpire:GrapeVine"},{"floor":26,"key":"infinitespire:BottledMercury"},{"floor":28,"key":"halation:LettersToHer"},{"floor":41,"key":"Strawberry"},{"floor":43,"key":"halation:LettersToHer"},{"floor":46,"key":"Mango"},{"floor":48,"key":"Juzu Bracelet"},{"floor":51,"key":"paleoftheancients:SoulOfTheWokeBloke"},{"floor":52,"key":"paleoftheancients:SoulOfTheSilent"},{"floor":56,"key":"paleoftheancients:SoulOfTheDefect"},{"floor":58,"key":"halation:LettersToHer"},{"floor":58,"key":"Simple Rune"}],"event_choices":[{"cards_removed":["Injury"],"damage_healed":0,"gold_gain":0,"player_choice":"Card Removal","damage_taken":0,"max_hp_gain":0,"max_hp_loss":0,"event_name":"The Cleric","floor":4,"gold_loss":50},{"damage_healed":0,"gold_gain":0,"player_choice":"Sacrifice","damage_taken":19,"max_hp_gain":5,"max_hp_loss":0,"event_name":"Elementarium:RadiantAltar","floor":20,"gold_loss":0},{"damage_healed":19,"gold_gain":0,"player_choice":"Rest","damage_taken":0,"max_hp_gain":0,"max_hp_loss":0,"event_name":"Elementarium:HeartOfTheVoid","floor":21,"gold_loss":0}],"is_beta":false,"boss_relics":[{"not_picked":["Empty Cage","halation:Risk"],"picked":"Coffee Dripper"},{"not_picked":["SlaversCollar","energizedSpire:OgreHead"],"picked":"Busted Crown"}],"items_purged_floors":[30,47,54,54],"is_endless":false,"potions_floor_spawned":[8,13,14,16,19,22,28,31,38,39,42,45,46,51],"ascension_level":8}}