{"host":"2ttsipbxjlhedj1t","time":1608223272,"event":{"mods":["2.2 Compatiblity","Act Like it!","BaseMod","Colored Map","Colored Powertips","Curses Come First","Highlight Path","Minty Spire (QoL Compilation)","Quick Restart","Robot Space Explorer","Shop Mod","StSLib"],"gold_per_floor":[118,118,137,154,86,106,106,121,167,193,210,210,228,228,228,325,325,343,258,228,41,58,58,58,58,107,107,107,7,42,60,60,60,60],"floor_reached":33,"playtime":1437,"items_purged":["Decay","Underhanded Strike"],"score":315,"play_id":"2eb4d670-8b6f-43c2-a3d9-1b85c38dfae4","local_time":"20201217114112","is_ascension_mode":false,"campfire_choices":[{"data":"Secret Weapon","floor":12,"key":"SMITH"},{"data":"Phantasmal Killer","floor":15,"key":"SMITH"},{"data":"Well Laid Plans","floor":23,"key":"SMITH"},{"data":"Backstab","floor":25,"key":"SMITH"},{"data":"Skewer","floor":27,"key":"SMITH"},{"data":"Survivor","floor":32,"key":"SMITH"}],"circlet_count":0,"master_deck":["Strike_G","Strike_G","Strike_G","Strike_G","Strike_G","Defend_G","Defend_G+1","Defend_G+1","Defend_G","Defend_G+1","Survivor+1","Neutralize","Secret Weapon+1","Blade Dance","Phantasmal Killer+1","Dagger Throw","Adrenaline+1","Skewer+1","Grand Finale","Choke+1","Well Laid Plans+1","Escape Plan","Backstab+1","Leg Sweep"],"relics":["Ring of the Snake","Happy Flower","Eternal Feather","Philosopher\u0027s Stone","Nunchaku","Enchiridion","MealTicket","War Paint"],"acts_visited":["Exordium","TheCity"],"potions_floor_usage":[3,8,8,10,16,16,18,22,33,33,33],"damage_taken":[{"damage":0,"enemies":"Jaw Worm","floor":1,"turns":6},{"damage":0,"enemies":"Cultist","floor":3,"turns":2},{"damage":0,"enemies":"2 Louse","floor":4,"turns":2},{"damage":3,"enemies":"Lots of Slimes","floor":6,"turns":4},{"damage":0,"enemies":"Blue Slaver","floor":8,"turns":2},{"damage":10,"enemies":"Lagavulin","floor":10,"turns":6},{"damage":2,"enemies":"Looter","floor":11,"turns":3},{"damage":15,"enemies":"3 Louse","floor":13,"turns":3},{"damage":0,"enemies":"Slime Boss","floor":16,"turns":3},{"damage":3,"enemies":"Shell Parasite","floor":18,"turns":4},{"damage":3,"enemies":"Spheric Guardian","floor":22,"turns":3},{"damage":2,"enemies":"Book of Stabbing","floor":30,"turns":5},{"damage":0,"enemies":"Cultist and Chosen","floor":31,"turns":3},{"damage":45,"enemies":"Collector","floor":33,"turns":6}],"seed_played":"5310298833530942206","potions_obtained":[{"floor":2,"key":"Swift Potion"},{"floor":2,"key":"Fire Potion"},{"floor":2,"key":"LiquidBronze"},{"floor":3,"key":"DuplicationPotion"},{"floor":10,"key":"Swift Potion"},{"floor":11,"key":"FearPotion"},{"floor":13,"key":"CunningPotion"},{"floor":18,"key":"FearPotion"},{"floor":20,"key":"BlessingOfTheForge"},{"floor":20,"key":"Swift Potion"},{"floor":22,"key":"SpeedPotion"}],"is_trial":false,"path_per_floor":["M","?","M","M","$","M","?","M","T","E","M","R","M","?","R","B",null,"M","?","?","$","M","R","?","R","T","R","?","$","E","M","R","B"],"character_chosen":"THE_SILENT","items_purchased":["Phantasmal Killer","Well Laid Plans","Escape Plan"],"campfire_rested":0,"item_purchase_floors":[5,21,21],"current_hp_per_floor":[63,63,63,63,63,60,60,60,60,50,48,57,42,29,41,41,63,60,60,60,60,57,63,47,59,59,63,63,63,61,61,63,18,18],"gold":60,"neow_bonus":"RANDOM_COLORLESS_2","is_daily":false,"chose_seed":false,"campfire_upgraded":6,"win_rate":0.0,"timestamp":1608223272,"path_taken":["M","?","?","M","$","M","?","?","T","E","M","R","M","?","R","BOSS","M","?","?","$","?","R","?","R","T","R","?","$","E","M","R","BOSS"],"items_purchased_type":["Card","Card","Card"],"build_version":"2020-12-13","purchased_purges":2,"victory":false,"max_hp_per_floor":[63,63,63,63,63,63,63,63,63,63,63,63,63,63,63,63,63,63,63,63,63,63,63,63,63,63,63,63,63,63,63,63,63,63],"card_choices":[{"not_picked":["Metamorphosis","Panache"],"picked":"Secret Weapon","floor":0},{"not_picked":["Outmaneuver","Prepared","Acrobatics"],"picked":"SKIP","floor":1},{"not_picked":["Catalyst","Setup"],"picked":"Blade Dance","floor":3},{"not_picked":["PiercingWail","Slice"],"picked":"Underhanded Strike","floor":4},{"not_picked":["Dagger Spray","Masterful Stab"],"picked":"Dagger Throw","floor":6},{"not_picked":["Dagger Spray","Catalyst","Cloak And Dagger"],"picked":"SKIP","floor":8},{"not_picked":["Tools of the Trade","Flying Knee"],"picked":"Adrenaline","floor":10},{"not_picked":["Dagger Spray","Flying Knee","Sucker Punch"],"picked":"SKIP","floor":11},{"not_picked":["Predator","Quick Slash"],"picked":"Skewer","floor":13},{"not_picked":["Burst","A Thousand Cuts"],"picked":"Grand Finale","floor":16},{"not_picked":["PiercingWail+1","Acrobatics"],"picked":"Choke+1","floor":18},{"not_picked":["Quick Slash","Flying Knee+1"],"picked":"Backstab","floor":22},{"not_picked":["Concentrate+1","Prepared","All Out Attack"],"picked":"SKIP","floor":30},{"not_picked":["Dodge and Roll","Reflex","All Out Attack+1"],"picked":"SKIP","floor":31}],"player_experience":346157,"relics_obtained":[{"floor":9,"key":"Happy Flower"},{"floor":10,"key":"Eternal Feather"},{"floor":24,"key":"Enchiridion"},{"floor":26,"key":"MealTicket"},{"floor":30,"key":"War Paint"}],"event_choices":[{"damage_healed":0,"gold_gain":0,"player_choice":"Got Potions","damage_taken":0,"max_hp_gain":0,"max_hp_loss":0,"event_name":"Lab","floor":2,"gold_loss":0},{"damage_healed":0,"gold_gain":0,"player_choice":"Cursed","damage_taken":0,"max_hp_gain":0,"max_hp_loss":0,"event_name":"Wheel of Change","floor":7,"gold_loss":0,"cards_obtained":["Decay"]},{"damage_healed":0,"gold_gain":0,"player_choice":"Entered Light","damage_taken":13,"max_hp_gain":0,"max_hp_loss":0,"event_name":"Shining Light","floor":14,"gold_loss":0,"cards_upgraded":["Defend_G","Defend_G"]},{"damage_healed":0,"gold_gain":0,"player_choice":"Obtained Relic","damage_taken":0,"relics_obtained":["Nunchaku"],"max_hp_gain":0,"max_hp_loss":0,"event_name":"Addict","floor":19,"gold_loss":85},{"damage_healed":0,"gold_gain":0,"player_choice":"Bought 2 Potions","damage_taken":0,"max_hp_gain":0,"max_hp_loss":0,"event_name":"The Woman in Blue","floor":20,"gold_loss":0},{"damage_healed":0,"gold_gain":0,"player_choice":"Obtained Book","damage_taken":16,"max_hp_gain":0,"max_hp_loss":0,"event_name":"Cursed Tome","floor":24,"gold_loss":0},{"damage_healed":0,"gold_gain":0,"player_choice":"Read","damage_taken":0,"max_hp_gain":0,"max_hp_loss":0,"event_name":"The Library","floor":28,"gold_loss":0,"cards_obtained":["Leg Sweep"]}],"is_beta":false,"boss_relics":[{"not_picked":["Sozu","Runic Dome"],"picked":"Philosopher\u0027s Stone"}],"items_purged_floors":[21,29],"is_endless":false,"potions_floor_spawned":[3,4,10,11,13,18,22],"killed_by":"Collector","ascension_level":0}}