{"host":"naykp6d9ulahlwib","time":1608231910,"event":{"mods":["BaseMod","Highlight Path","Minty Spire (QoL Compilation)","Shop Mod","StSLib"],"gold_per_floor":[117,42,42,42,42,42,42,78,78,78,113,132,32,32,32,155,155,169,187,207,257,282,282,297,332,332,332,130,154,175,175,175,294,294,313,646,665,678,678,703,703,613,613,232,232,232,245,271,271,271],"floor_reached":51,"playtime":6785,"items_purged":["Strike_P","Strike_P","Injury","Regret"],"score":1158,"play_id":"f9e2f379-5536-4eb1-b3fa-984731843584","local_time":"20201217130510","is_ascension_mode":true,"campfire_choices":[{"data":"Eruption","floor":6.0,"key":"SMITH"},{"data":"Worship","floor":10.0,"key":"SMITH"},{"floor":15.0,"key":"REST"},{"data":"Vault","floor":23.0,"key":"SMITH"},{"data":"Perseverance","floor":27.0,"key":"SMITH"},{"data":"LessonLearned","floor":32.0,"key":"SMITH"},{"data":"Wallop","floor":41.0,"key":"SMITH"},{"data":"Devotion","floor":45.0,"key":"SMITH"},{"floor":49,"key":"REST"}],"circlet_count":0,"master_deck":["AscendersBane","Defend_P+1","Defend_P+1","Defend_P+1","Eruption+1","Vigilance+1","Worship+1","Worship","CutThroughFate+1","Vault+1","Perseverance+1","EmptyFist+1","FlurryOfBlows+1","CarveReality+1","LessonLearned+1","Perseverance+1","Devotion+1","Wallop+1","Thinking Ahead+1","Trip"],"relics":["PureWater","NeowsBlessing","Eternal Feather","Sundial","TeardropLocket","Torii","Cursed Key","Mango","Juzu Bracelet","War Paint","VioletLotus","Bronze Scales","Membership Card","Incense Burner","Meat on the Bone"],"acts_visited":["Exordium","TheCity","TheBeyond"],"potions_floor_usage":[50,50],"damage_taken":[{"damage":0.0,"enemies":"2 Louse","floor":1.0,"turns":2.0},{"damage":0.0,"enemies":"Gremlin Nob","floor":8.0,"turns":1.0},{"damage":0.0,"enemies":"Lagavulin","floor":11.0,"turns":2.0},{"damage":8.0,"enemies":"Small Slimes","floor":12.0,"turns":5.0},{"damage":34.0,"enemies":"Slime Boss","floor":16.0,"turns":13.0},{"damage":0.0,"enemies":"Chosen","floor":18.0,"turns":4.0},{"damage":10.0,"enemies":"Shell Parasite","floor":19.0,"turns":8.0},{"damage":0.0,"enemies":"3 Cultists","floor":20.0,"turns":5.0},{"damage":0.0,"enemies":"Chosen and Byrds","floor":22.0,"turns":4.0},{"damage":6.0,"enemies":"Snake Plant","floor":24.0,"turns":3.0},{"damage":8.0,"enemies":"Slavers","floor":25.0,"turns":4.0},{"damage":0.0,"enemies":"Sentry and Sphere","floor":29.0,"turns":2.0},{"damage":0.0,"enemies":"Snecko","floor":30.0,"turns":2.0},{"damage":46.0,"enemies":"Champ","floor":33.0,"turns":11.0},{"damage":0.0,"enemies":"3 Shapes","floor":35.0,"turns":3.0},{"damage":0.0,"enemies":"Orb Walker","floor":37.0,"turns":3.0},{"damage":18.0,"enemies":"Transient","floor":38.0,"turns":6.0},{"damage":12.0,"enemies":"Giant Head","floor":40.0,"turns":7.0},{"damage":7.0,"enemies":"Maw","floor":47.0,"turns":6.0},{"damage":18,"enemies":"Nemesis","floor":48,"turns":5},{"damage":19,"enemies":"Awakened One","floor":50,"turns":12}],"seed_played":"1171842648981732892","potions_obtained":[{"floor":12.0,"key":"Block Potion"},{"floor":19.0,"key":"DistilledChaos"},{"floor":22.0,"key":"DuplicationPotion"},{"floor":29.0,"key":"Dexterity Potion"},{"floor":37.0,"key":"FearPotion"},{"floor":46.0,"key":"PowerPotion"}],"is_trial":false,"path_per_floor":["M","$","?","?","?","R","?","E","T","R","E","M","$","T","R","B",null,"M","M","M","?","M","R","M","E","T","R","$","M","M","?","R","B",null,"M","?","M","M","?","E","R","?","T","$","R","?","M","E","R","B",null],"character_chosen":"WATCHER","items_purchased":["LessonLearned","Membership Card","Incense Burner"],"campfire_rested":2,"item_purchase_floors":[28,44,44],"current_hp_per_floor":[65,65,65,65,58,58,40,40,40,43,43,35,35,35,62,28,61,61,51,51,51,51,57,51,57,57,66,66,66,66,66,75,29,72,72,72,72,54,49,37,49,49,49,49,61,61,54,36,73,54],"gold":271,"neow_bonus":"THREE_ENEMY_KILL","is_daily":false,"chose_seed":false,"campfire_upgraded":7,"win_rate":0.0,"timestamp":1608231910,"path_taken":["M","$","?","?","?","R","?","E","T","R","E","M","$","?","R","BOSS","M","M","M","?","M","R","?","E","T","R","$","M","M","?","R","BOSS","M","?","M","M","?","E","R","?","T","$","R","?","M","E","R","BOSS"],"items_purchased_type":["Card","Relic","Relic"],"build_version":"2020-12-13","purchased_purges":4,"victory":true,"max_hp_per_floor":[72,72,72,72,72,72,72,72,72,72,72,72,72,72,72,72,72,72,72,72,72,72,72,72,86,86,86,86,86,86,86,86,86,86,86,86,86,86,86,86,86,86,86,86,86,86,86,86,86,86],"card_choices":[{"not_picked":["BowlingBash","FollowUp"],"picked":"Worship","floor":1.0},{"not_picked":["SashWhip","Crescendo","SandsOfTime"],"picked":"SKIP","floor":8.0},{"not_picked":["EmptyMind","Prostrate"],"picked":"Worship","floor":11.0},{"not_picked":["PathToVictory","SashWhip"],"picked":"CutThroughFate","floor":12.0},{"not_picked":["ConjureBlade","Blasphemy"],"picked":"Vault","floor":16.0},{"not_picked":["Weave+1","TalkToTheHand"],"picked":"Perseverance","floor":18.0},{"not_picked":["Wireheading","JustLucky"],"picked":"EmptyFist+1","floor":19.0},{"not_picked":["FearNoEvil","SignatureMove","CrushJoints"],"picked":"SKIP","floor":20.0},{"not_picked":["JustLucky","CutThroughFate"],"picked":"FlurryOfBlows+1","floor":22.0},{"not_picked":["Pray","Evaluate"],"picked":"CarveReality+1","floor":24.0},{"not_picked":["CrushJoints","FlyingSleeves","Tantrum"],"picked":"SKIP","floor":25.0},{"not_picked":["EmptyFist","Omniscience"],"picked":"Perseverance+1","floor":29.0},{"not_picked":["ClearTheMind+1","SashWhip","BowlingBash"],"picked":"SKIP","floor":30.0},{"not_picked":["ConjureBlade","Judgement"],"picked":"Devotion","floor":33.0},{"not_picked":["Halt+1","ThirdEye","Protect+1"],"picked":"SKIP","floor":35.0},{"not_picked":["ThirdEye","Sanctity","Pray"],"picked":"SKIP","floor":37.0},{"not_picked":["Consecrate+1","CutThroughFate+1"],"picked":"Wallop","floor":38.0},{"not_picked":["Good Instincts","Blind"],"picked":"Thinking Ahead","floor":39.0},{"not_picked":["Mayhem","Jack Of All Trades"],"picked":"Trip","floor":39.0},{"not_picked":["Prostrate+1","CrushJoints+1","FollowUp+1"],"picked":"SKIP","floor":40.0},{"not_picked":["Nirvana+1","BowlingBash","Blasphemy"],"picked":"SKIP","floor":47},{"not_picked":["ThirdEye","JustLucky+1","Indignation"],"picked":"SKIP","floor":48}],"player_experience":787370,"relics_obtained":[{"floor":8.0,"key":"Eternal Feather"},{"floor":9.0,"key":"Sundial"},{"floor":11.0,"key":"TeardropLocket"},{"floor":14.0,"key":"Torii"},{"floor":25.0,"key":"Mango"},{"floor":26.0,"key":"Juzu Bracelet"},{"floor":40.0,"key":"Bronze Scales"},{"floor":48,"key":"Meat on the Bone"}],"event_choices":[{"damage_healed":0.0,"max_hp_gain":0.0,"max_hp_loss":0.0,"gold_gain":0.0,"event_name":"The Cleric","player_choice":"Leave","floor":3.0,"gold_loss":0.0,"damage_taken":0.0},{"cards_removed":["Defend_P"],"damage_healed":0.0,"max_hp_gain":0.0,"max_hp_loss":0.0,"gold_gain":0.0,"event_name":"Living Wall","player_choice":"Forget","floor":4.0,"gold_loss":0.0,"damage_taken":0.0},{"cards_removed":["Strike_P"],"damage_healed":0.0,"max_hp_gain":0.0,"max_hp_loss":0.0,"gold_gain":0.0,"event_name":"Golden Wing","player_choice":"Card Removal","floor":5.0,"gold_loss":0.0,"damage_taken":7.0},{"damage_healed":0.0,"max_hp_gain":0.0,"max_hp_loss":0.0,"gold_gain":0.0,"event_name":"Golden Idol","player_choice":"Take Damage","floor":7.0,"gold_loss":0.0,"damage_taken":18.0,"relics_obtained":["Golden Idol"]},{"damage_healed":0.0,"max_hp_gain":0.0,"max_hp_loss":0.0,"gold_gain":100.0,"event_name":"The Joust","player_choice":"Bet on Murderer","floor":21.0,"gold_loss":50.0,"damage_taken":0.0},{"damage_healed":0.0,"max_hp_gain":0.0,"max_hp_loss":0.0,"gold_gain":0.0,"event_name":"The Mausoleum","player_choice":"Opened","floor":31.0,"gold_loss":0.0,"damage_taken":0.0,"relics_obtained":["War Paint"]},{"damage_healed":0.0,"max_hp_gain":0.0,"max_hp_loss":0.0,"gold_gain":333.0,"event_name":"The Moai Head","player_choice":"Gave Idol","floor":36.0,"relics_lost":["Golden Idol"],"gold_loss":0.0,"damage_taken":0.0},{"damage_healed":0.0,"max_hp_gain":0.0,"max_hp_loss":0.0,"gold_gain":0.0,"event_name":"SensoryStone","player_choice":"Memory 2","floor":39.0,"gold_loss":0.0,"damage_taken":5.0},{"cards_removed":["Strike_P"],"damage_healed":0.0,"max_hp_gain":0.0,"max_hp_loss":0.0,"gold_gain":0.0,"event_name":"Designer","player_choice":"Upgrade and Remove","floor":42.0,"gold_loss":90.0,"damage_taken":0.0,"cards_upgraded":["Thinking Ahead"]},{"damage_healed":0.0,"max_hp_gain":0.0,"max_hp_loss":0.0,"gold_gain":0.0,"event_name":"Lab","player_choice":"Got Potions","floor":46.0,"gold_loss":0.0,"damage_taken":0.0}],"is_beta":false,"boss_relics":[{"not_picked":["Astrolabe","Ectoplasm"],"picked":"Cursed Key"},{"not_picked":["Pandora\u0027s Box","Snecko Eye"],"picked":"VioletLotus"}],"items_purged_floors":[2,13,28,44],"is_endless":false,"potions_floor_spawned":[12,19,22,29,37],"ascension_level":11}}