{"host":"fgcur8dz703a7uwp","time":1608190014,"event":{"mods":["BaseMod","Minty Spire (QoL Compilation)","StSLib","slay the spire mod where everything is the same but ironclad has a cowboy hat"],"gold_per_floor":[116,116,139,139,67,107,107,207,207,245,268,287,86,36,36,162,162,187,187,203,203,58,58,72,72,72,72,90,134,134,172,172,292,292,313,313,326,389,5,49,49,92,115,127,139,192,217,129,129,129,129],"floor_reached":50,"playtime":1563,"items_purged":["Strike_B+1","Strike_B+1"],"score":759,"play_id":"9ae77f1f-049d-4206-bcca-1d17ae07e8f4","local_time":"20201217022654","is_ascension_mode":true,"campfire_choices":[{"data":"Zap","floor":7,"key":"SMITH"},{"data":"Self Repair","floor":15,"key":"SMITH"},{"floor":23,"key":"REST"},{"floor":25,"key":"REST"},{"data":"Gash","floor":27,"key":"SMITH"},{"floor":32,"key":"REST"},{"floor":41,"key":"REST"},{"floor":49,"key":"REST"}],"circlet_count":0,"master_deck":["Defend_B+1","Defend_B+1","Defend_B+1","Defend_B+1","Zap+1","Dualcast+1","Gash+1","Gash","Self Repair+1","Gash","Gash","Lockon+1","Gash+1","Leap+1"],"relics":["Cracked Core","NeowsBlessing","Golden Idol","Shuriken","Oddly Smooth Stone","Singing Bowl","Lee\u0027s Waffle","Nuclear Battery","War Paint","Bottled Tornado","Omamori","Blue Candle","SlaversCollar","Pocketwatch","Thread and Needle","Happy Flower","Letter Opener","MawBank","Toy Ornithopter"],"acts_visited":["Exordium","TheCity","TheBeyond"],"potions_floor_usage":[12,16,20,28,29,37,38,38,44,50],"damage_taken":[{"damage":0,"enemies":"Jaw Worm","floor":1,"turns":1},{"damage":0,"enemies":"2 Louse","floor":3,"turns":1},{"damage":0,"enemies":"Gremlin Nob","floor":6,"turns":1},{"damage":24,"enemies":"3 Sentries","floor":10,"turns":8},{"damage":2,"enemies":"Small Slimes","floor":11,"turns":2},{"damage":25,"enemies":"Exordium Thugs","floor":12,"turns":6},{"damage":42,"enemies":"Hexaghost","floor":16,"turns":7},{"damage":26,"enemies":"2 Thieves","floor":18,"turns":4},{"damage":33,"enemies":"3 Byrds","floor":20,"turns":5},{"damage":19,"enemies":"Cultist and Chosen","floor":24,"turns":7},{"damage":0,"enemies":"3 Cultists","floor":28,"turns":6},{"damage":21,"enemies":"Book of Stabbing","floor":29,"turns":5},{"damage":22,"enemies":"Gremlin Leader","floor":31,"turns":7},{"damage":96,"enemies":"Collector","floor":33,"turns":9},{"damage":48,"enemies":"3 Darklings","floor":35,"turns":6},{"damage":6,"enemies":"3 Shapes","floor":37,"turns":5},{"damage":10,"enemies":"Mind Bloom Boss Battle","floor":38,"turns":6},{"damage":44,"enemies":"Nemesis","floor":40,"turns":6},{"damage":65,"enemies":"Reptomancer","floor":42,"turns":8},{"damage":0,"enemies":"Spire Growth","floor":44,"turns":1},{"damage":68,"enemies":"Giant Head","floor":46,"turns":9},{"damage":20,"enemies":"Jaw Worm Horde","floor":47,"turns":5},{"damage":64,"enemies":"Donu and Deca","floor":50,"turns":7}],"seed_played":"3422251534820064536","potions_obtained":[{"floor":3,"key":"PotionOfCapacity"},{"floor":11,"key":"FearPotion"},{"floor":12,"key":"Dexterity Potion"},{"floor":18,"key":"SkillPotion"},{"floor":24,"key":"Block Potion"},{"floor":29,"key":"FairyPotion"},{"floor":33,"key":"FearPotion"},{"floor":35,"key":"Fire Potion"},{"floor":37,"key":"AttackPotion"},{"floor":42,"key":"SmokeBomb"},{"floor":47,"key":"Dexterity Potion"}],"is_trial":false,"path_per_floor":["M","?","M","?","$","E","R","?","T","E","M","M","$","?","R","B",null,"M","?","M","?","$","R","M","R","T","R","M","E","?","E","R","B",null,"M","?","M","?","$","E","R","E","T","M","?","E","M","$","R","B"],"character_chosen":"DEFECT","items_purchased":["Self Repair","Gash","Lee\u0027s Waffle","War Paint","Thread and Needle"],"campfire_rested":5,"item_purchase_floors":[5,13,13,22,39],"current_hp_per_floor":[75,57,57,50,50,50,50,50,50,35,35,19,88,88,88,58,90,74,74,53,53,53,80,73,94,94,94,96,87,87,77,100,16,102,64,90,96,98,98,66,98,45,45,45,45,35,27,27,60,1,1],"gold":129,"neow_bonus":"THREE_ENEMY_KILL","is_daily":false,"chose_seed":false,"campfire_upgraded":3,"win_rate":0.0,"timestamp":1608190014,"path_taken":["M","?","M","?","$","E","R","?","T","E","M","?","$","?","R","BOSS","M","?","M","?","$","R","M","R","T","R","M","E","?","E","R","BOSS","M","?","M","?","$","E","R","E","T","M","?","E","M","$","R","BOSS"],"items_purchased_type":["Card","Card","Relic","Relic","Relic"],"build_version":"2020-12-13","purchased_purges":2,"victory":false,"max_hp_per_floor":[75,75,75,75,75,75,75,75,75,77,79,81,88,88,88,90,90,90,90,92,92,92,92,94,94,94,94,96,98,98,100,100,102,102,102,102,104,106,106,108,108,110,110,110,110,110,112,112,112,112,112],"card_choices":[{"not_picked":["Conserve Battery","Streamline"],"picked":"Gash","floor":1},{"not_picked":["Reinforced Body","Static Discharge"],"picked":"Gash","floor":3},{"not_picked":["Multi-Cast","Rainbow"],"picked":"Gash","floor":6},{"not_picked":["Streamline","Go for the Eyes","Reprogram"],"picked":"Singing Bowl","floor":10},{"not_picked":["Hello World","White Noise","Genetic Algorithm"],"picked":"Singing Bowl","floor":11},{"not_picked":["Loop","Aggregate","Ball Lightning"],"picked":"Singing Bowl","floor":12},{"not_picked":["Multi-Cast","Amplify","Rainbow"],"picked":"Singing Bowl","floor":16},{"not_picked":["Blizzard","Fusion"],"picked":"Lockon+1","floor":18},{"not_picked":["Static Discharge","Consume","Stack"],"picked":"Singing Bowl","floor":20},{"not_picked":["Steam Power","Leap","Ball Lightning"],"picked":"Singing Bowl","floor":24},{"not_picked":["Beam Cell+1","Self Repair+1","Streamline"],"picked":"Singing Bowl","floor":28},{"not_picked":["Hello World","Hologram","Creative AI"],"picked":"Singing Bowl","floor":29},{"not_picked":["Heatsinks","Force Field+1","Loop"],"picked":"Singing Bowl","floor":31},{"not_picked":["Fission","Machine Learning","Buffer"],"picked":"Singing Bowl","floor":33},{"not_picked":["Redo","Chill"],"picked":"Gash+1","floor":35},{"not_picked":["Go for the Eyes+1","Compile Driver","Glacier"],"picked":"Singing Bowl","floor":37},{"not_picked":["Go for the Eyes+1","Storm","Lockon+1"],"picked":"Singing Bowl","floor":38},{"not_picked":["Redo+1","Streamline","Steam"],"picked":"Singing Bowl","floor":40},{"not_picked":["Electrodynamics","Stack+1","Go for the Eyes+1"],"picked":"Singing Bowl","floor":42},{"not_picked":["Capacitor+1","Coolheaded+1"],"picked":"Leap+1","floor":46},{"not_picked":["Machine Learning","Steam","Stack+1"],"picked":"Singing Bowl","floor":47}],"player_experience":65396,"relics_obtained":[{"floor":6,"key":"Shuriken"},{"floor":9,"key":"Oddly Smooth Stone"},{"floor":10,"key":"Singing Bowl"},{"floor":26,"key":"Bottled Tornado"},{"floor":29,"key":"Omamori"},{"floor":31,"key":"Blue Candle"},{"floor":38,"key":"Pocketwatch"},{"floor":40,"key":"Happy Flower"},{"floor":42,"key":"Letter Opener"},{"floor":43,"key":"MawBank"},{"floor":46,"key":"Toy Ornithopter"}],"event_choices":[{"damage_healed":0,"gold_gain":0,"player_choice":"Take Damage","damage_taken":18,"relics_obtained":["Golden Idol"],"max_hp_gain":0,"max_hp_loss":0,"event_name":"Golden Idol","floor":2,"gold_loss":0},{"cards_removed":["Strike_B"],"damage_healed":0,"gold_gain":0,"player_choice":"Card Removal","damage_taken":7,"max_hp_gain":0,"max_hp_loss":0,"event_name":"Golden Wing","floor":4,"gold_loss":0},{"damage_healed":0,"gold_gain":100,"player_choice":"Pray","damage_taken":0,"max_hp_gain":0,"max_hp_loss":0,"event_name":"Golden Shrine","floor":8,"gold_loss":0},{"cards_removed":["Strike_B"],"damage_healed":0,"gold_gain":0,"player_choice":"Card Removal","damage_taken":0,"max_hp_gain":0,"max_hp_loss":0,"event_name":"The Cleric","floor":14,"gold_loss":50},{"damage_healed":0,"gold_gain":0,"player_choice":"Simplicity","damage_taken":0,"max_hp_gain":0,"max_hp_loss":0,"event_name":"Back to Basics","floor":19,"gold_loss":0,"cards_upgraded":["Strike_B","Strike_B","Defend_B","Defend_B","Defend_B","Defend_B"]},{"damage_healed":0,"gold_gain":0,"player_choice":"Ignored","damage_taken":0,"max_hp_gain":0,"max_hp_loss":0,"event_name":"Vampires","floor":21,"gold_loss":0},{"damage_healed":0,"gold_gain":0,"player_choice":"Ignored","damage_taken":0,"max_hp_gain":0,"max_hp_loss":0,"event_name":"Cursed Tome","floor":30,"gold_loss":0},{"damage_healed":26,"gold_gain":0,"player_choice":"Writhe","damage_taken":0,"max_hp_gain":0,"max_hp_loss":0,"event_name":"Winding Halls","floor":36,"gold_loss":0,"cards_obtained":["Writhe"]},{"damage_healed":0,"gold_gain":0,"player_choice":"Fight","damage_taken":0,"max_hp_gain":0,"max_hp_loss":0,"event_name":"MindBloom","floor":38,"gold_loss":0},{"damage_healed":0,"gold_gain":0,"player_choice":"Ignored","damage_taken":0,"max_hp_gain":0,"max_hp_loss":0,"event_name":"Mysterious Sphere","floor":45,"gold_loss":0}],"is_beta":false,"boss_relics":[{"not_picked":["Cursed Key","Black Star"],"picked":"Nuclear Battery"},{"not_picked":["Sozu","Busted Crown"],"picked":"SlaversCollar"}],"items_purged_floors":[39,48],"is_endless":false,"potions_floor_spawned":[3,11,12,18,24,29,33,35,37,42,47],"killed_by":"Donu and Deca","ascension_level":2}}