{"host":"zr590xw2unlz0wv7","time":1608227888,"event":{"mods":["BaseMod","Minty Spire (QoL Compilation)","READ ME - Guardian Mod","StSLib"],"gold_per_floor":[110,110,42,62,72,105,105,130,182,196,211,230,246,246,246,345,345,358,273,273,273,286,286,299,333,333,351,351,368,368,368,368,468,468,480,531,531,542,542,542,576,576,576],"floor_reached":42,"playtime":1846,"items_purged":[],"score":580,"play_id":"82d3e5df-92ae-49d2-9f69-485641bc8f11","local_time":"20201218015808","is_ascension_mode":true,"campfire_choices":[{"floor":7.0,"key":"RECALL"},{"floor":15.0,"key":"REST"},{"data":"Eruption","floor":23.0,"key":"SMITH"},{"floor":28.0,"key":"REST"},{"floor":32.0,"key":"REST"},{"floor":40,"key":"REST"}],"circlet_count":0,"master_deck":["Strike_P","Strike_P","Strike_P","Defend_P","Defend_P+1","Defend_P","Defend_P","Eruption+1","Vigilance","Prostrate","FearNoEvil","BowlingBash","Judgement","SignatureMove+1","Pray","EmptyBody","Worship","Pray","LessonLearned","Prostrate+1","EmptyMind","J.A.X.","Ragnarok","Crescendo+1","ClearTheMind+1","MentalFortress"],"relics":["PureWater","NeowsBlessing","Mummified Hand","PreservedInsect","Oddly Smooth Stone","Runic Pyramid","Darkstone Periapt","Art of War","Singing Bowl","Fusion Hammer","Girya","Blood Vial"],"acts_visited":["Exordium","TheCity","TheBeyond"],"potions_floor_usage":[36,41],"damage_taken":[{"damage":0.0,"enemies":"Jaw Worm","floor":1.0,"turns":1.0},{"damage":0.0,"enemies":"Cultist","floor":4.0,"turns":1.0},{"damage":0.0,"enemies":"Small Slimes","floor":5.0,"turns":2.0},{"damage":20.0,"enemies":"3 Sentries","floor":6.0,"turns":4.0},{"damage":21.0,"enemies":"Lagavulin","floor":8.0,"turns":6.0},{"damage":6.0,"enemies":"Looter","floor":10.0,"turns":4.0},{"damage":0.0,"enemies":"Large Slime","floor":11.0,"turns":3.0},{"damage":0.0,"enemies":"Blue Slaver","floor":12.0,"turns":2.0},{"damage":2.0,"enemies":"Exordium Wildlife","floor":13.0,"turns":3.0},{"damage":20.0,"enemies":"Slime Boss","floor":16.0,"turns":5.0},{"damage":1.0,"enemies":"Chosen","floor":18.0,"turns":3.0},{"damage":26.0,"enemies":"Spheric Guardian","floor":22.0,"turns":4.0},{"damage":0.0,"enemies":"Snecko","floor":24.0,"turns":2.0},{"damage":9.0,"enemies":"Book of Stabbing","floor":25.0,"turns":3.0},{"damage":12.0,"enemies":"Cultist and Chosen","floor":27.0,"turns":4.0},{"damage":19.0,"enemies":"Chosen and Byrds","floor":29.0,"turns":5.0},{"damage":22.0,"enemies":"Automaton","floor":33.0,"turns":6.0},{"damage":3.0,"enemies":"3 Shapes","floor":35.0,"turns":4.0},{"damage":33,"enemies":"2 Orb Walkers","floor":36,"turns":3},{"damage":31,"enemies":"3 Darklings","floor":38,"turns":4},{"damage":36,"enemies":"Giant Head","floor":41,"turns":6},{"damage":36,"enemies":"Transient","floor":42,"turns":2}],"seed_played":"9105559036399742262","potions_obtained":[{"floor":1.0,"key":"FearPotion"},{"floor":5.0,"key":"PowerPotion"},{"floor":6.0,"key":"Block Potion"},{"floor":29.0,"key":"SteroidPotion"},{"floor":33.0,"key":"SteroidPotion"},{"floor":38,"key":"ColorlessPotion"}],"is_trial":false,"path_per_floor":["M","?","$","M","M","E","R","E","T","M","M","M","M","T","R","B",null,"M","?","$","?","M","R","M","E","T","M","R","M","?","?","R","B",null,"M","?","?","M","?","R","E","M"],"character_chosen":"WATCHER","items_purchased":["FearNoEvil"],"campfire_rested":4,"item_purchase_floors":[3],"current_hp_per_floor":[72,72,72,72,72,52,52,31,31,25,25,25,23,23,44,24,72,71,71,71,71,45,45,45,36,36,26,48,31,31,17,41,19,81,78,47,47,16,16,40,4,0,0],"gold":576,"neow_bonus":"THREE_ENEMY_KILL","is_daily":false,"chose_seed":false,"campfire_upgraded":1,"win_rate":0.0,"timestamp":1608227888,"path_taken":["M","?","$","M","?","E","R","E","T","M","?","M","M","?","R","BOSS","M","?","$","?","M","R","M","E","T","M","R","M","?","?","R","BOSS","M","?","?","M","?","R","E","M"],"items_purchased_type":["Card"],"build_version":"2020-12-13","purchased_purges":0,"victory":false,"max_hp_per_floor":[72,72,72,72,72,72,72,72,72,72,72,72,72,72,72,72,72,72,72,72,72,72,72,72,72,72,74,74,76,76,81,81,81,81,81,83,83,83,83,83,83,83,83],"card_choices":[{"not_picked":["Indignation","BowlingBash"],"picked":"Prostrate","floor":1.0},{"not_picked":["CrushJoints","SashWhip"],"picked":"BowlingBash","floor":4.0},{"not_picked":["Meditate","EmptyBody"],"picked":"Judgement","floor":5.0},{"not_picked":["CutThroughFate","MentalFortress"],"picked":"SignatureMove","floor":6.0},{"not_picked":["CrushJoints","WaveOfTheHand"],"picked":"Pray","floor":8.0},{"not_picked":["FlyingSleeves","Halt"],"picked":"EmptyBody","floor":10.0},{"not_picked":["JustLucky","Protect"],"picked":"Worship","floor":11.0},{"not_picked":["FollowUp","JustLucky"],"picked":"Pray","floor":12.0},{"not_picked":["Crescendo","EmptyBody","Wallop"],"picked":"SKIP","floor":13.0},{"not_picked":["Judgement","Wish"],"picked":"LessonLearned","floor":16.0},{"not_picked":["PathToVictory","Evaluate+1","Protect"],"picked":"SKIP","floor":18.0},{"not_picked":["Wallop","Consecrate"],"picked":"Prostrate+1","floor":22.0},{"not_picked":["FlyingSleeves","Prostrate"],"picked":"EmptyMind","floor":24.0},{"not_picked":["ReachHeaven","SashWhip","CrushJoints"],"picked":"SKIP","floor":25.0},{"not_picked":["EmptyBody","Crescendo","ForeignInfluence"],"picked":"Singing Bowl","floor":27.0},{"not_picked":["PathToVictory","Consecrate+1","LessonLearned"],"picked":"Singing Bowl","floor":29.0},{"not_picked":["LessonLearned","DevaForm"],"picked":"Ragnarok","floor":33.0},{"not_picked":["EmptyFist+1","SashWhip+1"],"picked":"Crescendo+1","floor":35.0},{"not_picked":["Crescendo+1","CutThroughFate","WreathOfFlame"],"picked":"Singing Bowl","floor":36},{"not_picked":["Consecrate+1","Protect"],"picked":"ClearTheMind+1","floor":38},{"not_picked":["ReachHeaven","Wireheading"],"picked":"MentalFortress","floor":41}],"player_experience":493654,"relics_obtained":[{"floor":6.0,"key":"Mummified Hand"},{"floor":8.0,"key":"PreservedInsect"},{"floor":9.0,"key":"Oddly Smooth Stone"},{"floor":25.0,"key":"Art of War"},{"floor":26.0,"key":"Singing Bowl"},{"floor":36,"key":"Girya"},{"floor":41,"key":"Blood Vial"}],"event_choices":[{"damage_healed":0.0,"max_hp_gain":0.0,"max_hp_loss":0.0,"gold_gain":0.0,"event_name":"The Woman in Blue","player_choice":"Bought 0 Potions","floor":2.0,"gold_loss":0.0,"damage_taken":0.0},{"damage_healed":0.0,"max_hp_gain":0.0,"max_hp_loss":0.0,"gold_gain":0.0,"event_name":"Addict","player_choice":"Obtained Relic","floor":19.0,"gold_loss":85.0,"damage_taken":0.0,"relics_obtained":["Darkstone Periapt"]},{"damage_healed":0.0,"max_hp_gain":0.0,"max_hp_loss":0.0,"gold_gain":0.0,"event_name":"Ghosts","player_choice":"Ignored","floor":21.0,"gold_loss":0.0,"damage_taken":0.0},{"damage_healed":0.0,"max_hp_gain":0.0,"max_hp_loss":0.0,"gold_gain":0.0,"event_name":"Drug Dealer","player_choice":"Obtain J.A.X.","floor":30.0,"gold_loss":0.0,"damage_taken":0.0,"cards_obtained":["J.A.X."]},{"damage_healed":0.0,"max_hp_gain":5.0,"max_hp_loss":0.0,"gold_gain":0.0,"event_name":"Forgotten Altar","player_choice":"Shed Blood","floor":31.0,"gold_loss":0.0,"damage_taken":19.0},{"damage_healed":0,"gold_gain":0,"player_choice":"Fight","damage_taken":0,"max_hp_gain":0,"max_hp_loss":0,"event_name":"Mysterious Sphere","floor":36,"gold_loss":0},{"damage_healed":0,"gold_gain":0,"player_choice":"Ignored","damage_taken":0,"max_hp_gain":0,"max_hp_loss":0,"event_name":"Tomb of Lord Red Mask","floor":37,"gold_loss":0},{"cards_removed":["Strike_P"],"damage_healed":0,"gold_gain":0,"player_choice":"Removed Attack","damage_taken":0,"max_hp_gain":0,"max_hp_loss":0,"event_name":"Falling","floor":39,"gold_loss":0}],"is_beta":false,"boss_relics":[{"not_picked":["Sozu","Snecko Eye"],"picked":"Runic Pyramid"},{"not_picked":["Pandora\u0027s Box","Philosopher\u0027s Stone"],"picked":"Fusion Hammer"}],"items_purged_floors":[],"is_endless":false,"potions_floor_spawned":[1,5,6,29,33,38],"killed_by":"Transient","ascension_level":4}}