{"host":"d8hh7rr4yzitjeuj","time":1608188218,"event":{"mods":["2.2 Compatiblity","AchievementEnabler","BaseMod","CapriCore","Colored Map","Colored Powertips","Highlight Path","Keyboard Shortcuts","Minty Spire (QoL Compilation)","Permanent Neow","Quick Restart","StSLib","SuperFastMode"],"gold_per_floor":[115,40,60,79,97,97,108,108,108,128,158,158,193,210,210,281,281,294,309,326,344,344,344,344,344],"floor_reached":24,"playtime":1073,"items_purged":[],"score":474,"play_id":"0aeb2da1-edf8-4294-aec4-998cd843cdab","local_time":"20201217155658","is_ascension_mode":true,"campfire_choices":[{"data":"Reprogram","floor":6.0,"key":"SMITH"},{"data":"Hello World","floor":8.0,"key":"SMITH"},{"data":"Hologram","floor":12.0,"key":"SMITH"},{"floor":15,"key":"RECALL"},{"data":"Aggregate","floor":23,"key":"SMITH"}],"circlet_count":0,"master_deck":["AscendersBane","Strike_B","Strike_B","Strike_B","Defend_B","Defend_B","Defend_B","Defend_B","Zap","Dualcast","Sweeping Beam","Hello World+1","Stack","Reprogram+1","Streamline","Hologram+1","Stack","Undo+1","Aggregate+1"],"relics":["Coffee Dripper","Blue Candle","HornCleat","Blood Vial","SacredBark"],"acts_visited":["Exordium","TheCity"],"potions_floor_usage":[13,16,16,21,24],"damage_taken":[{"damage":7.0,"enemies":"Small Slimes","floor":1.0,"turns":4.0},{"damage":2.0,"enemies":"Jaw Worm","floor":3.0,"turns":4.0},{"damage":0.0,"enemies":"Cultist","floor":4.0,"turns":4.0},{"damage":0.0,"enemies":"Red Slaver","floor":5.0,"turns":5.0},{"damage":10.0,"enemies":"Large Slime","floor":7.0,"turns":5.0},{"damage":6.0,"enemies":"Gremlin Gang","floor":10.0,"turns":6.0},{"damage":11.0,"enemies":"Lagavulin","floor":11.0,"turns":7.0},{"damage":0,"enemies":"3 Sentries","floor":13,"turns":8},{"damage":9,"enemies":"Red Slaver","floor":14,"turns":5},{"damage":3,"enemies":"Slime Boss","floor":16,"turns":9},{"damage":21,"enemies":"3 Byrds","floor":18,"turns":7},{"damage":0,"enemies":"Chosen","floor":19,"turns":7},{"damage":6,"enemies":"Centurion and Healer","floor":20,"turns":10},{"damage":28,"enemies":"Chosen and Byrds","floor":21,"turns":8},{"damage":24,"enemies":"Slavers","floor":24,"turns":3}],"seed_played":"7307182596573098891","potions_obtained":[{"floor":3.0,"key":"Energy Potion"},{"floor":4.0,"key":"Block Potion"},{"floor":11.0,"key":"EssenceOfSteel"},{"floor":14,"key":"FearPotion"},{"floor":16,"key":"Swift Potion"},{"floor":19,"key":"Weak Potion"},{"floor":20,"key":"PowerPotion"}],"is_trial":false,"path_per_floor":["M","?","M","M","M","R","M","R","T","M","E","R","E","M","R","B",null,"M","M","M","M","?","R","E"],"character_chosen":"DEFECT","items_purchased":[],"campfire_rested":0,"item_purchase_floors":[],"current_hp_per_floor":[57,57,55,55,55,55,45,45,45,39,28,28,28,21,21,20,58,39,41,37,11,11,11,0,0],"gold":344,"neow_bonus":"BOSS_RELIC","is_daily":false,"chose_seed":false,"campfire_upgraded":4,"win_rate":0.0,"timestamp":1608188218,"path_taken":["M","?","M","M","M","R","M","R","T","M","E","R","E","M","R","BOSS","M","M","M","M","?","R","E"],"items_purchased_type":[],"build_version":"2020-12-13","purchased_purges":0,"victory":false,"max_hp_per_floor":[71,71,71,71,71,71,71,71,71,71,71,71,71,71,71,71,71,71,71,71,71,71,71,71,71],"card_choices":[{"not_picked":["Tempest","Beam Cell"],"picked":"Sweeping Beam","floor":1.0},{"not_picked":["Compile Driver","Leap"],"picked":"Hello World","floor":3.0},{"not_picked":["Genetic Algorithm","Sweeping Beam"],"picked":"Stack","floor":4.0},{"not_picked":["Sunder","Redo"],"picked":"Reprogram","floor":5.0},{"not_picked":["Chill","Defragment"],"picked":"Streamline","floor":7.0},{"not_picked":["Steam","Coolheaded"],"picked":"Hologram","floor":10.0},{"not_picked":["Streamline","Compile Driver","Lockon"],"picked":"SKIP","floor":11.0},{"not_picked":["Static Discharge","Biased Cognition","Redo"],"picked":"SKIP","floor":13},{"not_picked":["Static Discharge","Conserve Battery"],"picked":"Stack","floor":14},{"not_picked":["Storm","Steam"],"picked":"Undo+1","floor":18},{"not_picked":["Genetic Algorithm","Hologram","Static Discharge"],"picked":"SKIP","floor":19},{"not_picked":["Ball Lightning","Redo","Defragment"],"picked":"SKIP","floor":20},{"not_picked":["Sunder","Leap"],"picked":"Aggregate","floor":21}],"player_experience":1351693,"relics_obtained":[{"floor":9.0,"key":"Blue Candle"},{"floor":11.0,"key":"HornCleat"},{"floor":13,"key":"Blood Vial"}],"event_choices":[{"cards_removed":["Strike_B"],"damage_healed":0.0,"max_hp_gain":0.0,"max_hp_loss":0.0,"gold_gain":0.0,"event_name":"The Cleric","player_choice":"Card Removal","floor":2.0,"gold_loss":75.0,"damage_taken":0.0},{"damage_healed":0,"gold_gain":0,"player_choice":"Ignored","damage_taken":0,"max_hp_gain":0,"max_hp_loss":0,"event_name":"Ghosts","floor":22,"gold_loss":0}],"is_beta":false,"boss_relics":[{"not_picked":["Cursed Key","Inserter"],"picked":"SacredBark"}],"items_purged_floors":[],"is_endless":false,"potions_floor_spawned":[3,4,11,14,16,19,20],"killed_by":"Slavers","ascension_level":20}}