{"host":"zxezw9t7myeayiva","time":1608186115,"event":{"mods":["2.2 Compatiblity","Act Like it!","BaseMod","Colored Map","Downfall","Hallownest","Hermit","Infinite Spire","Lobotomy","Marisa????????","Minty Spire (QoL Compilation)","Replay The Spire","Somnambulant","StSLib","The Animator","The Cursed","The Disciple","The Hierophant","The Jungle","The Servant 0.9.4"],"gold_per_floor":[109,109,109,129,154,198,198,198,198,233,51,94,94,107,107,233,233,251,251,265,91,91,135,148,191,216,236,236,236,236,270,270,401,401,425,438,438,438,129,129,142,155,203,222,222,222,222,263,263,263],"floor_reached":51,"playtime":5478,"items_purged":["Strike_B","Strike_B"],"score":846,"play_id":"312be94f-4250-41fb-981a-8f39601ba8e9","local_time":"20201217002155","is_ascension_mode":true,"campfire_choices":[{"floor":13,"key":"REST"},{"data":"Strike_B","floor":15,"key":"PURGE"},{"floor":30,"key":"REST"},{"floor":32,"key":"REST"},{"floor":40,"key":"REST"},{"floor":45,"key":"REST"},{"floor":47,"key":"REST"},{"floor":49,"key":"REST"}],"circlet_count":0,"master_deck":["Defend_B","Defend_B","Defend_B+1","Defend_B+1","Zap","Dualcast","Core Surge","Go for the Eyes","Cold Snap","Self Repair+1","Panic Button+1","Compile Driver","Static Discharge","Chaos+1","Machine Learning+1","Ball Lightning","Turbo+1","theJungle:PetSnecko+1","Hello World","Consume+1","ReplayTheSpireMod:Calculation Training","Electrodynamics+1","Self Repair+1","ReplayTheSpireMod:Book of Names","infinitespire:Pacifist","Parasite","Thunder Strike+1"],"relics":["infinitespire:DarkRift","Golden Idol","Mango","Golden Egg","infinitespire:Cubic Diamond","The Courier","infinitespire:Broken Mirror","Tiny Chest","Ancient Tea Set","Cursed Key","ReplayTheSpireMod:Ring of Exchange","Ring of Peace","ReplayTheSpireMod:CursedCoin","Omamori","Bronze Scales","infinitespire:SolderingIron","infinitespire:ShieldingShard","Blue Doll","Gremlin Food","Pear","ClockworkSouvenir","TheAbacus","Sundial","Juzu Bracelet","Lizard Tail","Bag of Marbles"],"acts_visited":["Exordium","Exordium","TheBeyond"],"potions_floor_usage":[12,16,18,20,27,31,35,42,50,51],"damage_taken":[{"damage":1,"enemies":"Cultist","floor":1,"turns":3},{"damage":4,"enemies":"Small Slimes","floor":4,"turns":3},{"damage":4,"enemies":"Jaw Worm","floor":5,"turns":2},{"damage":35,"enemies":"3 Sentries","floor":6,"turns":10},{"damage":24,"enemies":"Gremlin Nob","floor":10,"turns":5},{"damage":31,"enemies":"Lagavulin","floor":12,"turns":7},{"damage":5,"enemies":"3 Louse","floor":14,"turns":3},{"damage":17,"enemies":"Hexaghost","floor":16,"turns":9},{"damage":13,"enemies":"theJungle:MUSHROOMGANG","floor":18,"turns":4},{"damage":9,"enemies":"Shell Parasite","floor":20,"turns":5},{"damage":14,"enemies":"theJungle:2_Phrogs","floor":23,"turns":7},{"damage":14,"enemies":"theJungle:JungleHuntersEncounter","floor":24,"turns":4},{"damage":33,"enemies":"theJungle:MamaSnecko","floor":25,"turns":7},{"damage":15,"enemies":"theJungle:2_Snecko_Cultists","floor":27,"turns":4},{"damage":3,"enemies":"theJungle:2_Phrogs","floor":31,"turns":6},{"damage":7,"enemies":"theJungle:FunGuy","floor":33,"turns":11},{"damage":32,"enemies":"3 Darklings","floor":35,"turns":4},{"damage":12,"enemies":"Orb Walker","floor":36,"turns":4},{"damage":88,"enemies":"Transient","floor":41,"turns":5},{"damage":0,"enemies":"Writhing Mass","floor":42,"turns":4},{"damage":6,"enemies":"Maw","floor":44,"turns":7},{"damage":15,"enemies":"Giant Head","floor":48,"turns":9},{"damage":47,"enemies":"Donu and Deca","floor":50,"turns":5},{"damage":57,"enemies":"Malkuth","floor":51,"turns":7},{"damage":93,"enemies":"Yesod","floor":51,"turns":11}],"seed_played":"4480775828407959668","potions_obtained":[{"floor":4,"key":"Regen Potion"},{"floor":10,"key":"Weak Potion"},{"floor":12,"key":"FearPotion"},{"floor":14,"key":"champ:CounterPotion"},{"floor":16,"key":"SkillPotion"},{"floor":23,"key":"Strength Potion"},{"floor":25,"key":"Adrenaline Potion"},{"floor":27,"key":"Elixir"},{"floor":31,"key":"Reflective Coating"},{"floor":41,"key":"Elixir"},{"floor":48,"key":"FairyPotion"}],"is_trial":false,"path_per_floor":["M","?","?","M","M","E","?","?","T","E","$","E","R","M","R_BF","B",null,"M","?","M","$","?","E","M","E","T","M","T","AVR","R","E","R","B",null,"M","M","?","?","$","R","M","M","T","M","R","T","R","E","R","B",null],"character_chosen":"DEFECT","items_purchased":["Tiny Chest","ReplayTheSpireMod:CursedCoin","Omamori","Bronze Scales","TheAbacus","Sundial"],"campfire_rested":7,"item_purchase_floors":[11,21,21,21,39,39],"current_hp_per_floor":[74,56,70,66,62,34,34,34,34,17,17,8,34,36,36,26,89,83,83,81,81,81,74,67,41,41,33,33,33,59,73,99,99,99,77,95,72,72,72,99,31,51,51,65,94,94,99,99,99,72],"gold":263,"neow_bonus":"ONE_RANDOM_RARE_CARD","is_daily":false,"chose_seed":false,"campfire_upgraded":0,"win_rate":0.0,"timestamp":1608186115,"path_taken":["M","?","?","?","M","E","?","?","T","E","$","E","R","?","R_BF","BOSS","M","?","M","$","?","E","M","E","T","M","?","AVR","R","E","R","BOSS","M","M","?","?","$","R","M","?","T","M","R","?","R","E","R","BOSS"],"items_purchased_type":["Relic","Relic","Relic","Relic","Relic","Relic"],"build_version":"2020-12-13","purchased_purges":2,"victory":true,"max_hp_per_floor":[75,75,89,89,89,89,89,89,89,89,89,89,89,89,89,89,89,89,89,89,89,89,89,89,89,89,89,89,89,89,99,99,99,99,99,99,99,99,99,99,99,99,99,99,99,99,99,99,99,99],"card_choices":[{"not_picked":["Panic Button","Melter"],"picked":"Go for the Eyes","floor":1},{"not_picked":["Streamline","Time Bomb"],"picked":"Cold Snap","floor":4},{"not_picked":["Leap","Streamline"],"picked":"Self Repair","floor":5},{"not_picked":["Undo","Gash"],"picked":"Panic Button","floor":6},{"not_picked":["Leap","Glacier"],"picked":"Compile Driver","floor":10},{"not_picked":["FTL","Cold Snap"],"picked":"Static Discharge","floor":12},{"not_picked":["ReplaySolidLightProjector","Hologram"],"picked":"Chaos","floor":14},{"not_picked":["Reboot","Multi-Cast"],"picked":"Machine Learning","floor":16},{"not_picked":["Panic Button","FTL"],"picked":"Ball Lightning","floor":18},{"not_picked":["Conserve Battery","Redo"],"picked":"Turbo+1","floor":20},{"not_picked":["Thunder Strike","Barrage"],"picked":"Hello World","floor":23},{"not_picked":["Rebound","Genetic Algorithm"],"picked":"Consume+1","floor":24},{"not_picked":["Leap","BasicCrystalCard","Hello World"],"picked":"SKIP","floor":25},{"not_picked":["Lockon","Beam Cell","ReplaySolidLightProjector+1"],"picked":"SKIP","floor":27},{"not_picked":["Redo","Go for the Eyes"],"picked":"ReplayTheSpireMod:Calculation Training","floor":31},{"not_picked":["Biased Cognition","Seek"],"picked":"Electrodynamics","floor":33},{"not_picked":["Sunder","Gash+1"],"picked":"Self Repair+1","floor":35},{"not_picked":["Barrage+1","Ball Lightning+1","BasicCrystalCard+1"],"picked":"SKIP","floor":36},{"not_picked":["infinitespire:NeuralNetwork","infinitespire:Gouge"],"picked":"ReplayTheSpireMod:Book of Names","floor":37},{"not_picked":["ReplayTheSpireMod:System Scan","Hologram+1","Leap"],"picked":"SKIP","floor":41},{"not_picked":["Gash","Compile Driver+1","Ball Lightning"],"picked":"SKIP","floor":42},{"not_picked":["Doom and Gloom","Stack","Gash+1"],"picked":"SKIP","floor":44},{"not_picked":["Thunder Strike","Go for the Eyes","Compile Driver"],"picked":"SKIP","floor":48},{"not_picked":["Go for the Eyes","Compile Driver"],"picked":"Thunder Strike","floor":48}],"player_experience":320718,"relics_obtained":[{"floor":3,"key":"Mango"},{"floor":6,"key":"Golden Egg"},{"floor":9,"key":"The Courier"},{"floor":10,"key":"infinitespire:Broken Mirror"},{"floor":12,"key":"Ancient Tea Set"},{"floor":19,"key":"ReplayTheSpireMod:Ring of Exchange"},{"floor":19,"key":"Ring of Peace"},{"floor":23,"key":"infinitespire:SolderingIron"},{"floor":25,"key":"infinitespire:ShieldingShard"},{"floor":26,"key":"Blue Doll"},{"floor":28,"key":"Gremlin Food"},{"floor":31,"key":"Pear"},{"floor":43,"key":"Juzu Bracelet"},{"floor":46,"key":"Lizard Tail"},{"floor":48,"key":"Bag of Marbles"}],"event_choices":[{"damage_healed":0,"gold_gain":0,"player_choice":"Take Damage","damage_taken":18,"relics_obtained":["Golden Idol"],"max_hp_gain":0,"max_hp_loss":0,"event_name":"Golden Idol","floor":2,"gold_loss":0},{"damage_healed":0,"gold_gain":0,"player_choice":"Relic","damage_taken":0,"max_hp_gain":0,"max_hp_loss":0,"event_name":"Wheel of Change","floor":3,"gold_loss":0},{"cards_removed":["Strike_B"],"damage_healed":0,"gold_gain":0,"player_choice":"Purged","damage_taken":0,"max_hp_gain":0,"max_hp_loss":0,"event_name":"Purifier","floor":8,"gold_loss":0},{"cards_removed":["Replay:Hysterical Blindness"],"damage_healed":0,"gold_gain":0,"player_choice":"Removed Curses","damage_taken":0,"max_hp_gain":0,"max_hp_loss":0,"event_name":"Fountain of Cleansing","floor":38,"gold_loss":0}],"is_beta":false,"boss_relics":[{"not_picked":["Replay:Wanted Poster","Astrolabe"],"picked":"Cursed Key"},{"not_picked":["Pandora\u0027s Box","Kintsugi"],"picked":"ClockworkSouvenir"}],"items_purged_floors":[11,21],"is_endless":false,"potions_floor_spawned":[4,10,12,14,16,23,25,27,31,41,48],"ascension_level":2}}