{"host":"brlhu57vzmgrzvkq","time":1608186193,"event":{"mods":["AchievementEnabler","BaseMod","Colored Map","Hermit","Minty Spire (QoL Compilation)","StSLib","SuperFastMode","The Cursed","The Servant 0.9.4"],"gold_per_floor":[117,117,138,138,152,192,192,223,297,297,297,333,357,370,370,495,495,420,55,55,78,78,78,78],"floor_reached":23,"playtime":686,"items_purged":["Shame"],"score":228,"play_id":"427ba4ef-077c-4661-a42d-7a3b5f0d98b7","local_time":"20201216232313","is_ascension_mode":true,"campfire_choices":[{"floor":7.0,"key":"REST"},{"data":"Eruption","floor":10.0,"key":"SMITH"},{"floor":15.0,"key":"REST"}],"circlet_count":0,"master_deck":["Strike_P","Strike_P","Strike_P","Strike_P+1","Defend_P","Defend_P","Defend_P","Defend_P","Eruption+1","Vigilance","ConjureBlade+1","ClearTheMind","Injury","Adaptation","ThirdEye","Wallop","DeceiveReality","ClearTheMind","LikeWater","Vault","Halt","Crescendo"],"relics":["PureWater","Golden Idol","Thread and Needle","Ancient Tea Set","Ornamental Fan","Bottled Tornado","Black Star","Pear"],"acts_visited":["Exordium","TheCity"],"potions_floor_usage":[],"damage_taken":[{"damage":0.0,"enemies":"Cultist","floor":1.0,"turns":2.0},{"damage":7.0,"enemies":"Jaw Worm","floor":3.0,"turns":3.0},{"damage":13.0,"enemies":"Small Slimes","floor":5.0,"turns":2.0},{"damage":16.0,"enemies":"Gremlin Nob","floor":6.0,"turns":3.0},{"damage":7.0,"enemies":"Lagavulin","floor":8.0,"turns":6.0},{"damage":13.0,"enemies":"Gremlin Nob","floor":12.0,"turns":5.0},{"damage":7.0,"enemies":"3 Louse","floor":13.0,"turns":5.0},{"damage":0.0,"enemies":"2 Fungi Beasts","floor":14.0,"turns":3.0},{"damage":6.0,"enemies":"Slime Boss","floor":16.0,"turns":12.0},{"damage":18.0,"enemies":"2 Thieves","floor":18.0,"turns":5.0},{"damage":0,"enemies":"Spheric Guardian","floor":21,"turns":5},{"damage":68,"enemies":"Gremlin Leader","floor":23,"turns":5}],"seed_played":"8231496508012760916","potions_obtained":[{"floor":6.0,"key":"EssenceOfSteel"},{"floor":8.0,"key":"Dexterity Potion"},{"floor":12.0,"key":"Strength Potion"}],"is_trial":false,"path_per_floor":["M","?","M","?","M","E","R","E","T","R","?","E","M","M","R","B",null,"M","$","$","M","?","E"],"character_chosen":"WATCHER","items_purchased":["Crescendo","Pear"],"campfire_rested":2,"item_purchase_floors":[19,19],"current_hp_per_floor":[72,72,65,51,38,22,43,36,36,36,36,23,16,16,37,31,72,54,64,64,64,64,0,0],"gold":78,"neow_bonus":"ONE_RANDOM_RARE_CARD","is_daily":false,"chose_seed":false,"campfire_upgraded":1,"win_rate":0.0,"timestamp":1608186193,"path_taken":["M","?","M","?","M","E","R","E","T","R","?","E","M","M","R","BOSS","M","?","$","M","?","E"],"items_purchased_type":["Card","Relic"],"build_version":"2020-12-13","purchased_purges":1,"victory":false,"max_hp_per_floor":[72,72,72,72,72,72,72,72,72,72,72,72,72,72,72,72,72,72,82,82,82,82,82,82],"card_choices":[{"not_picked":["SashWhip","EmptyFist"],"picked":"ClearTheMind","floor":1.0},{"not_picked":["FlyingSleeves","PathToVictory"],"picked":"Adaptation","floor":3.0},{"not_picked":["EmptyFist","SashWhip"],"picked":"ThirdEye","floor":5.0},{"not_picked":["InnerPeace","SignatureMove"],"picked":"Wallop","floor":6.0},{"not_picked":["EmptyFist","Evaluate"],"picked":"DeceiveReality","floor":8.0},{"not_picked":["Consecrate","Brilliance"],"picked":"LikeWater","floor":12.0},{"not_picked":["Wallop","FollowUp","SashWhip"],"picked":"SKIP","floor":13.0},{"not_picked":["WreathOfFlame","Evaluate","FlyingSleeves"],"picked":"SKIP","floor":14.0},{"not_picked":["ConjureBlade","DevaForm"],"picked":"Vault","floor":16.0},{"not_picked":["Adaptation","FlyingSleeves"],"picked":"Halt","floor":18.0},{"not_picked":["ThirdEye","Halt","PathToVictory+1"],"picked":"SKIP","floor":21}],"player_experience":62889,"relics_obtained":[{"floor":6.0,"key":"Thread and Needle"},{"floor":8.0,"key":"Ancient Tea Set"},{"floor":9.0,"key":"Ornamental Fan"},{"floor":12.0,"key":"Bottled Tornado"}],"event_choices":[{"damage_healed":0.0,"max_hp_gain":0.0,"max_hp_loss":0.0,"gold_gain":0.0,"event_name":"Golden Idol","player_choice":"Take Wound","floor":2.0,"gold_loss":0.0,"damage_taken":0.0,"relics_obtained":["Golden Idol"],"cards_obtained":["Injury"]},{"damage_healed":0.0,"max_hp_gain":0.0,"max_hp_loss":0.0,"gold_gain":0.0,"event_name":"Shining Light","player_choice":"Entered Light","floor":4.0,"gold_loss":0.0,"damage_taken":14.0,"cards_upgraded":["ConjureBlade","Strike_P"]},{"damage_healed":0.0,"max_hp_gain":0.0,"max_hp_loss":0.0,"gold_gain":0.0,"event_name":"Match and Keep!","player_choice":"2 cards matched","floor":11.0,"gold_loss":0.0,"damage_taken":0.0,"cards_obtained":["Shame","ClearTheMind"]},{"damage_healed":0,"gold_gain":0,"player_choice":"Ignored","damage_taken":0,"max_hp_gain":0,"max_hp_loss":0,"event_name":"Ghosts","floor":22,"gold_loss":0}],"is_beta":false,"boss_relics":[{"not_picked":["HolyWater","Ectoplasm"],"picked":"Black Star"}],"items_purged_floors":[19],"is_endless":false,"potions_floor_spawned":[6,8,12,13,14],"killed_by":"Gremlin Leader","ascension_level":2}}