{"host":"utqe55yv0jihe4d6","time":1608229694,"event":{"mods":["2.2 Compatiblity","AchievementEnabler","BaseMod","Block Reminder","Colored Map","Colored Powertips","Minty Spire (QoL Compilation)","Quick Restart","Rare Cards Sparkle","Relic Stats","SuperFastMode"],"gold_per_floor":[110,185,185,185,185,220,220,255,255,255,11,37,55,67,67,145,145,165,176,176,196,96,96,123,123,123,47,63,63,88,98,98,98,98],"floor_reached":33,"playtime":858,"items_purged":["Strike_G","Strike_G"],"score":702,"play_id":"8f7c3510-0c17-460d-836e-55288d33ab8e","local_time":"20201217132814","is_ascension_mode":true,"campfire_choices":[{"data":"Slice","floor":7,"key":"SMITH"},{"data":"Noxious Fumes","floor":15,"key":"SMITH"},{"data":"Finisher","floor":23,"key":"SMITH"},{"data":"Malaise","floor":29,"key":"SMITH"},{"data":"Phantasmal Killer","floor":32,"key":"SMITH"}],"circlet_count":0,"master_deck":["AscendersBane","Strike_G+1","Defend_G","Defend_G","Defend_G","Defend_G","Defend_G+1","Survivor","Neutralize+1","Slice+1","Riddle With Holes","Bane","Dagger Spray","Noxious Fumes+1","Phantasmal Killer+1","Blade Dance","Malaise+1","Finisher+1","Leg Sweep"],"relics":["Ring of the Snake","NeowsBlessing","StrikeDummy","Bottled Flame","Pantograph","Singing Bowl","Coffee Dripper","Boot","Mercury Hourglass","CeramicFish"],"acts_visited":["Exordium","TheCity"],"potions_floor_usage":[12,21,30,30,33],"damage_taken":[{"damage":0,"enemies":"Small Slimes","floor":1,"turns":1},{"damage":0,"enemies":"Lagavulin","floor":6,"turns":1},{"damage":0,"enemies":"Gremlin Nob","floor":8,"turns":1},{"damage":6,"enemies":"3 Sentries","floor":12,"turns":5},{"damage":0,"enemies":"Jaw Worm","floor":13,"turns":2},{"damage":0,"enemies":"2 Louse","floor":14,"turns":2},{"damage":44,"enemies":"Hexaghost","floor":16,"turns":10},{"damage":0,"enemies":"3 Byrds","floor":18,"turns":4},{"damage":0,"enemies":"Spheric Guardian","floor":19,"turns":3},{"damage":28,"enemies":"Chosen and Byrds","floor":21,"turns":5},{"damage":33,"enemies":"Book of Stabbing","floor":24,"turns":5},{"damage":6,"enemies":"Snake Plant","floor":28,"turns":5},{"damage":8,"enemies":"Slavers","floor":30,"turns":6},{"damage":0,"enemies":"Cultist and Chosen","floor":31,"turns":6},{"damage":47,"enemies":"Collector","floor":33,"turns":6}],"seed_played":"-4562304591096484186","potions_obtained":[{"floor":13,"key":"GamblersBrew"},{"floor":14,"key":"Regen Potion"},{"floor":28,"key":"DuplicationPotion"},{"floor":30,"key":"FearPotion"}],"is_trial":false,"path_per_floor":["M","?","?","?","?","E","R","E","T","?","$","E","M","M","R","B",null,"M","M","?","M","$","R","E","?","T","$","M","R","E","M","R","B"],"character_chosen":"THE_SILENT","items_purchased":["Dagger Spray","Noxious Fumes","AttackPotion","Leg Sweep"],"campfire_rested":0,"item_purchase_floors":[11,11,11,27],"current_hp_per_floor":[59,48,28,28,21,21,21,21,21,43,43,37,37,39,39,20,56,58,60,60,46,46,46,15,15,15,15,11,11,5,7,7,0,0],"gold":98,"neow_bonus":"THREE_ENEMY_KILL","is_daily":false,"chose_seed":false,"campfire_upgraded":5,"win_rate":0.0,"timestamp":1608229694,"path_taken":["M","?","?","?","?","E","R","E","T","?","$","E","M","M","R","BOSS","M","M","?","M","?","R","E","?","T","$","M","R","E","M","R","BOSS"],"items_purchased_type":["Card","Card","Potion","Card"],"build_version":"2020-12-13","purchased_purges":2,"victory":false,"max_hp_per_floor":[66,66,66,66,66,66,66,66,66,66,66,66,66,68,68,68,68,70,72,72,72,72,72,74,74,74,74,76,76,78,80,80,80,80],"relic_stats":{"Singing Bowl":14,"counters":[15,62],"Pantograph":50,"CeramicFish":0,"Boot":[37],"obtain_stats":[{"Bottled Flame":8,"NeowsBlessing":0,"Singing Bowl":12,"Pantograph":9,"CeramicFish":30,"Coffee Dripper":17,"StrikeDummy":6,"Boot":24,"Ring of the Snake":0,"Mercury Hourglass":26},{"Bottled Flame":3,"NeowsBlessing":0,"Singing Bowl":4,"Pantograph":3,"CeramicFish":13,"Coffee Dripper":7,"StrikeDummy":2,"Boot":11,"Ring of the Snake":0,"Mercury Hourglass":11},{"Bottled Flame":3,"NeowsBlessing":0,"Singing Bowl":8,"Pantograph":3,"CeramicFish":50,"Coffee Dripper":22,"StrikeDummy":2,"Boot":39,"Ring of the Snake":0,"Mercury Hourglass":39}],"Ring of the Snake":[30],"Mercury Hourglass":[99]},"card_choices":[{"not_picked":["Backflip","Prepared"],"picked":"Slice","floor":1},{"not_picked":["Prepared","Dodge and Roll"],"picked":"Riddle With Holes","floor":6},{"not_picked":["Deflect","Prepared"],"picked":"Bane","floor":8},{"not_picked":["Cloak And Dagger","Deflect"],"picked":"Phantasmal Killer","floor":12},{"not_picked":["Flying Knee","Dagger Throw"],"picked":"Blade Dance","floor":13},{"not_picked":["Flying Knee","Outmaneuver","Expertise"],"picked":"Singing Bowl","floor":14},{"not_picked":["Storm of Steel","Phantasmal Killer"],"picked":"Malaise","floor":16},{"not_picked":["Sucker Punch+1","Deadly Poison","Poisoned Stab"],"picked":"Singing Bowl","floor":18},{"not_picked":["Poisoned Stab","Deflect+1","Tactician"],"picked":"Singing Bowl","floor":19},{"not_picked":["Poisoned Stab+1","Accuracy"],"picked":"Finisher","floor":21},{"not_picked":["Deflect","Cloak And Dagger","Deadly Poison"],"picked":"Singing Bowl","floor":24},{"not_picked":["Infinite Blades","Skewer","Caltrops"],"picked":"Singing Bowl","floor":28},{"not_picked":["Backflip","Poisoned Stab","Slice"],"picked":"Singing Bowl","floor":30},{"not_picked":["Riddle With Holes+1","Underhanded Strike","Dagger Spray"],"picked":"Singing Bowl","floor":31}],"player_experience":2783811,"relics_obtained":[{"floor":6,"key":"StrikeDummy"},{"floor":8,"key":"Bottled Flame"},{"floor":9,"key":"Pantograph"},{"floor":12,"key":"Singing Bowl"},{"floor":24,"key":"Boot"},{"floor":26,"key":"Mercury Hourglass"},{"floor":30,"key":"CeramicFish"}],"event_choices":[{"damage_healed":0,"gold_gain":75,"player_choice":"Gather Gold","damage_taken":11,"max_hp_gain":0,"max_hp_loss":0,"event_name":"World of Goop","floor":2,"gold_loss":0},{"damage_healed":0,"gold_gain":0,"player_choice":"Entered Light","damage_taken":20,"max_hp_gain":0,"max_hp_loss":0,"event_name":"Shining Light","floor":3,"gold_loss":0,"cards_upgraded":["Strike_G","Defend_G"]},{"damage_healed":0,"gold_gain":0,"player_choice":"Grow","damage_taken":0,"max_hp_gain":0,"max_hp_loss":0,"event_name":"Living Wall","floor":4,"gold_loss":0,"cards_upgraded":["Neutralize"]},{"cards_removed":["Strike_G"],"damage_healed":0,"gold_gain":0,"player_choice":"Card Removal","damage_taken":7,"max_hp_gain":0,"max_hp_loss":0,"event_name":"Golden Wing","floor":5,"gold_loss":0},{"damage_healed":22,"gold_gain":0,"player_choice":"Banana","damage_taken":0,"max_hp_gain":0,"max_hp_loss":0,"event_name":"Big Fish","floor":10,"gold_loss":0},{"cards_removed":["Strike_G"],"damage_healed":0,"gold_gain":0,"player_choice":"Offered Basic","damage_taken":0,"max_hp_gain":0,"max_hp_loss":0,"event_name":"Bonfire Elementals","floor":20,"gold_loss":0},{"damage_healed":0,"gold_gain":0,"player_choice":"Ignored","damage_taken":0,"max_hp_gain":0,"max_hp_loss":0,"event_name":"Vampires","floor":25,"gold_loss":0}],"is_beta":false,"boss_relics":[{"not_picked":["Black Star","Snecko Eye"],"picked":"Coffee Dripper"}],"items_purged_floors":[11,22],"is_endless":false,"potions_floor_spawned":[13,14,16,28,30],"killed_by":"Collector","ascension_level":20}}