{"host":"n529wyrjhujcvty3","time":1608219832,"event":{"mods":["2.2 Compatiblity","Act Like it!","BaseMod","Better Third Choice","Lobotomy","Marisa¡]Ãú«B¡@Å]²z¨F¡^","Minty Spire (QoL Compilation)","Shop Mod","StSLib","Td1madao Mod","The Runesmith"],"gold_per_floor":[116,41,53,72,72,72,106,106,106,56,56,56,56,81,81,81,81],"floor_reached":16,"playtime":804,"items_purged":["Strike_R"],"score":123,"play_id":"d992a0b4-f6e8-414a-80c3-ed3ff644d393","local_time":"20201217234352","is_ascension_mode":true,"campfire_choices":[{"data":"Power Through","floor":6.0,"key":"SMITH"},{"data":"Metallicize","floor":8,"key":"SMITH"},{"data":"Bash","floor":11,"key":"SMITH"},{"data":"Sever Soul","floor":15,"key":"SMITH"}],"circlet_count":0,"master_deck":["Strike_R","Strike_R","Strike_R","Defend_R","Defend_R","Defend_R","Defend_R","Bash+1","Armaments+1","Power Through+1","Feel No Pain+1","Metallicize+1","Sever Soul+1"],"relics":["Burning Blood","Orichalcum","White Beast Statue","Self Forming Clay","Golden Idol"],"acts_visited":["Exordium"],"potions_floor_usage":[7,7],"damage_taken":[{"damage":8.0,"enemies":"Small Slimes","floor":1.0,"turns":3.0},{"damage":14.0,"enemies":"Jaw Worm","floor":3.0,"turns":5.0},{"damage":7.0,"enemies":"2 Louse","floor":4.0,"turns":4.0},{"damage":13,"enemies":"Lagavulin","floor":7,"turns":8},{"damage":0,"enemies":"Blue Slaver","floor":14,"turns":6},{"damage":34,"enemies":"Hexaghost","floor":16,"turns":12}],"seed_played":"-4183273042831247162","potions_obtained":[{"floor":1.0,"key":"Swift Potion"},{"floor":4.0,"key":"DistilledChaos"},{"floor":14,"key":"Block Potion"}],"is_trial":false,"path_per_floor":["M","$","M","M","?","R","E","R","T","?","R","?","$","M","R","B"],"character_chosen":"IRONCLAD","items_purchased":[],"campfire_rested":0,"item_purchase_floors":[],"current_hp_per_floor":[78,78,70,69,53,53,46,46,46,46,46,26,26,32,32,0,0],"gold":81,"neow_bonus":"RANDOM_COMMON_RELIC","is_daily":false,"chose_seed":false,"campfire_upgraded":4,"win_rate":0.0,"timestamp":1608219832,"path_taken":["M","$","M","M","?","R","E","R","T","?","R","?","?","M","R","BOSS"],"items_purchased_type":[],"build_version":"2020-12-13","purchased_purges":1,"victory":false,"max_hp_per_floor":[80,80,80,80,80,80,80,80,80,80,80,80,80,80,80,80,80],"card_choices":[{"not_picked":["Battle Trance","Sword Boomerang"],"picked":"Armaments","floor":1.0},{"not_picked":["True Grit","Sword Boomerang"],"picked":"Power Through","floor":3.0},{"not_picked":["Disarm","Pommel Strike"],"picked":"Feel No Pain","floor":4.0},{"not_picked":["Anger","Corruption"],"picked":"Metallicize","floor":7},{"not_picked":["Wild Strike","Shrug It Off"],"picked":"Sever Soul","floor":14}],"player_experience":368838,"relics_obtained":[{"floor":7,"key":"White Beast Statue"},{"floor":9,"key":"Self Forming Clay"}],"event_choices":[{"damage_healed":69.0,"max_hp_gain":0.0,"max_hp_loss":80.0,"gold_gain":0.0,"event_name":"betterThird:BetterShining","player_choice":"Upgrade","floor":5.0,"gold_loss":0.0,"damage_taken":16.0,"cards_upgraded":["Feel No Pain","Armaments"]},{"cards_removed":["Strike_R"],"damage_healed":0,"gold_gain":0,"player_choice":"Card Removal","damage_taken":0,"max_hp_gain":0,"max_hp_loss":0,"event_name":"The Cleric","floor":10,"gold_loss":50},{"damage_healed":0,"gold_gain":0,"player_choice":"Take Damage","damage_taken":20,"relics_obtained":["Golden Idol"],"max_hp_gain":0,"max_hp_loss":0,"event_name":"Golden Idol","floor":12,"gold_loss":0}],"is_beta":false,"boss_relics":[],"items_purged_floors":[2],"is_endless":false,"potions_floor_spawned":[1,4,14],"killed_by":"Hexaghost","ascension_level":5}}