{"host":"lhth1efayex2023z","time":1608245074,"event":{"mods":["BaseMod","Colored Map","Googly Eyes","Minty Spire (QoL Compilation)","StSLib"],"gold_per_floor":[116,116,40,50,68,103,120,153,180,180,21,55,55,75,75,172,172,190,56,155,167,186,186,186],"floor_reached":23,"playtime":1136,"items_purged":["Strike_B","Strike_B"],"score":338,"play_id":"d902250b-63c8-4245-88a3-3f813e9307d7","local_time":"20201217154434","is_ascension_mode":true,"campfire_choices":[{"data":"Zap","floor":10,"key":"SMITH"},{"data":"Redo","floor":13,"key":"SMITH"},{"data":"Scrape","floor":15,"key":"SMITH"}],"circlet_count":0,"master_deck":["AscendersBane","Defend_B","Defend_B","Defend_B","Defend_B","Zap+1","Dualcast","Rebound","Aggregate","Redo+1","Barrage","Ball Lightning","Auto Shields","Static Discharge","Scrape+1","Streamline","Go for the Eyes","Finesse","Steam","Echo Form","Gash","FTL","Streamline","Gash"],"relics":["Cracked Core","Eternal Feather","Regal Pillow","Omamori","Oddly Smooth Stone","Cursed Key"],"acts_visited":["TheCity"],"potions_floor_usage":[8,8,22],"damage_taken":[{"damage":12,"enemies":"Small Slimes","floor":1,"turns":3},{"damage":0,"enemies":"Cultist","floor":4,"turns":2},{"damage":0,"enemies":"2 Louse","floor":5,"turns":2},{"damage":15,"enemies":"Lagavulin","floor":6,"turns":5},{"damage":2,"enemies":"Large Slime","floor":7,"turns":5},{"damage":8,"enemies":"3 Sentries","floor":8,"turns":5},{"damage":21,"enemies":"Lagavulin","floor":12,"turns":4},{"damage":3,"enemies":"2 Fungi Beasts","floor":14,"turns":3},{"damage":26,"enemies":"The Guardian","floor":16,"turns":8},{"damage":11,"enemies":"Shell Parasite","floor":18,"turns":4},{"damage":0,"enemies":"Spheric Guardian","floor":21,"turns":3},{"damage":27,"enemies":"3 Cultists","floor":22,"turns":4},{"damage":15,"enemies":"Gremlin Leader","floor":23,"turns":2}],"seed_played":"-8184056137690654569","potions_obtained":[{"floor":6,"key":"BlessingOfTheForge"},{"floor":7,"key":"SkillPotion"},{"floor":8,"key":"PotionOfCapacity"},{"floor":12,"key":"DuplicationPotion"},{"floor":18,"key":"PowerPotion"},{"floor":22,"key":"Dexterity Potion"}],"is_trial":false,"path_per_floor":["M","?","$","M","M","E","M","E","T","R","$","E","R","M","R","B",null,"M","$","?","M","M","E"],"character_chosen":"DEFECT","items_purchased":["Barrage","Ball Lightning","Finesse","FTL"],"campfire_rested":0,"item_purchase_floors":[3,3,11,19],"current_hp_per_floor":[56,56,56,56,56,41,39,31,31,40,40,19,28,25,37,11,59,48,48,48,48,21,6,6],"gold":186,"neow_bonus":"TRANSFORM_TWO_CARDS","is_daily":false,"chose_seed":false,"campfire_upgraded":3,"win_rate":0.0,"timestamp":1608245074,"path_taken":["M","?","$","?","M","E","M","E","T","R","$","E","R","M","R","BOSS","M","$","?","M","M","E"],"items_purchased_type":["Card","Card","Card","Card"],"build_version":"2020-12-13","purchased_purges":2,"victory":false,"max_hp_per_floor":[75,75,75,75,75,75,75,75,75,75,75,75,75,75,75,75,75,75,75,75,75,75,75,75],"card_choices":[{"not_picked":["Beam Cell","Barrage"],"picked":"Redo","floor":1},{"not_picked":["Fusion","Tempest"],"picked":"Auto Shields","floor":4},{"not_picked":["Recycle","Undo"],"picked":"Static Discharge","floor":5},{"not_picked":["Leap","Reprogram"],"picked":"Scrape","floor":6},{"not_picked":["Fusion","Reboot"],"picked":"Streamline","floor":7},{"not_picked":["Glacier","Sweeping Beam"],"picked":"Go for the Eyes","floor":8},{"not_picked":["Self Repair","Conserve Battery","Chaos"],"picked":"SKIP","floor":12},{"not_picked":["Loop","Force Field"],"picked":"Steam","floor":14},{"not_picked":["Rainbow","Thunder Strike"],"picked":"Echo Form","floor":16},{"not_picked":["Force Field+1","Auto Shields"],"picked":"Gash","floor":18},{"not_picked":["Leap","Streamline","Rebound"],"picked":"SKIP","floor":21},{"not_picked":["Leap","Rebound"],"picked":"Streamline","floor":21},{"not_picked":["Genetic Algorithm","Leap"],"picked":"Gash","floor":22}],"player_experience":360239,"relics_obtained":[{"floor":6,"key":"Eternal Feather"},{"floor":8,"key":"Regal Pillow"},{"floor":9,"key":"Omamori"},{"floor":12,"key":"Oddly Smooth Stone"}],"event_choices":[{"cards_removed":["Decay"],"damage_healed":0,"gold_gain":0,"player_choice":"Purged","damage_taken":0,"max_hp_gain":0,"max_hp_loss":0,"event_name":"Purifier","floor":2,"gold_loss":0},{"damage_healed":0,"gold_gain":99,"player_choice":"Stole From Cult","damage_taken":0,"max_hp_gain":0,"max_hp_loss":0,"event_name":"Nest","floor":20,"gold_loss":0}],"is_beta":false,"boss_relics":[{"not_picked":["SlaversCollar","SacredBark"],"picked":"Cursed Key"}],"items_purged_floors":[11,19],"is_endless":false,"potions_floor_spawned":[6,7,8,12,18,22],"killed_by":"Gremlin Leader","ascension_level":12}}