{"host":"iptgt7xajlx4idp5","time":1608174638,"event":{"mods":["BaseMod","Bestiary","Colored Map","Minty Spire (QoL Compilation)","Rare Cards Sparkle","Slay-I"],"gold_per_floor":[112,131,131,147,157,157,186,196,223,0,0,14,27,40,40,143,143,161,161,86,86],"floor_reached":20,"playtime":1259,"items_purged":["Strike_R"],"score":178,"play_id":"3d95d90e-1a54-47f5-8e3c-ff09a16b85bf","local_time":"20201216201038","is_ascension_mode":false,"campfire_choices":[{"data":"Armaments","floor":6,"key":"SMITH"},{"floor":15,"key":"REST"}],"circlet_count":0,"master_deck":["Strike_R","Strike_R","Strike_R","Defend_R","Defend_R","Defend_R","Clash","Cleave","Armaments+1","Dual Wield","Metallicize","Barricade","CurseOfTheBell","Strike_G"],"relics":["Burning Blood","Ancient Tea Set","Potion Belt","Regal Pillow","Calling Bell","Lantern","Kunai","FossilizedHelix"],"acts_visited":["Exordium","TheCity"],"potions_floor_usage":[7,7,16,16],"damage_taken":[{"damage":8,"enemies":"Cultist","floor":1,"turns":5},{"damage":6,"enemies":"2 Louse","floor":2,"turns":4},{"damage":6,"enemies":"Jaw Worm","floor":4,"turns":3},{"damage":0,"enemies":"Gremlin Gang","floor":5,"turns":4},{"damage":31,"enemies":"Lagavulin","floor":7,"turns":10},{"damage":2,"enemies":"Large Slime","floor":8,"turns":5},{"damage":30,"enemies":"Exordium Thugs","floor":12,"turns":6},{"damage":3,"enemies":"Red Slaver","floor":13,"turns":3},{"damage":5,"enemies":"Large Slime","floor":14,"turns":4},{"damage":36,"enemies":"Hexaghost","floor":16,"turns":9},{"damage":14,"enemies":"Spheric Guardian","floor":18,"turns":11},{"damage":29,"enemies":"2 Thieves","floor":20,"turns":5}],"seed_played":"-796250744372757789","potions_obtained":[{"floor":2,"key":"GamblersBrew"},{"floor":4,"key":"BloodPotion"},{"floor":12,"key":"PowerPotion"},{"floor":14,"key":"Block Potion"}],"is_trial":false,"path_per_floor":["M","M","?","M","M","R","E","M","T","$","?","M","M","M","R","B",null,"M","?","M"],"character_chosen":"IRONCLAD","items_purchased":["Regal Pillow"],"campfire_rested":1,"item_purchase_floors":[10],"current_hp_per_floor":[54,54,54,54,60,60,51,55,55,55,55,31,34,35,74,44,80,72,72,43,43],"gold":86,"neow_bonus":"REMOVE_TWO","is_daily":false,"chose_seed":false,"campfire_upgraded":1,"win_rate":0.0,"timestamp":1608174638,"path_taken":["M","M","?","M","M","R","E","M","T","$","?","M","M","M","R","BOSS","M","?","M"],"items_purchased_type":["Relic"],"build_version":"2020-12-13","purchased_purges":1,"victory":false,"max_hp_per_floor":[80,80,80,80,80,80,80,80,80,80,80,80,80,80,80,80,80,80,80,80,80],"card_choices":[{"not_picked":["Thunderclap","Flame Barrier"],"picked":"Clash","floor":1},{"not_picked":["Perfected Strike","Flex"],"picked":"Cleave","floor":2},{"not_picked":["Bludgeon","Pommel Strike"],"picked":"Armaments","floor":4},{"not_picked":["Havoc","Dropkick","Spot Weakness"],"picked":"SKIP","floor":5},{"not_picked":["Cleave","Thunderclap","Sword Boomerang"],"picked":"SKIP","floor":7},{"not_picked":["Pommel Strike","Sentinel","Whirlwind"],"picked":"SKIP","floor":8},{"not_picked":["Anger","Evolve","Burning Pact"],"picked":"SKIP","floor":12},{"not_picked":["Reaper","True Grit"],"picked":"Dual Wield","floor":13},{"not_picked":["Battle Trance","Evolve"],"picked":"Metallicize","floor":14},{"not_picked":["Corruption","Impervious"],"picked":"Barricade","floor":16},{"not_picked":["Pummel","Perfected Strike","Heavy Blade"],"picked":"SKIP","floor":18}],"player_experience":490603,"relics_obtained":[{"floor":7,"key":"Ancient Tea Set"},{"floor":9,"key":"Potion Belt"},{"floor":17,"key":"Lantern"},{"floor":17,"key":"Kunai"},{"floor":17,"key":"FossilizedHelix"}],"event_choices":[{"damage_healed":0,"gold_gain":0,"player_choice":"Fled","damage_taken":0,"max_hp_gain":0,"max_hp_loss":0,"event_name":"Scrap Ooze","floor":3,"gold_loss":0},{"damage_healed":0,"gold_gain":0,"player_choice":"Searched \u00271\u0027 times","damage_taken":0,"max_hp_gain":0,"max_hp_loss":0,"event_name":"Dead Adventurer","floor":11,"gold_loss":0},{"cards_removed":["Defend_R"],"damage_healed":0,"gold_gain":0,"player_choice":"Took Card","damage_taken":0,"max_hp_gain":0,"max_hp_loss":0,"event_name":"NoteForYourself","floor":19,"gold_loss":0,"cards_obtained":["Strike_G"]}],"is_beta":false,"boss_relics":[{"not_picked":["Busted Crown","Runic Dome"],"picked":"Calling Bell"}],"items_purged_floors":[10],"is_endless":false,"potions_floor_spawned":[2,4,12,14],"killed_by":"2 Thieves","ascension_level":0}}