{"host":"x1qj4d8ympd5jdqh","time":1608211849,"event":{"mods":["AchievementEnabler","AlwaysNeverKeys","BaseMod","Colored Map","Custom Start","DeckTracker","Highlight Path","Minty Spire (QoL Compilation)","StSLib","SuperFastMode"],"gold_per_floor":[209,134,134,209,43,43,63,74,97,114,131,48,48,58,58,131,131,141,31,49,49,63,63,74,124,124,124,124,124],"floor_reached":28,"playtime":507,"items_purged":[],"score":410,"play_id":"9accb6fb-9f66-4b80-903d-92a70b93256c","local_time":"20201217223049","is_ascension_mode":true,"campfire_choices":[{"data":"Zap","floor":6,"key":"SMITH"},{"data":"Static Discharge","floor":13,"key":"SMITH"},{"data":"Chaos","floor":15,"key":"SMITH"},{"floor":23,"key":"REST"},{"floor":27,"key":"REST"}],"circlet_count":0,"master_deck":["AscendersBane","Strike_B","Strike_B","Defend_B","Defend_B","Defend_B","Zap+1","Dualcast","Compile Driver","Tempest","Go for the Eyes","Cold Snap","Streamline+1","Chaos+1","Static Discharge+1","Biased Cognition","Blizzard","Conserve Battery","Defragment"],"relics":["Cracked Core","ClockworkSouvenir","Toy Ornithopter","Black Star","Pen Nib"],"acts_visited":["Exordium","TheCity"],"potions_floor_usage":[16,20,28],"damage_taken":[{"damage":4.0,"enemies":"Jaw Worm","floor":1.0,"turns":4.0},{"damage":0,"enemies":"2 Louse","floor":7,"turns":2},{"damage":8,"enemies":"Small Slimes","floor":8,"turns":3},{"damage":8,"enemies":"Red Slaver","floor":10,"turns":3},{"damage":5,"enemies":"3 Louse","floor":11,"turns":3},{"damage":14,"enemies":"Blue Slaver","floor":14,"turns":3},{"damage":18,"enemies":"Hexaghost","floor":16,"turns":6},{"damage":0,"enemies":"Spheric Guardian","floor":18,"turns":5},{"damage":17,"enemies":"2 Thieves","floor":20,"turns":3},{"damage":37,"enemies":"3 Cultists","floor":22,"turns":5},{"damage":25,"enemies":"Cultist and Chosen","floor":24,"turns":4},{"damage":29,"enemies":"Chosen and Byrds","floor":28,"turns":3}],"seed_played":"4269790563808687544","potions_obtained":[{"floor":7,"key":"FearPotion"},{"floor":11,"key":"SkillPotion"},{"floor":22,"key":"CultistPotion"},{"floor":24,"key":"FearPotion"}],"is_trial":false,"path_per_floor":["M","?","?","?","$","R","M","M","T","M","M","$","R","M","R","B",null,"M","?","M","?","M","R","M","?","T","R","M"],"character_chosen":"DEFECT","items_purchased":["ClockworkSouvenir","Static Discharge"],"campfire_rested":2,"item_purchase_floors":[5,12],"current_hp_per_floor":[60,60,60,49,49,49,49,41,41,33,28,28,28,14,14,1,54,54,54,42,42,5,26,1,1,1,22,0,0],"gold":124,"neow_bonus":"HUNDRED_GOLD","is_daily":false,"chose_seed":false,"campfire_upgraded":3,"win_rate":0.0,"timestamp":1608211849,"path_taken":["M","?","?","?","$","R","M","M","T","M","M","?","R","M","R","BOSS","M","?","?","?","M","R","M","?","T","R","M"],"items_purchased_type":["Relic","Card"],"build_version":"2020-12-13","purchased_purges":0,"victory":false,"max_hp_per_floor":[71,71,71,71,71,71,71,71,71,71,71,71,71,71,71,71,71,71,71,71,71,71,71,71,71,71,71,71,71],"card_choices":[{"not_picked":["Barrage","Gash"],"picked":"Compile Driver","floor":1.0},{"not_picked":["Beam Cell","Reprogram"],"picked":"Go for the Eyes","floor":7},{"not_picked":["Streamline","Leap"],"picked":"Cold Snap","floor":8},{"not_picked":["Stack","Consume"],"picked":"Streamline","floor":10},{"not_picked":["Rebound","Buffer"],"picked":"Chaos","floor":11},{"not_picked":["Gash","Stack","Streamline"],"picked":"SKIP","floor":14},{"not_picked":["Rainbow","Hyperbeam"],"picked":"Biased Cognition","floor":16},{"not_picked":["Steam Power","Beam Cell"],"picked":"Blizzard","floor":18},{"not_picked":["Cold Snap","Go for the Eyes"],"picked":"Conserve Battery","floor":20},{"not_picked":["Sweeping Beam+1","Leap"],"picked":"Defragment","floor":22},{"not_picked":["Streamline","Auto Shields","Cold Snap"],"picked":"SKIP","floor":24}],"player_experience":1235616,"relics_obtained":[{"floor":9,"key":"Toy Ornithopter"},{"floor":26,"key":"Pen Nib"}],"event_choices":[{"cards_removed":["Strike_B"],"damage_healed":0.0,"max_hp_gain":0.0,"max_hp_loss":0.0,"gold_gain":0.0,"event_name":"The Cleric","player_choice":"Card Removal","floor":2.0,"gold_loss":75.0,"damage_taken":0.0},{"damage_healed":0.0,"max_hp_gain":0.0,"max_hp_loss":0.0,"gold_gain":0.0,"cards_transformed":["Defend_B"],"event_name":"Living Wall","player_choice":"Change","floor":3.0,"gold_loss":0.0,"damage_taken":0.0,"cards_obtained":["Tempest"]},{"damage_healed":0.0,"max_hp_gain":0.0,"max_hp_loss":0.0,"gold_gain":75.0,"event_name":"World of Goop","player_choice":"Gather Gold","floor":4.0,"gold_loss":0.0,"damage_taken":11.0},{"cards_removed":["Strike_B"],"damage_healed":0,"gold_gain":0,"player_choice":"Upgrade and Remove","damage_taken":0,"max_hp_gain":0,"max_hp_loss":0,"event_name":"Designer","floor":19,"gold_loss":110,"cards_upgraded":["Streamline"]},{"damage_healed":0,"gold_gain":50,"player_choice":"Stole From Cult","damage_taken":0,"max_hp_gain":0,"max_hp_loss":0,"event_name":"Nest","floor":25,"gold_loss":0}],"is_beta":false,"boss_relics":[{"not_picked":["Ectoplasm","Sozu"],"picked":"Black Star"}],"items_purged_floors":[],"is_endless":false,"potions_floor_spawned":[7,11,14,22,24],"killed_by":"Chosen and Byrds","ascension_level":19}}