{"host":"ar7ngit67p83lwvr","time":1608169246,"event":{"mods":["Act Like it!","BaseMod","Better Third Choice","Gensokyo","Hermit","Koishi","Minty Spire (QoL Compilation)","StSLib","The Cursed","The Servant 0.9.4"],"gold_per_floor":[109,39,39,52,52,52,83,97,178,204,204,204,204],"floor_reached":12,"playtime":608,"items_purged":[],"score":111,"play_id":"4b6e40aa-822f-4703-a314-b301ebdb592b","local_time":"20201216174046","is_ascension_mode":false,"campfire_choices":[{"data":"Eruption","floor":6,"key":"SMITH"},{"data":"Protect","floor":11,"key":"SMITH"}],"circlet_count":0,"master_deck":["Strike_P","Strike_P","Strike_P","Strike_P+1","Defend_P+1","Defend_P","Defend_P","Defend_P","Eruption+1","Vigilance","Protect+1","FearNoEvil","Gensokyo:CrescentMoonSlash","Halt","EmptyFist"],"relics":["PureWater","NeowsBlessing","Mango","Mummified Hand","Blue Candle","Thread and Needle"],"acts_visited":["Exordium"],"potions_floor_usage":[],"damage_taken":[{"damage":0,"enemies":"Gensokyo:Gryphon","floor":1,"turns":1},{"damage":0,"enemies":"Gensokyo:3_Fairies","floor":4,"turns":2},{"damage":0,"enemies":"Gensokyo:Cirno","floor":7,"turns":2},{"damage":0,"enemies":"Gensokyo:Python","floor":8,"turns":2},{"damage":13,"enemies":"Gensokyo:Mamizou","floor":10,"turns":6},{"damage":0,"enemies":"Gensokyo:Aya","floor":12,"turns":1}],"seed_played":"8787920212184264845","potions_obtained":[{"floor":1,"key":"Explosive Potion"},{"floor":4,"key":"Regen Potion"}],"is_trial":false,"path_per_floor":["M","?","?","M","?","R","E","M","T","E","R","?"],"character_chosen":"WATCHER","items_purchased":[],"campfire_rested":0,"item_purchase_floors":[],"current_hp_per_floor":[72,72,65,65,57,57,57,57,57,44,44,44,44],"gold":204,"neow_bonus":"THREE_ENEMY_KILL","is_daily":false,"chose_seed":false,"campfire_upgraded":2,"win_rate":0.0,"timestamp":1608169246,"path_taken":["M","?","?","?","?","R","E","M","T","E","R","?"],"items_purchased_type":[],"build_version":"2020-12-13","purchased_purges":0,"victory":false,"max_hp_per_floor":[72,72,86,86,86,86,86,86,86,86,86,86,86],"card_choices":[{"not_picked":["Tantrum","ThirdEye"],"picked":"Protect","floor":1},{"not_picked":["Collect","Crescendo"],"picked":"FearNoEvil","floor":4},{"not_picked":["Tantrum","BattleHymn"],"picked":"Halt","floor":7},{"not_picked":["EmptyBody","WheelKick"],"picked":"EmptyFist","floor":8},{"not_picked":["Worship","Collect","Protect"],"picked":"SKIP","floor":10}],"player_experience":161446,"relics_obtained":[{"floor":7,"key":"Mummified Hand"},{"floor":9,"key":"Blue Candle"},{"floor":10,"key":"Thread and Needle"}],"event_choices":[],"is_beta":false,"boss_relics":[],"items_purged_floors":[],"is_endless":false,"potions_floor_spawned":[1,4],"killed_by":"Gensokyo:Aya","ascension_level":0}}