{"host":"yplokfwlx8kpnt0a","time":1608199791,"event":{"mods":["2.2 Compatiblity","AchievementEnabler","Act Like it!","Aspiration","Astrologer","BaseMod","Beaked The Cultist","Better Altar","Better Match","Better Note","Better Sensory Stone","Better Skull","Better Synergies","Better Third Choice","BetterRewards","CCEM","ChefMod","Colored Powertips","Curses Come First","Downfall","Elementarium","Emptier Cage","Friendly Minions","Gensokyo","Googly Eyes","Hallownest","Hermit","Highlight Path","Hubris","Infinite Spire","JesterMod","Lobotomy","Menagerie","Mimic Mod","Minty Spire (QoL Compilation)","RNG Fix","Random Character Button","Rare Cards Sparkle","Relic Sorter","Replay The Spire","Retaliation","Robot Space Explorer","Shop Mod","Spicy Shops","Spikes Relics","StSLib","The Blue Laboratory","The Bug Knight","The Construct","The Cursed","The Forsaken","The Mystic","The Runesmith","TheVacant","Transform Curses","Wandering Minibosses"],"gold_per_floor":[1,1,1,117,117,42,42,67,53,84,100,114,47,74,88,183,183,33,59,87,87,87],"floor_reached":21,"playtime":4636,"items_purged":["hexamod:Strike","hexamod:Defend"],"score":332,"play_id":"2bbc1dbd-febc-4289-82ff-af6b80f0d843","local_time":"20201217030951","is_ascension_mode":false,"campfire_choices":[{"data":"Specialist","floor":1,"key":"SMITH"},{"floor":3,"key":"REST"},{"floor":5,"key":"RECALL"}],"circlet_count":0,"master_deck":["hexamod:Strike","hexamod:Strike+1","hexamod:Strike","hexamod:Defend","hexamod:Defend","hexamod:Sear","hexamod:Float","hexamod:ThirdSeal","Sadistic Nature+1","Specialist+1","Panache","hexamod:BacktrackSmack","hexamod:PowerFromBeyond","hexamod:FastForward+1","hexamod:Firestarter+1","hexamod:Hexaguard+1","hexamod:GhostOfSpirePast","hexamod:GhostOfSpirePast","hexamod:EtherealExpedition","hexamod:SearingWound","hexamod:SecondSeal","hexamod:SixthSeal","hexamod:WildfireWeapon+1","hexamod:UnlimitedPower","hexamod:EtherealExpedition+1","hexamod:SpectralSpark","hexamod:FourthSeal"],"relics":["MerchantsRug","Bottled Tornado","Gensokyo:CelestialsFlawlessClothing","CCEMRelics:TinyMinotavrHorn","PreservedInsect","Snack Pack","Snecko Eye","downfall:HeartBlessingRed","downfall:HeartBlessingGreen","infinitespire:Lychee Nut"],"acts_visited":["Gensokyo:Gensokyo","Gensokyo:Gensokyoer"],"potions_floor_usage":[8,8,13,13,14,19,20,21,21],"damage_taken":[{"damage":1,"enemies":"Gensokyo:Gryphon","floor":4,"turns":3},{"damage":22,"enemies":"Gensokyo:Cirno","floor":8,"turns":6},{"damage":0,"enemies":"downfall:FleeingMerchant","floor":9,"turns":4},{"damage":0,"enemies":"Gensokyo:Mamizou","floor":10,"turns":2},{"damage":0,"enemies":"Gensokyo:3_Fairies","floor":11,"turns":3},{"damage":6,"enemies":"Gensokyo:Python","floor":12,"turns":3},{"damage":1,"enemies":"downfall:FleeingMerchant","floor":13,"turns":4},{"damage":21,"enemies":"Gensokyo:3_Kodama","floor":14,"turns":4},{"damage":12,"enemies":"Gensokyo:Kitsune","floor":15,"turns":3},{"damage":94,"enemies":"downfall:Silent","floor":16,"turns":9},{"damage":29,"enemies":"Gensokyo:Reisen","floor":19,"turns":4},{"damage":0,"enemies":"Gensokyo:2_Gloops","floor":20,"turns":3},{"damage":132,"enemies":"Gensokyo:Tenshi","floor":21,"turns":6}],"seed_played":"5984511059778970900","potions_obtained":[{"floor":4,"key":"sneckomod:MuddlingPotion"},{"floor":11,"key":"Strength Potion"},{"floor":12,"key":"construct:ShiftPotion"},{"floor":16,"key":"DDmod:CleansePotion"},{"floor":18,"key":"Reflective Coating"},{"floor":18,"key":"blueLaboratory:PyrophylliteBrew"},{"floor":19,"key":"SkillPotion"}],"is_trial":false,"path_per_floor":["R","?","R","M","R","?","T","E","$","E","M","M","$","M","M","B",null,"R","E","M","E"],"character_chosen":"THE_SPIRIT","items_purchased":["MerchantsRug","hexamod:ThirdSeal","Sadistic Nature","Specialist","Panache","Bottled Tornado","hexamod:BacktrackSmack","blueLaboratory:BubblePotion","PreservedInsect","champ:CounterPotion"],"campfire_rested":1,"item_purchase_floors":[0,0,0,0,0,0,0,0,9,13],"current_hp_per_floor":[28,12,31,30,30,30,30,8,8,8,8,2,3,50,38,13,65,65,38,43,0,0],"gold":87,"neow_bonus":"","is_daily":false,"chose_seed":false,"campfire_upgraded":1,"win_rate":0.0,"timestamp":1608199791,"path_taken":["R","?","R","M","R","?","T","E","$","E","M","M","$","M","M","BOSS","R","E","M","E"],"items_purchased_type":["Relic","Card","Card","Card","Card","Relic","Card","Potion","Relic","Potion"],"build_version":"2020-12-13","purchased_purges":2,"victory":false,"max_hp_per_floor":[65,65,65,65,65,65,65,65,65,65,65,65,65,65,65,65,65,65,48,48,48,48],"card_choices":[{"not_picked":["hexamod:HeatMetal","hexamod:DynamicBlow"],"picked":"hexamod:PowerFromBeyond","floor":4},{"not_picked":["hexamod:RadiantFlame","hexamod:ThermalTransfer","hexamod:GhostShield"],"picked":"SKIP","floor":4},{"not_picked":["hexamod:RainOfEmbers+1","hexamod:Firestarter+1"],"picked":"hexamod:FastForward+1","floor":6},{"not_picked":["hexamod:BurningTouch+1","hexamod:GhostLash+1"],"picked":"hexamod:Firestarter+1","floor":6},{"not_picked":["hexamod:Firestarter+1","hexamod:SpectersWail+1"],"picked":"hexamod:Hexaguard+1","floor":6},{"not_picked":["hexamod:GhostLash","hexamod:HauntingEcho","hexamod:HeatMetal"],"picked":"SKIP","floor":8},{"not_picked":["hexamod:AdvancingGuard","hexamod:HauntingEcho","hexamod:EtherealExpedition"],"picked":"SKIP","floor":8},{"not_picked":["hexamod:SwordOfDarkness","hexamod:ThermalTransfer"],"picked":"hexamod:GhostOfSpirePast","floor":9},{"not_picked":["hexamod:Hexaguard","hexamod:Firestarter"],"picked":"hexamod:GhostOfSpirePast","floor":9},{"not_picked":["hexamod:EmpoweringStance","hexamod:NightmareGuise"],"picked":"hexamod:EtherealExpedition","floor":10},{"not_picked":["hexamod:ThermalTransfer","hexamod:Firestarter","hexamod:ShieldOfDarkness"],"picked":"SKIP","floor":11},{"not_picked":["hexamod:BurningTouch","hexamod:Firestarter","hexamod:SpectersWail"],"picked":"SKIP","floor":11},{"not_picked":["hexamod:SpectralAdrenaline","hexamod:ThermalTransfer"],"picked":"hexamod:SearingWound","floor":12},{"not_picked":["hexamod:BacktrackSmack","hexamod:HeatCrush","hexamod:Hexaguard"],"picked":"SKIP","floor":12},{"not_picked":["hexamod:SpectersWail","hexamod:InspiringFlames"],"picked":"hexamod:SecondSeal","floor":13},{"not_picked":["hexamod:SwordOfDarkness","hexamod:SpectersWail"],"picked":"hexamod:SixthSeal","floor":13},{"not_picked":["hexamod:ShieldOfDarkness","hexamod:ThermalTransfer","hexamod:ExtraCrispy"],"picked":"SKIP","floor":14},{"not_picked":["hexamod:RainOfEmbers","hexamod:RetreatToShadows","hexamod:InspiringFlames"],"picked":"SKIP","floor":14},{"not_picked":["hexamod:EtherealExpedition","hexamod:FastForward","hexamod:SpectersWail"],"picked":"SKIP","floor":15},{"not_picked":["hexamod:DynamicBlow","hexamod:Firestarter","hexamod:GhostLash"],"picked":"SKIP","floor":15},{"not_picked":["hexamod:ParanormalForm","hexamod:CrushingStance"],"picked":"hexamod:WildfireWeapon","floor":16},{"not_picked":["hexamod:CrushingStance","hexamod:GiftsFromTheDead"],"picked":"hexamod:UnlimitedPower","floor":16},{"not_picked":["hexamod:NightmareGuise","hexamod:BacktrackSmack+1"],"picked":"hexamod:EtherealExpedition+1","floor":19},{"not_picked":["hexamod:PhantomCloak+1","hexamod:AdvancingGuard"],"picked":"hexamod:SpectralSpark","floor":20},{"not_picked":["hexamod:AdvancingGuard+1","hexamod:BacktrackSmack"],"picked":"hexamod:FourthSeal","floor":20}],"player_experience":550062,"relics_obtained":[{"floor":8,"key":"CCEMRelics:TinyMinotavrHorn"},{"floor":10,"key":"Snack Pack"},{"floor":19,"key":"infinitespire:Lychee Nut"}],"event_choices":[{"damage_healed":0,"gold_gain":0,"player_choice":"3","damage_taken":0,"max_hp_gain":0,"max_hp_loss":0,"event_name":"betterMatch:BetterMatch","floor":6,"gold_loss":0,"cards_obtained":["betterMatch:CommonCard"]}],"is_beta":false,"boss_relics":[{"not_picked":["Tiny House","aspiration:FutureDiary"],"picked":"Snecko Eye"}],"items_purged_floors":[0,0],"is_endless":false,"potions_floor_spawned":[4,11,12,16,19],"killed_by":"Gensokyo:Tenshi","ascension_level":0}}