{"host":"2461dio7vetlq1z3","time":1608232157,"event":{"mods":["2.2 Compatiblity","AchievementEnabler","BaseMod","Better Third Choice","Hermit","Marisa????????","Minty Spire (QoL Compilation)","Relic Stats","Spicy Shops","StSLib","Waifu the Spire"],"gold_per_floor":[113,127,52,152,167,202,202,53,53,66,66,95,113,90,90,192,192,209,227,227,227,53,53,81,95,141,176,176,275,275,288,288,392,392,403,416,111,111,121,121,150,150,176,192,207,241,241,286,286,286,286,286,8,34,34],"floor_reached":56,"playtime":3415,"items_purged":["Strike_MRS","Strike_MRS","OpenUniverse"],"score":1802,"play_id":"f511a492-31fb-44e3-bc28-459542c79b68","local_time":"20201217200917","is_ascension_mode":true,"campfire_choices":[{"floor":7,"key":"REST"},{"data":"BlazeAway","floor":11,"key":"SMITH"},{"data":"MilkyWay","floor":15,"key":"SMITH"},{"data":"SprinkleStarSeal","floor":23,"key":"SMITH"},{"data":"Acceleration","floor":30,"key":"SMITH"},{"data":"6A","floor":32,"key":"SMITH"},{"data":"OortCloud","floor":40,"key":"SMITH"},{"floor":42,"key":"RECALL"},{"data":"Singularity","floor":47,"key":"SMITH"},{"data":"OortCloud","floor":49,"key":"SMITH"},{"data":"Acceleration","floor":52,"key":"SMITH"}],"circlet_count":0,"master_deck":["MasterSpark+1","UpSweep","CasketOfStar","StarBarrage+1","BlazeAway+1","SprinkleStarSeal+1","PowerUp+1","MilkyWay+1","Acceleration+1","MeteoricShower","6A","Acceleration+1","6A+1","PowerUp","EventHorizon+1","BinaryStars","MagicAbsorber","AlicesGift","StarlightTyphoon","Occultation","ManaConvection+1","OortCloud+1","Singularity+1","OortCloud+1","6A+1"],"relics":["MiniHakkero","Letter Opener","TheAbacus","Whetstone","Eternal Feather","Philosopher\u0027s Stone","Toy Ornithopter","Potion Belt","Vajra","Pandora\u0027s Box","MagicBroom","Oddly Smooth Stone","Orichalcum","CatCart","DollysMirror","Pantograph"],"acts_visited":["Exordium","TheCity","TheBeyond","TheEnding"],"potions_floor_usage":[6,6,12,12,12,25,27,44,44,46,50,54,55,55,55],"damage_taken":[{"damage":1,"enemies":"Cultist","floor":1,"turns":4},{"damage":9,"enemies":"2 Louse","floor":2,"turns":3},{"damage":10,"enemies":"Small Slimes","floor":5,"turns":3},{"damage":10,"enemies":"Gremlin Nob","floor":6,"turns":3},{"damage":7,"enemies":"Looter","floor":10,"turns":3},{"damage":0,"enemies":"Lagavulin","floor":12,"turns":4},{"damage":9,"enemies":"Exordium Thugs","floor":13,"turns":5},{"damage":0,"enemies":"Slime Boss","floor":16,"turns":4},{"damage":6,"enemies":"3 Byrds","floor":18,"turns":3},{"damage":1,"enemies":"Shell Parasite","floor":19,"turns":3},{"damage":0,"enemies":"Gremlin Leader","floor":24,"turns":5},{"damage":4,"enemies":"Centurion and Healer","floor":25,"turns":5},{"damage":6,"enemies":"Book of Stabbing","floor":27,"turns":3},{"damage":9,"enemies":"Snecko","floor":31,"turns":5},{"damage":5,"enemies":"Collector","floor":33,"turns":5},{"damage":7,"enemies":"3 Darklings","floor":35,"turns":4},{"damage":21,"enemies":"3 Shapes","floor":36,"turns":3},{"damage":0,"enemies":"Sphere and 2 Shapes","floor":39,"turns":3},{"damage":5,"enemies":"Nemesis","floor":41,"turns":5},{"damage":1,"enemies":"Spire Growth","floor":44,"turns":3},{"damage":0,"enemies":"Transient","floor":45,"turns":5},{"damage":17,"enemies":"Reptomancer","floor":46,"turns":4},{"damage":0,"enemies":"Orin","floor":48,"turns":6},{"damage":36,"enemies":"Time Eater","floor":50,"turns":8},{"damage":73,"enemies":"Shield and Spear","floor":54,"turns":5},{"damage":69,"enemies":"The Heart","floor":55,"turns":9}],"seed_played":"-8832648337852625371","potions_obtained":[{"floor":1,"key":"EntropicBrew"},{"floor":2,"key":"LiquidMemories"},{"floor":5,"key":"BottledSpark"},{"floor":10,"key":"Regen Potion"},{"floor":16,"key":"DistilledChaos"},{"floor":19,"key":"CultistPotion"},{"floor":27,"key":"DistilledChaos"},{"floor":33,"key":"FearPotion"},{"floor":35,"key":"BlessingOfTheForge"},{"floor":39,"key":"Swift Potion"},{"floor":45,"key":"Weak Potion"},{"floor":46,"key":"Ancient Potion"},{"floor":54,"key":"Fruit Juice"}],"is_trial":false,"path_per_floor":["M","M","$","?","M","E","R","$","T","M","R","E","M","$","R","B",null,"M","M","?","?","$","R","E","M","T","E","?","?","R","M","R","B",null,"M","M","$","?","M","R","E","R","T","M","M","E","R","?","R","B",null,"R","$","E","B",null],"character_chosen":"MARISA","items_purchased":["TheAbacus","6A","6A","PowerUp","MagicBroom","DollysMirror"],"campfire_rested":1,"item_purchase_floors":[8,14,22,22,37,53],"current_hp_per_floor":[67,58,58,58,48,38,60,60,60,53,53,65,56,56,65,65,73,67,66,52,52,52,64,64,65,65,64,64,64,76,67,79,74,79,72,51,51,51,51,63,58,70,70,79,79,67,79,79,80,49,72,80,80,12,17],"gold":34,"neow_bonus":"ONE_RANDOM_RARE_CARD","is_daily":false,"chose_seed":false,"campfire_upgraded":9,"win_rate":0.0,"timestamp":1608232157,"path_taken":["M","?","$","?","M","E","R","$","T","M","R","E","M","?","R","BOSS","M","?","?","?","$","R","E","?","T","E","?","?","R","M","R","BOSS","M","M","$","?","M","R","E","R","T","M","M","E","R","?","R","BOSS","R","$","E","BOSS"],"items_purchased_type":["Relic","Card","Card","Card","Relic","Relic"],"build_version":"2020-12-13","purchased_purges":3,"victory":true,"max_hp_per_floor":[75,75,75,75,75,75,75,75,75,75,75,75,75,75,75,75,75,75,75,80,80,80,80,80,80,80,80,80,80,80,80,80,80,80,80,80,80,80,80,80,80,80,80,80,80,80,80,80,80,80,80,80,80,80,85],"relic_stats":{"TheAbacus":[192],"counters":[26,113],"Pantograph":25,"Eternal Feather":90,"Pandora\u0027s Box":["MagicAbsorber","GasGiant","AlicesGift","StarlightTyphoon","OpenUniverse","Occultation"],"Letter Opener":[322],"Whetstone":["MasterSpark","StarBarrage"],"Orichalcum":[36],"obtain_stats":[{"Potion Belt":26,"MagicBroom":37,"Vajra":27,"Oddly Smooth Stone":41,"Eternal Feather":12,"Letter Opener":6,"Whetstone":9,"Orichalcum":46,"TheAbacus":8,"DollysMirror":53,"Pantograph":54,"Philosopher\u0027s Stone":17,"Pandora\u0027s Box":34,"MiniHakkero":0,"CatCart":48,"Toy Ornithopter":24},{"Potion Belt":12,"MagicBroom":17,"Vajra":13,"Oddly Smooth Stone":19,"Eternal Feather":6,"Letter Opener":4,"Whetstone":4,"Orichalcum":22,"TheAbacus":4,"DollysMirror":24,"Pantograph":25,"Philosopher\u0027s Stone":8,"Pandora\u0027s Box":15,"MiniHakkero":0,"CatCart":23,"Toy Ornithopter":11},{"Potion Belt":45,"MagicBroom":65,"Vajra":48,"Oddly Smooth Stone":73,"Eternal Feather":20,"Letter Opener":13,"Whetstone":13,"Orichalcum":85,"TheAbacus":13,"DollysMirror":99,"Pantograph":104,"Philosopher\u0027s Stone":29,"Pandora\u0027s Box":58,"MiniHakkero":0,"CatCart":91,"Toy Ornithopter":40}],"Toy Ornithopter":50},"card_choices":[{"not_picked":["MysteriousBeam","GrandCross"],"picked":"StarBarrage","floor":1},{"not_picked":["DC","SporeBomb"],"picked":"BlazeAway","floor":2},{"not_picked":["Acceleration","SporeBomb"],"picked":"SprinkleStarSeal","floor":5},{"not_picked":["ShootingEcho","ShootTheMoon"],"picked":"PowerUp","floor":6},{"not_picked":["UnstableBomb","DoubleSpark"],"picked":"MilkyWay","floor":10},{"not_picked":["DarkMatter","GrandCross"],"picked":"Acceleration","floor":12},{"not_picked":["BlazeAway","DarkMatter"],"picked":"MeteoricShower","floor":13},{"not_picked":["GalacticHalo","DC+1","ShootTheMoon"],"picked":"SKIP","floor":18},{"not_picked":["DeepEcoloBomb+1","GrandCross"],"picked":"Acceleration","floor":19},{"not_picked":["MachineGunSpark+1","IllusionStar+1","SprinkleStarSeal"],"picked":"SKIP","floor":24},{"not_picked":["PowerUp","6A","SporeBomb"],"picked":"SKIP","floor":25},{"not_picked":["GalacticHalo","OneTimeOff"],"picked":"EventHorizon+1","floor":27},{"not_picked":["Robbery+1","AsteroidBelt","ShootTheMoon"],"picked":"SKIP","floor":31},{"not_picked":["TreasureHunter","AbsoluteMagnitude"],"picked":"BinaryStars","floor":33},{"not_picked":["ShootingEcho+1","PropBag+1","MagicAbsorber+1"],"picked":"SKIP","floor":35},{"not_picked":["EnergyRecoil+1","LuminesStrike+1"],"picked":"ManaConvection+1","floor":36},{"not_picked":["ChargingUp","MachineGunSpark+1"],"picked":"OortCloud","floor":39},{"not_picked":["MachineGunSpark","PowerUp","SprinkleStarSeal+1"],"picked":"SKIP","floor":41},{"not_picked":["IllusionStar","BlazeAway+1","PropBag"],"picked":"SKIP","floor":44},{"not_picked":["EnergyFlow","GravityBeat"],"picked":"Singularity","floor":45},{"not_picked":["ManaConvection+1","DragonMeteor","IllusionStar"],"picked":"SKIP","floor":46},{"not_picked":["WitchLeyline","EarthLightRay+1"],"picked":"OortCloud","floor":48},{"not_picked":["StarlightTyphoon+1","DoubleSpark","WitchOfGreed+1"],"picked":"SKIP","floor":54}],"player_experience":794226,"relics_obtained":[{"floor":6,"key":"Letter Opener"},{"floor":9,"key":"Whetstone"},{"floor":12,"key":"Eternal Feather"},{"floor":24,"key":"Toy Ornithopter"},{"floor":26,"key":"Potion Belt"},{"floor":27,"key":"Vajra"},{"floor":41,"key":"Oddly Smooth Stone"},{"floor":46,"key":"Orichalcum"},{"floor":48,"key":"CatCart"},{"floor":54,"key":"Pantograph"}],"event_choices":[{"damage_healed":0,"gold_gain":100,"player_choice":"Pray","damage_taken":0,"max_hp_gain":0,"max_hp_loss":0,"event_name":"Golden Shrine","floor":4,"gold_loss":0},{"damage_healed":0,"gold_gain":0,"player_choice":"Shed Blood","damage_taken":19,"max_hp_gain":5,"max_hp_loss":0,"event_name":"Forgotten Altar","floor":20,"gold_loss":0},{"damage_healed":0,"gold_gain":0,"player_choice":"Upgraded","damage_taken":0,"max_hp_gain":0,"max_hp_loss":0,"event_name":"Upgrade Shrine","floor":21,"gold_loss":0,"cards_upgraded":["PowerUp"]},{"damage_healed":0,"gold_gain":0,"player_choice":"Ignored","damage_taken":0,"max_hp_gain":0,"max_hp_loss":0,"event_name":"Vampires","floor":28,"gold_loss":0},{"damage_healed":0,"gold_gain":99,"player_choice":"Steal","damage_taken":0,"max_hp_gain":0,"max_hp_loss":0,"event_name":"betterThird:BetterNest","floor":29,"gold_loss":0},{"cards_removed":["GasGiant"],"damage_healed":0,"gold_gain":0,"player_choice":"Removed Skill","damage_taken":0,"max_hp_gain":0,"max_hp_loss":0,"event_name":"Falling","floor":38,"gold_loss":0},{"damage_healed":0,"gold_gain":0,"player_choice":"Fight","damage_taken":0,"max_hp_gain":0,"max_hp_loss":0,"event_name":"OrinTheCat","floor":48,"gold_loss":0}],"is_beta":false,"boss_relics":[{"not_picked":["Cursed Key","Tiny House"],"picked":"Philosopher\u0027s Stone"},{"not_picked":["SlaversCollar","Runic Dome"],"picked":"Pandora\u0027s Box"}],"items_purged_floors":[3,22,53],"is_endless":false,"potions_floor_spawned":[1,2,5,10,16,19,27,33,35,39,45,46,54],"ascension_level":9}}