{"host":"g8zw5beq5mqt80bj","time":1608210008,"event":{"mods":["2.2 Compatiblity","AchievementEnabler","BaseMod","Colored Map","Colored Powertips","DeckTracker","Highlight Path","Minty Spire (QoL Compilation)","Quick Restart","Random Character Button","Rare Cards Sparkle"],"gold_per_floor":[112,112,130,60,74,74,93,121,148,173,173,196,196,215,215,345,645,670,683,683,683,697,697,697,736,817,831,831,931,945,960,960,1085,1085,1100,1114,437,455,455,455,455,475,525,525,23,38,53,72,72,72],"floor_reached":51,"playtime":3989,"items_purged":[],"score":688,"play_id":"321b66ec-d51c-443c-ab45-4c8e76cced9a","local_time":"20201217140008","is_ascension_mode":false,"campfire_choices":[{"data":"Eruption","floor":6,"key":"SMITH"},{"floor":13,"key":"REST"},{"data":"BattleHymn","floor":15,"key":"SMITH"},{"data":"MasterReality","floor":23,"key":"SMITH"},{"floor":28,"key":"REST"},{"floor":32,"key":"REST"},{"floor":40,"key":"REST"},{"floor":44,"key":"REST"},{"floor":49,"key":"REST"}],"circlet_count":0,"master_deck":["Strike_P","Strike_P","Strike_P","Strike_P","Defend_P","Defend_P","Defend_P","Eruption+1","Vigilance","Finesse","ThirdEye","FlurryOfBlows","ReachHeaven","FearNoEvil","FlyingSleeves","CrushJoints","EmptyBody","BattleHymn+1","Prostrate","MasterReality+1","BowlingBash","Consecrate","Evaluate","Crescendo","JustLucky","FollowUp","FlurryOfBlows+1","Consecrate","Establishment","ClearTheMind+1","JustLucky","Prostrate","Protect","Tantrum+1","SandsOfTime+1","JustLucky+1","Prostrate","Weave+1","CutThroughFate+1","Halt"],"relics":["PureWater","Bag of Marbles","Damaru","Omamori","Golden Idol","Calling Bell","Bag of Preparation","Mummified Hand","Old Coin","Boot","Enchiridion","Red Mask","Singing Bowl","Fusion Hammer","Orichalcum","Molten Egg 2","Pen Nib","Oddly Smooth Stone","Gremlin Horn"],"acts_visited":["Exordium","TheCity","TheBeyond"],"potions_floor_usage":[10,10,22,25,27,50,50,50],"damage_taken":[{"damage":4,"enemies":"Cultist","floor":1,"turns":5},{"damage":0,"enemies":"2 Louse","floor":3,"turns":3},{"damage":0,"enemies":"Jaw Worm","floor":5,"turns":3},{"damage":3,"enemies":"Exordium Wildlife","floor":7,"turns":2},{"damage":6,"enemies":"Gremlin Nob","floor":8,"turns":3},{"damage":0,"enemies":"Lagavulin","floor":10,"turns":2},{"damage":0,"enemies":"Large Slime","floor":12,"turns":4},{"damage":3,"enemies":"3 Louse","floor":14,"turns":2},{"damage":49,"enemies":"Hexaghost","floor":16,"turns":9},{"damage":0,"enemies":"Spheric Guardian","floor":18,"turns":2},{"damage":3,"enemies":"3 Byrds","floor":19,"turns":4},{"damage":17,"enemies":"Centurion and Healer","floor":22,"turns":4},{"damage":5,"enemies":"Masked Bandits","floor":25,"turns":3},{"damage":1,"enemies":"Snake Plant","floor":27,"turns":2},{"damage":7,"enemies":"Snecko","floor":30,"turns":3},{"damage":0,"enemies":"Chosen and Byrds","floor":31,"turns":5},{"damage":60,"enemies":"Automaton","floor":33,"turns":7},{"damage":10,"enemies":"Orb Walker","floor":35,"turns":3},{"damage":3,"enemies":"3 Shapes","floor":36,"turns":2},{"damage":10,"enemies":"Spire Growth","floor":38,"turns":4},{"damage":11,"enemies":"Jaw Worm Horde","floor":42,"turns":3},{"damage":21,"enemies":"Sphere and 2 Shapes","floor":46,"turns":4},{"damage":18,"enemies":"4 Shapes","floor":47,"turns":3},{"damage":0,"enemies":"Writhing Mass","floor":48,"turns":4},{"damage":79,"enemies":"Awakened One","floor":50,"turns":7}],"seed_played":"6100025651522345317","potions_obtained":[{"floor":7,"key":"AttackPotion"},{"floor":8,"key":"AttackPotion"},{"floor":10,"key":"SkillPotion"},{"floor":12,"key":"SteroidPotion"},{"floor":19,"key":"FairyPotion"},{"floor":22,"key":"Fire Potion"},{"floor":27,"key":"Fruit Juice"},{"floor":36,"key":"Weak Potion"},{"floor":41,"key":"EntropicBrew"}],"is_trial":false,"path_per_floor":["M","?","M","$","M","R","M","E","T","E","?","M","R","M","R","B",null,"M","M","?","?","M","R","?","?","T","M","R","?","M","M","R","B",null,"M","M","$","M","?","R","?","M","T","R","$","M","M","M","R","B",null],"character_chosen":"WATCHER","items_purchased":["ReachHeaven","Orichalcum","Prostrate","Protect","Molten Egg 2","Tantrum+1","Ambrosia","Oddly Smooth Stone","Gremlin Horn","Prostrate","Weave+1"],"campfire_rested":6,"item_purchase_floors":[4,37,37,37,37,37,37,45,45,45,45],"current_hp_per_floor":[68,68,68,68,68,68,65,59,59,59,41,41,62,59,59,10,72,72,69,69,69,52,52,36,31,31,35,58,58,51,51,74,14,77,67,64,64,54,54,77,77,66,66,77,77,56,40,40,63,23],"gold":72,"neow_bonus":"RANDOM_COLORLESS","is_daily":false,"chose_seed":false,"campfire_upgraded":3,"win_rate":0.0,"timestamp":1608210008,"path_taken":["M","?","M","$","?","R","M","E","T","E","?","M","R","M","R","BOSS","M","M","?","?","?","R","?","?","T","M","R","?","?","M","R","BOSS","M","M","$","M","?","R","?","M","T","R","$","M","M","M","R","BOSS"],"items_purchased_type":["Card","Relic","Card","Card","Relic","Card","Potion","Relic","Relic","Card","Card"],"build_version":"2020-12-13","purchased_purges":0,"victory":true,"max_hp_per_floor":[72,72,72,72,72,72,72,72,72,72,72,72,72,72,72,72,72,72,72,72,72,72,72,72,72,72,77,77,77,77,77,77,77,77,77,77,77,77,77,77,77,77,77,77,77,77,79,79,79,79],"card_choices":[{"not_picked":["Madness","Discovery"],"picked":"Finesse","floor":0},{"not_picked":["Wallop","PathToVictory"],"picked":"ThirdEye","floor":1},{"not_picked":["BowlingBash","ForeignInfluence"],"picked":"FlurryOfBlows","floor":3},{"not_picked":["DeusExMachina","Perseverance"],"picked":"FearNoEvil","floor":5},{"not_picked":["CutThroughFate","ThirdEye"],"picked":"FlyingSleeves","floor":7},{"not_picked":["FlyingSleeves","Alpha"],"picked":"CrushJoints","floor":8},{"not_picked":["BowlingBash","WaveOfTheHand"],"picked":"EmptyBody","floor":10},{"not_picked":["EmptyFist","Consecrate"],"picked":"BattleHymn","floor":12},{"not_picked":["Swivel","Sanctity"],"picked":"Prostrate","floor":14},{"not_picked":["ConjureBlade","Scrawl"],"picked":"MasterReality","floor":16},{"not_picked":["Vengeance+1","Fasting2+1"],"picked":"BowlingBash","floor":18},{"not_picked":["TalkToTheHand","ThirdEye"],"picked":"Consecrate","floor":19},{"not_picked":["FlurryOfBlows","FlyingSleeves"],"picked":"Crescendo","floor":22},{"not_picked":["DeceiveReality+1","Evaluate"],"picked":"JustLucky","floor":25},{"not_picked":["Vault","FlyingSleeves"],"picked":"FollowUp","floor":27},{"not_picked":["ReachHeaven","SashWhip"],"picked":"FlurryOfBlows+1","floor":30},{"not_picked":["PathToVictory","CrushJoints"],"picked":"Consecrate","floor":31},{"not_picked":["Scrawl","ConjureBlade"],"picked":"Establishment","floor":33},{"not_picked":["CrushJoints","Evaluate+1"],"picked":"ClearTheMind+1","floor":35},{"not_picked":["ForeignInfluence","SashWhip+1"],"picked":"JustLucky","floor":36},{"not_picked":["WreathOfFlame","BowlingBash+1"],"picked":"SandsOfTime+1","floor":38},{"not_picked":["BattleHymn","Study+1"],"picked":"JustLucky+1","floor":42},{"not_picked":["BowlingBash+1","Consecrate+1"],"picked":"CutThroughFate+1","floor":46},{"not_picked":["SignatureMove+1","Nirvana+1","EmptyMind+1"],"picked":"Singing Bowl","floor":47},{"not_picked":["EmptyBody+1","Establishment"],"picked":"Halt","floor":48}],"player_experience":108195,"relics_obtained":[{"floor":8,"key":"Bag of Marbles"},{"floor":9,"key":"Damaru"},{"floor":10,"key":"Omamori"},{"floor":17,"key":"Bag of Preparation"},{"floor":17,"key":"Mummified Hand"},{"floor":17,"key":"Old Coin"},{"floor":24,"key":"Enchiridion"},{"floor":25,"key":"Red Mask"},{"floor":26,"key":"Singing Bowl"},{"floor":43,"key":"Pen Nib"}],"event_choices":[{"cards_removed":["Defend_P"],"damage_healed":0,"gold_gain":0,"player_choice":"Purged","damage_taken":0,"max_hp_gain":0,"max_hp_loss":0,"event_name":"Purifier","floor":2,"gold_loss":0},{"damage_healed":0,"gold_gain":0,"player_choice":"Take Damage","damage_taken":18,"relics_obtained":["Golden Idol"],"max_hp_gain":0,"max_hp_loss":0,"event_name":"Golden Idol","floor":11,"gold_loss":0},{"damage_healed":0,"gold_gain":0,"player_choice":"Read","damage_taken":0,"max_hp_gain":0,"max_hp_loss":0,"event_name":"The Library","floor":20,"gold_loss":0,"cards_obtained":["Evaluate"]},{"damage_healed":0,"gold_gain":0,"player_choice":"Opened","damage_taken":0,"relics_obtained":["Boot"],"max_hp_gain":0,"max_hp_loss":0,"event_name":"The Mausoleum","floor":21,"gold_loss":0},{"damage_healed":0,"gold_gain":0,"player_choice":"Obtained Book","damage_taken":16,"max_hp_gain":0,"max_hp_loss":0,"event_name":"Cursed Tome","floor":24,"gold_loss":0},{"damage_healed":0,"gold_gain":0,"player_choice":"Fought Bandits","damage_taken":0,"max_hp_gain":0,"max_hp_loss":0,"event_name":"Masked Bandits","floor":25,"gold_loss":0},{"damage_healed":0,"gold_gain":100,"player_choice":"Pray","damage_taken":0,"max_hp_gain":0,"max_hp_loss":0,"event_name":"Golden Shrine","floor":29,"gold_loss":0},{"damage_healed":0,"gold_gain":0,"player_choice":"Ignored","damage_taken":0,"max_hp_gain":0,"max_hp_loss":0,"event_name":"Mysterious Sphere","floor":39,"gold_loss":0},{"damage_healed":0,"gold_gain":0,"player_choice":"Got Potions","damage_taken":0,"max_hp_gain":0,"max_hp_loss":0,"event_name":"Lab","floor":41,"gold_loss":0}],"is_beta":false,"boss_relics":[{"not_picked":["Astrolabe","Runic Pyramid"],"picked":"Calling Bell"},{"not_picked":["Velvet Choker","Coffee Dripper"],"picked":"Fusion Hammer"}],"items_purged_floors":[],"is_endless":false,"potions_floor_spawned":[7,8,10,12,19,22,27,36,38,42,46],"ascension_level":0}}