{"host":"6vv0uythevi5qk1w","time":1608185904,"event":{"mods":["Act Like it!","BaseMod","Downfall","Gensokyo","Minty Spire (QoL Compilation)","Remilia£®¿Ÿ√◊¿Ú—«£©","Replay The Spire","StSLib"],"gold_per_floor":[112,131,131,149,166,198,198,229,229,9,26,26,26,26,26,26,26],"floor_reached":16,"playtime":761,"items_purged":["Strike_R"],"score":182,"play_id":"8d57a8a8-877b-47a3-a31e-e1977632f889","local_time":"20201217141824","is_ascension_mode":true,"campfire_choices":[{"floor":7,"key":"REST"},{"floor":13,"key":"REST"}],"circlet_count":0,"master_deck":["AscendersBane","Strike_R","Strike_R","Defend_R","Defend_R","Defend_R","Defend_R","Bash","Sword Boomerang","Dual Wield","Inflame","ReplayTheSpireMod:Muscle Training","Warcry+1","Thunderclap","Feed"],"relics":["Mark of Pain","PreservedInsect","Iron Hammer","Blue Candle","Regal Pillow"],"acts_visited":["Exordium"],"potions_floor_usage":[4,6,8,11],"damage_taken":[{"damage":13.0,"enemies":"Jaw Worm","floor":1.0,"turns":4.0},{"damage":1.0,"enemies":"Cultist","floor":2.0,"turns":3.0},{"damage":2,"enemies":"2 Louse","floor":4,"turns":2},{"damage":8,"enemies":"Blue Slaver","floor":5,"turns":3},{"damage":45,"enemies":"3 Sentries","floor":6,"turns":9},{"damage":24,"enemies":"Replay:BlueRogue","floor":8,"turns":8},{"damage":0,"enemies":"Looter","floor":11,"turns":2},{"damage":32,"enemies":"The Guardian","floor":16,"turns":4}],"seed_played":"6121241815171459547","potions_obtained":[{"floor":1.0,"key":"Fire Potion"},{"floor":3.0,"key":"DistilledChaos"},{"floor":6,"key":"Dexterity Potion"},{"floor":8,"key":"champ:CounterPotion"},{"floor":11,"key":"FairyPotion"}],"is_trial":false,"path_per_floor":["M","M","?","M","M","E","R","E","T","$","M","?","R","?","R","B"],"character_chosen":"IRONCLAD","items_purchased":["Regal Pillow"],"campfire_rested":2,"item_purchase_floors":[10],"current_hp_per_floor":[59,58,58,56,48,3,27,3,3,3,3,3,42,42,42,10,10],"gold":26,"neow_bonus":"BOSS_RELIC","is_daily":false,"chose_seed":false,"campfire_upgraded":0,"win_rate":0.0,"timestamp":1608185904,"path_taken":["M","M","?","?","M","E","R","E","T","$","M","?","R","?","R","BOSS"],"items_purchased_type":["Relic"],"build_version":"2020-12-13","purchased_purges":1,"victory":false,"max_hp_per_floor":[80,80,80,80,80,80,80,80,80,80,80,80,80,80,80,80,80],"card_choices":[{"not_picked":["Carnage","Flex"],"picked":"Sword Boomerang","floor":1.0},{"not_picked":["Havoc","Shockwave"],"picked":"Dual Wield","floor":2.0},{"not_picked":["Perfected Strike","Cleave","Headbutt"],"picked":"SKIP","floor":4},{"not_picked":["ReplayTheSpireMod:Strike From Hell","Sword Boomerang","True Grit"],"picked":"SKIP","floor":5},{"not_picked":["Heavy Blade","ReplayTheSpireMod:Limb From Limb"],"picked":"Limit Break","floor":6},{"not_picked":["Battle Trance","Sentinel"],"picked":"Inflame","floor":8},{"not_picked":["Iron Wave","Carnage"],"picked":"ReplayTheSpireMod:Muscle Training","floor":11}],"player_experience":379831,"relics_obtained":[{"floor":6,"key":"PreservedInsect"},{"floor":8,"key":"Iron Hammer"},{"floor":9,"key":"Blue Candle"}],"event_choices":[{"damage_healed":0.0,"max_hp_gain":0.0,"max_hp_loss":0.0,"gold_gain":0.0,"event_name":"Lab","player_choice":"Got Potions","floor":3.0,"gold_loss":0.0,"damage_taken":0.0},{"damage_healed":0,"gold_gain":0,"cards_transformed":["Strike_R"],"player_choice":"Change","damage_taken":0,"max_hp_gain":0,"max_hp_loss":0,"event_name":"Living Wall","floor":14,"gold_loss":0,"cards_obtained":["Thunderclap"]}],"is_beta":false,"boss_relics":[],"items_purged_floors":[10],"is_endless":false,"potions_floor_spawned":[1,6,8,11],"killed_by":"The Guardian","ascension_level":13}}