{"host":"sav7uxregyirlf69","time":1608210593,"event":{"mods":["AchievementEnabler","BaseMod","Colored Map","DeckTracker","Keyboard Shortcuts","Minty Spire (QoL Compilation)","READ ME - Guardian Mod","StSLib","SuperFastMode"],"gold_per_floor":[115,40,40,40,40,79,79,94,94,126,151,88,100,126,138,240,252,283,310,322,182,107,151,201,241,294,294,294],"floor_reached":27,"playtime":375,"items_purged":["Strike_R","Strike_R"],"score":548,"play_id":"428f540f-7ee2-41ff-a0de-e95e3ab47766","local_time":"20201217220953","is_ascension_mode":true,"campfire_choices":[{"data":"Blood for Blood","floor":7,"key":"SMITH"},{"data":"Battle Trance","floor":15,"key":"SMITH"}],"circlet_count":0,"master_deck":["AscendersBane","Strike_R+1","Defend_R","Defend_R","Defend_R","Defend_R","Bash","Wild Strike+1","Blood for Blood+1","Bloodletting","Battle Trance+1","Flame Barrier","Armaments+1","Body Slam","Hemokinesis","Clumsy"],"relics":["Burning Blood","NeowsBlessing","Golden Idol","HornCleat","MawBank","Cursed Key","Nunchaku","Bronze Scales"],"acts_visited":["Exordium","TheCity"],"potions_floor_usage":[16,23],"damage_taken":[{"damage":0,"enemies":"2 Louse","floor":1,"turns":1},{"damage":0,"enemies":"3 Sentries","floor":6,"turns":1},{"damage":0,"enemies":"Jaw Worm","floor":8,"turns":1},{"damage":0,"enemies":"Small Slimes","floor":10,"turns":2},{"damage":4,"enemies":"Looter","floor":11,"turns":2},{"damage":5,"enemies":"Exordium Wildlife","floor":14,"turns":4},{"damage":37,"enemies":"Slime Boss","floor":16,"turns":7},{"damage":3,"enemies":"Spheric Guardian","floor":18,"turns":3},{"damage":6,"enemies":"Shell Parasite","floor":19,"turns":4},{"damage":12,"enemies":"Gremlin Leader","floor":23,"turns":4},{"damage":35,"enemies":"Book of Stabbing","floor":25,"turns":6},{"damage":40,"enemies":"Cultist and Chosen","floor":27,"turns":4}],"seed_played":"-7180178352731204522","potions_obtained":[{"floor":6,"key":"BlessingOfTheForge"},{"floor":10,"key":"Energy Potion"},{"floor":16,"key":"AttackPotion"}],"is_trial":false,"path_per_floor":["M","$","?","?","?","E","R","M","T","M","M","?","?","M","R","B",null,"M","M","?","$","?","E","?","E","T","M"],"character_chosen":"IRONCLAD","items_purchased":["Body Slam"],"campfire_rested":0,"item_purchase_floors":[21],"current_hp_per_floor":[74,74,51,51,56,62,62,68,68,73,73,73,73,73,73,42,65,68,68,68,68,68,62,62,33,33,0,0],"gold":294,"neow_bonus":"THREE_ENEMY_KILL","is_daily":false,"chose_seed":false,"campfire_upgraded":2,"win_rate":0.0,"timestamp":1608210593,"path_taken":["M","$","?","?","?","E","R","?","T","M","M","?","?","M","R","BOSS","M","M","?","$","?","E","?","E","T","M"],"items_purchased_type":["Card"],"build_version":"2020-12-13","purchased_purges":2,"victory":false,"max_hp_per_floor":[75,75,75,68,73,73,73,73,73,73,73,73,73,73,73,73,73,73,73,73,73,73,73,73,73,73,73,73],"card_choices":[{"not_picked":["Armaments","Perfected Strike"],"picked":"Wild Strike","floor":1},{"not_picked":["Clash","Berserk"],"picked":"Blood for Blood","floor":6},{"not_picked":["Cleave","Pommel Strike"],"picked":"Bloodletting","floor":8},{"not_picked":["Intimidate","Heavy Blade","Rampage"],"picked":"SKIP","floor":10},{"not_picked":["Dropkick","Pommel Strike"],"picked":"Battle Trance","floor":11},{"not_picked":["Inflame","Wild Strike","Heavy Blade"],"picked":"SKIP","floor":14},{"not_picked":["Whirlwind","Havoc"],"picked":"Flame Barrier","floor":18},{"not_picked":["Whirlwind+1","Shockwave"],"picked":"Armaments+1","floor":19},{"not_picked":["True Grit","Perfected Strike","Sever Soul"],"picked":"SKIP","floor":23},{"not_picked":["Clothesline","Havoc"],"picked":"Hemokinesis","floor":25}],"player_experience":943225,"relics_obtained":[{"floor":6,"key":"HornCleat"},{"floor":9,"key":"MawBank"},{"floor":23,"key":"Nunchaku"},{"floor":25,"key":"Bronze Scales"}],"event_choices":[{"damage_healed":0,"gold_gain":0,"player_choice":"Entered Light","damage_taken":23,"max_hp_gain":0,"max_hp_loss":0,"event_name":"Shining Light","floor":3,"gold_loss":0,"cards_upgraded":["Wild Strike","Strike_R"]},{"damage_healed":0,"gold_gain":0,"player_choice":"Lose Max HP","damage_taken":0,"relics_obtained":["Golden Idol"],"max_hp_gain":0,"max_hp_loss":7,"event_name":"Golden Idol","floor":4,"gold_loss":0},{"damage_healed":0,"gold_gain":0,"player_choice":"Donut","damage_taken":0,"max_hp_gain":5,"max_hp_loss":0,"event_name":"Big Fish","floor":5,"gold_loss":0},{"cards_removed":["Strike_R"],"damage_healed":0,"gold_gain":0,"player_choice":"Card Removal","damage_taken":0,"max_hp_gain":0,"max_hp_loss":0,"event_name":"The Cleric","floor":12,"gold_loss":75},{"damage_healed":0,"gold_gain":0,"player_choice":"Ignored","damage_taken":0,"max_hp_gain":0,"max_hp_loss":0,"event_name":"Liars Game","floor":13,"gold_loss":0},{"damage_healed":0,"gold_gain":0,"player_choice":"Ignored","damage_taken":0,"max_hp_gain":0,"max_hp_loss":0,"event_name":"Vampires","floor":20,"gold_loss":0},{"cards_removed":["Strike_R"],"damage_healed":0,"gold_gain":0,"player_choice":"Gave Gold","damage_taken":0,"max_hp_gain":0,"max_hp_loss":0,"event_name":"Beggar","floor":22,"gold_loss":75},{"damage_healed":0,"gold_gain":50,"player_choice":"Stole From Cult","damage_taken":0,"max_hp_gain":0,"max_hp_loss":0,"event_name":"Nest","floor":24,"gold_loss":0}],"is_beta":false,"boss_relics":[{"not_picked":["Ectoplasm","SlaversCollar"],"picked":"Cursed Key"}],"items_purged_floors":[2,21],"is_endless":false,"potions_floor_spawned":[6,10,16,18],"killed_by":"Cultist and Chosen","ascension_level":20}}