{"host":"5w5nlj9te6rhm47m","time":1608215997,"event":{"mods":["BaseMod","Downfall","Hermit","Minty Spire (QoL Compilation)","Replay The Spire","Shop Mod","StSLib"],"gold_per_floor":[99,134,196,208,220,248,260,284,296,333,363,6,24,39,57,57,57],"floor_reached":16,"playtime":788,"items_purged":[],"score":134,"play_id":"91251b6a-9fe0-4217-ab3d-c21f79a91d00","local_time":"20201217223957","is_ascension_mode":true,"campfire_choices":[{"data":"Slimebound:SelfFormingGoo","floor":1.0,"key":"SMITH"},{"floor":9.0,"key":"REST"}],"circlet_count":0,"master_deck":["Slimebound:Strike_Slimebound","Slimebound:Strike_Slimebound","Slimebound:Strike_Slimebound","Slimebound:Tackle","Slimebound:Defend_Slimebound","Slimebound:Defend_Slimebound","Slimebound:Defend_Slimebound","Slimebound:Defend_Slimebound","Slimebound:Split","Slimebound:CorrosiveSpit","Injury","Slimebound:SelfFormingGoo+1","Slimebound:SplitLeeching","Regret","Slimebound:Nibble","Slimebound:HauntingLick","Shame","Slimebound:AcidTongue","Slimebound:LeadByExample","Slimebound:SplitAcid","Slimebound:SplitBruiser","Slimebound:SamplingLick","Slimebound:Gluttony","Slimebound:SplitLeeching"],"relics":["Slimebound:AbsorbEndCombat","MawBank","Ring of Greed","Smiling Mask","Replay:Wax Seal","Replay:Bottled Snecko","Orichalcum","Blood Vial","Thread and Needle"],"acts_visited":["Exordium"],"potions_floor_usage":[16],"damage_taken":[{"damage":56.0,"enemies":"Gremlin Nob","floor":2.0,"turns":5.0},{"damage":16.0,"enemies":"Cultist","floor":6.0,"turns":4.0},{"damage":21.0,"enemies":"Jaw Worm","floor":8.0,"turns":3.0},{"damage":34.0,"enemies":"Replay:BlueRogue","floor":10.0,"turns":6.0},{"damage":0.0,"enemies":"2 Louse","floor":11.0,"turns":2.0},{"damage":12.0,"enemies":"downfall:FleeingMerchant","floor":12.0,"turns":4.0},{"damage":31,"enemies":"Exordium Thugs","floor":13,"turns":4},{"damage":29,"enemies":"Large Slime","floor":14,"turns":5},{"damage":12,"enemies":"3 Louse","floor":15,"turns":3},{"damage":78,"enemies":"downfall:Defect","floor":16,"turns":6}],"seed_played":"-365313696754575800","potions_obtained":[{"floor":2.0,"key":"LifebloodPotion"},{"floor":10.0,"key":"Explosive Potion"},{"floor":11.0,"key":"LifebloodPotion"},{"floor":15,"key":"SpeedPotion"}],"is_trial":false,"path_per_floor":["R","E","?","?","?","M","T","M","R","E","M","$","M","M","M","B"],"character_chosen":"SLIMEBOUND","items_purchased":["Thread and Needle","Slimebound:SplitBruiser"],"campfire_rested":1,"item_purchase_floors":[12,12],"current_hp_per_floor":[60,20,20,20,20,16,16,19,37,35,45,59,49,50,56,0,0],"gold":57,"neow_bonus":"THREE_RARE_CARDS","is_daily":false,"chose_seed":false,"campfire_upgraded":1,"win_rate":0.0,"timestamp":1608215997,"path_taken":["R","E","?","?","?","M","T","?","R","E","M","$","M","M","M","BOSS"],"items_purchased_type":["Relic","Card"],"build_version":"2020-12-13","purchased_purges":0,"victory":false,"max_hp_per_floor":[60,60,60,60,60,60,60,60,60,60,60,60,60,60,60,60,60],"card_choices":[{"not_picked":["Slimebound:TagTeam","Slimebound:RallyTheTroops"],"picked":"Slimebound:SelfFormingGoo","floor":0.0},{"not_picked":["Slimebound:LeechingTouch","Slimebound:FirmFortitude"],"picked":"Slimebound:SplitLeeching","floor":2.0},{"not_picked":["Slimebound:GoopSpray","Slimebound:ServeAndProtect"],"picked":"Slimebound:Nibble","floor":6.0},{"not_picked":["Slimebound:ViciousTackle","Slimebound:PressTheAttack"],"picked":"Slimebound:HauntingLick","floor":8.0},{"not_picked":["Slimebound:PrepareCrush","Slimebound:GoopSpray"],"picked":"Slimebound:AcidTongue","floor":10.0},{"not_picked":["Slimebound:TongueLash","Slimebound:AcidTongue"],"picked":"Slimebound:LeadByExample","floor":11.0},{"not_picked":["Slimebound:PressTheAttack","Slimebound:RainOfGoop"],"picked":"Slimebound:SplitAcid","floor":12.0},{"not_picked":["Slimebound:SlimeBarrage","Slimebound:FinishingTackle"],"picked":"Slimebound:SamplingLick","floor":13},{"not_picked":["Slimebound:ViciousTackle","Slimebound:ComboTackle"],"picked":"Slimebound:Gluttony","floor":14},{"not_picked":["Slimebound:TagTeam","Slimebound:SplitBruiser"],"picked":"Slimebound:SplitLeeching","floor":15}],"player_experience":169246,"relics_obtained":[{"floor":2.0,"key":"MawBank"},{"floor":3.0,"key":"Ring of Greed"},{"floor":3.0,"key":"Smiling Mask"},{"floor":3.0,"key":"Replay:Wax Seal"},{"floor":7.0,"key":"Orichalcum"},{"floor":10.0,"key":"Blood Vial"}],"event_choices":[{"damage_healed":0.0,"max_hp_gain":0.0,"max_hp_loss":0.0,"gold_gain":0.0,"event_name":"Big Fish","player_choice":"Box","floor":5.0,"gold_loss":0.0,"damage_taken":0.0,"relics_obtained":["Replay:Bottled Snecko"],"cards_obtained":["Regret"]}],"is_beta":false,"boss_relics":[],"items_purged_floors":[],"is_endless":false,"potions_floor_spawned":[2,10,11,15],"killed_by":"downfall:Defect","ascension_level":4}}