{"host":"5trcja4hacd149zc","time":1608177727,"event":{"mods":["BaseMod","Colored Map","GifTheSpireLib","Minty Spire (QoL Compilation)","Relic Stats","StSLib"],"gold_per_floor":[110,34,34,49,49,49,78,97,121,136,170,182,212,226,226,303,303,323,109,124,39,39,71,71,87,114,143,68,68,68,68,68,68,68],"floor_reached":33,"playtime":787,"items_purged":["Perfected Strike"],"score":656,"play_id":"d734e2e7-75c5-4368-8be3-9e27e85108f2","local_time":"20201216220207","is_ascension_mode":true,"campfire_choices":[{"data":"Bash","floor":6,"key":"SMITH"},{"data":"Rupture","floor":15,"key":"SMITH"},{"data":"Uppercut","floor":24,"key":"SMITH"},{"data":"Inflame","floor":30,"key":"SMITH"},{"data":"Combust","floor":32,"key":"SMITH"}],"circlet_count":0,"master_deck":["AscendersBane","Strike_R","Strike_R+1","Strike_R","Strike_R+1","Strike_R","Defend_R","Defend_R","Defend_R","Defend_R","Bash+1","Combust+1","Whirlwind+1","Ghostly Armor","Inflame+1","Dropkick","Flame Barrier","Carnage","Sword Boomerang","Rupture+1","Offering","Shrug It Off","Uppercut+1","Shrug It Off","Offering","Feel No Pain"],"relics":["Burning Blood","NeowsBlessing","Anchor","Art of War","Whetstone","Potion Belt","Coffee Dripper","Centennial Puzzle","Shovel","Paper Frog","Pear","Toy Ornithopter","Ancient Tea Set"],"acts_visited":["Exordium","TheCity"],"potions_floor_usage":[13,20,23,27,27,33],"damage_taken":[{"damage":0,"enemies":"2 Louse","floor":1,"turns":1},{"damage":0,"enemies":"Cultist","floor":4,"turns":1},{"damage":0,"enemies":"Lagavulin","floor":7,"turns":1},{"damage":2,"enemies":"Jaw Worm","floor":8,"turns":3},{"damage":8,"enemies":"Blue Slaver","floor":10,"turns":3},{"damage":6,"enemies":"3 Sentries","floor":11,"turns":4},{"damage":2,"enemies":"Large Slime","floor":12,"turns":4},{"damage":8,"enemies":"Gremlin Nob","floor":13,"turns":3},{"damage":4,"enemies":"Exordium Wildlife","floor":14,"turns":3},{"damage":53,"enemies":"The Guardian","floor":16,"turns":8},{"damage":0,"enemies":"Chosen","floor":18,"turns":3},{"damage":7,"enemies":"Shell Parasite","floor":20,"turns":3},{"damage":53,"enemies":"Book of Stabbing","floor":23,"turns":5},{"damage":23,"enemies":"3 Cultists","floor":25,"turns":4},{"damage":18,"enemies":"Slavers","floor":27,"turns":4},{"damage":41,"enemies":"Collector","floor":33,"turns":3}],"seed_played":"5977678466929517452","potions_obtained":[{"floor":4,"key":"SpeedPotion"},{"floor":7,"key":"DistilledChaos"},{"floor":8,"key":"LiquidMemories"},{"floor":13,"key":"LiquidBronze"},{"floor":16,"key":"Energy Potion"},{"floor":25,"key":"DuplicationPotion"},{"floor":27,"key":"BloodPotion"}],"is_trial":false,"path_per_floor":["M","$","?","M","$","R","E","M","T","M","E","M","E","M","R","B",null,"M","$","M","?","T","E","R","M","T","E","$","$","R","?","R","B"],"character_chosen":"IRONCLAD","items_purchased":["Whirlwind","Uppercut","Centennial Puzzle"],"campfire_rested":0,"item_purchase_floors":[2,19,19],"current_hp_per_floor":[74,74,74,75,75,75,75,75,75,73,73,75,73,75,75,28,63,69,69,68,68,68,31,31,14,14,12,12,12,12,12,12,0,0],"gold":68,"neow_bonus":"THREE_ENEMY_KILL","is_daily":false,"chose_seed":false,"campfire_upgraded":5,"win_rate":0.0,"timestamp":1608177727,"path_taken":["M","$","?","M","$","R","E","M","T","?","E","M","E","M","R","BOSS","M","$","M","?","?","E","R","M","T","E","?","$","R","?","R","BOSS"],"items_purchased_type":["Card","Card","Relic"],"build_version":"2020-12-13","purchased_purges":1,"victory":false,"max_hp_per_floor":[75,75,75,75,75,75,75,75,75,75,75,75,75,75,75,75,75,75,75,75,75,75,85,85,85,85,85,85,85,85,85,85,85,85],"relic_stats":{"Centennial Puzzle":[15],"Shovel":0,"counters":[16,53],"Art of War":[3],"Whetstone":["Strike_R","Strike_R"],"obtain_stats":[{"Potion Belt":13,"Pear":23,"NeowsBlessing":0,"Whetstone":11,"Ancient Tea Set":27,"Burning Blood":0,"Anchor":7,"Centennial Puzzle":19,"Shovel":21,"Art of War":9,"Coffee Dripper":17,"Toy Ornithopter":26,"Paper Frog":22},{"Potion Belt":8,"Pear":13,"NeowsBlessing":0,"Whetstone":6,"Ancient Tea Set":15,"Burning Blood":0,"Anchor":3,"Centennial Puzzle":11,"Shovel":12,"Art of War":4,"Coffee Dripper":10,"Toy Ornithopter":14,"Paper Frog":12},{"Potion Belt":20,"Pear":42,"NeowsBlessing":0,"Whetstone":13,"Ancient Tea Set":50,"Burning Blood":0,"Anchor":3,"Centennial Puzzle":34,"Shovel":37,"Art of War":6,"Coffee Dripper":31,"Toy Ornithopter":46,"Paper Frog":37}],"Burning Blood":73,"Toy Ornithopter":15},"card_choices":[{"not_picked":["Headbutt","Hemokinesis"],"picked":"Combust","floor":1},{"not_picked":["Combust","Iron Wave"],"picked":"Ghostly Armor","floor":4},{"not_picked":["Combust","Exhume"],"picked":"Inflame","floor":7},{"not_picked":["Reckless Charge","Entrench"],"picked":"Dropkick","floor":8},{"not_picked":["Twin Strike","Dropkick"],"picked":"Flame Barrier","floor":10},{"not_picked":["Shrug It Off","True Grit"],"picked":"Carnage","floor":11},{"not_picked":["Dropkick","Anger"],"picked":"Sword Boomerang","floor":12},{"not_picked":["Sword Boomerang","Armaments"],"picked":"Rupture","floor":13},{"not_picked":["Thunderclap","Sword Boomerang"],"picked":"Perfected Strike","floor":14},{"not_picked":["Fiend Fire","Barricade"],"picked":"Offering","floor":16},{"not_picked":["Headbutt+1","Clothesline"],"picked":"Shrug It Off","floor":18},{"not_picked":["Anger","Burning Pact","Sentinel+1"],"picked":"SKIP","floor":20},{"not_picked":["Clash","Bloodletting"],"picked":"Shrug It Off","floor":23},{"not_picked":["Carnage+1","Headbutt+1"],"picked":"Offering","floor":25},{"not_picked":["Searing Blow","Carnage"],"picked":"Feel No Pain","floor":27}],"player_experience":746264,"relics_obtained":[{"floor":7,"key":"Anchor"},{"floor":9,"key":"Art of War"},{"floor":11,"key":"Whetstone"},{"floor":13,"key":"Potion Belt"},{"floor":22,"key":"Paper Frog"},{"floor":23,"key":"Pear"},{"floor":26,"key":"Toy Ornithopter"},{"floor":27,"key":"Ancient Tea Set"}],"event_choices":[{"damage_healed":0,"gold_gain":0,"player_choice":"Upgraded","damage_taken":0,"max_hp_gain":0,"max_hp_loss":0,"event_name":"Upgrade Shrine","floor":3,"gold_loss":0,"cards_upgraded":["Whirlwind"]},{"damage_healed":0,"gold_gain":0,"player_choice":"Obtained Relic","damage_taken":0,"relics_obtained":["Shovel"],"max_hp_gain":0,"max_hp_loss":0,"event_name":"Addict","floor":21,"gold_loss":85},{"damage_healed":0,"gold_gain":0,"player_choice":"Ignored","damage_taken":0,"max_hp_gain":0,"max_hp_loss":0,"event_name":"Ghosts","floor":31,"gold_loss":0}],"is_beta":false,"boss_relics":[{"not_picked":["Black Blood","Mark of Pain"],"picked":"Coffee Dripper"}],"items_purged_floors":[28],"is_endless":false,"potions_floor_spawned":[4,7,8,13,16,25,27],"killed_by":"Collector","ascension_level":20}}