{"host":"ku7h2vk4czvj6teb","time":1608214845,"event":{"mods":["2.2 Compatiblity","AchievementEnabler","Aspiration","BaseMod","Better Altar","Better Match","Better Note","Better Sensory Stone","Better Skull","Better Third Choice","Better Vampires","BetterRewards","Block Reminder","Colored Map","Colored Powertips","Conspire","Curses Come First","Downfall","Filter the Spire","Highlight Path","Hubris","Minty Spire (QoL Compilation)","Permanent Neow","Quick Restart","Rare Cards Sparkle","Relic Stats","Replay The Spire","Say the Spire","Shop Mod","Spicy Shops","StSLib","SuperFastMode","Swap Starting Deck Mod","Thieving Mod","Transform Curses","UnlockEverythingMod"],"gold_per_floor":[111,123,0,40,40,40,40],"floor_reached":6,"playtime":224,"items_purged":[],"score":34,"play_id":"f05df6a2-784b-41a1-8b38-3dda79854b9d","local_time":"20201217142045","is_ascension_mode":false,"campfire_choices":[],"circlet_count":0,"master_deck":["Strike_R","Strike_R","Strike_R","Strike_R","Strike_R","Defend_R","Defend_R","Defend_R","Defend_R","Bash","Clothesline","ReplayReversal","Enlightenment","Shrug It Off"],"relics":["Burning Blood","Thread and Needle"],"acts_visited":["Exordium"],"potions_floor_usage":[],"damage_taken":[{"damage":5,"enemies":"2 Louse","floor":1,"turns":3},{"damage":6,"enemies":"Jaw Worm","floor":2,"turns":4},{"damage":38,"enemies":"conspire:MimicChest","floor":4,"turns":11},{"damage":60,"enemies":"Lagavulin","floor":6,"turns":12}],"seed_played":"6843354033553901724","potions_obtained":[{"floor":2,"key":"BloodPotion"},{"floor":4,"key":"Languid Potion"}],"is_trial":false,"path_per_floor":["M","M","?","?","$","E"],"character_chosen":"IRONCLAD","items_purchased":[],"campfire_rested":0,"item_purchase_floors":[],"current_hp_per_floor":[80,80,86,54,54,0,0],"gold":40,"neow_bonus":"","is_daily":false,"chose_seed":false,"campfire_upgraded":0,"win_rate":0.0,"timestamp":1608214845,"path_taken":["M","M","?","?","$","E"],"items_purchased_type":[],"build_version":"2020-12-13","purchased_purges":0,"victory":false,"max_hp_per_floor":[80,80,86,86,86,86,86],"relic_stats":{"counters":[152,882],"obtain_stats":[{"hubris:CrystalStatue":19,"CeramicFish":28,"Vajra":22,"Ginger":4,"Whetstone":54,"Boot":26,"Blood Vial":6,"Sozu":17,"Lizard Tail":24,"HornCleat":30,"Strawberry":45,"MealTicket":9,"Philosopher\u0027s Stone":17,"HandDrill":0,"Kunai":0,"Replay:Wax Seal":47,"conspire:Dentures":3,"MerchantsRug":12,"conspire:TreasureMap":0,"Happy Flower":26,"ReplayTheSpireMod:CursedCoin":10,"Blue Candle":28,"Oddly Smooth Stone":8,"Pen Nib":0,"hubris:HollowSoul":34,"Charon\u0027s Ashes":53,"War Paint":10,"Question Card":0,"Akabeko":7,"aspiration:FrozenJewel":10,"WarpedTongs":3,"Replay:Baseball":26,"Bottled Flame":15,"Shuriken":23,"Ooze Armor":34,"Bird Faced Urn":0,"Bronze Scales":0,"Pandora\u0027s Box":17,"Simple Rune":47,"CultistMask":2,"Mark of Pain":34,"hubris:TenFootPole":7,"ReplayTheSpireMod:TigerMarble":30,"conspire:BottledYoYo":9,"hubris:ToyBattleship":23,"Grinning Jar":43,"Mirror":0,"aspiration:Lifesprig":24,"Torii":49,"SacredBark":34,"Blue Doll":0,"conspire:SpecialSausage":34,"Mango":47,"King of Hearts":43,"Juzu Bracelet":0,"Burning Blood":0,"ClockworkSouvenir":0,"conspire:InfiniteJournal":0,"aspiration:StickyExplosives_weak":6,"Replay:Rubber Ducky":6,"SsserpentHead":7,"Shovel":14,"TheAbacus":0,"hubris:Icosahedron":5,"Chameleon Ring":12,"Gambling Chip":28,"hubris:ScarierMask":17,"hubris:CuriousFeather":46,"Red Mask":29,"Chemical X":8,"hubris:ChampionShield":11,"aspiration:FutureDiary":17,"Red Skull":14,"Lee\u0027s Waffle":8,"BargainBundle":0,"ReplayTheSpireMod:Ninjato":54,"aspiration:FetidBarrel":0,"Golden Idol":3,"Thread and Needle":4,"The Courier":26,"Omamori":3,"Frozen Egg 2":4,"hubris:Towel":11,"Orichalcum":26,"White Beast Statue":10,"Mercury Hourglass":47,"Strange Spoon":47,"CaptainsWheel":0,"Anchor":2,"Bloody Idol":21,"betterThird:SlimedRelic":10,"aspiration:WatcherSkillbook":17,"Membership Card":28,"Bottled Lightning":12,"ReplayTheSpireMod:ShopPack":8,"hubris:BottledRain":32},{"hubris:CrystalStatue":20,"CeramicFish":45,"Vajra":87,"Ginger":2,"Whetstone":126,"Boot":115,"Blood Vial":7,"Sozu":86,"Lizard Tail":24,"HornCleat":117,"Strawberry":52,"MealTicket":4,"Philosopher\u0027s Stone":61,"HandDrill":33,"Kunai":56,"Replay:Wax Seal":97,"conspire:Dentures":81,"MerchantsRug":74,"conspire:TreasureMap":56,"Happy Flower":136,"ReplayTheSpireMod:CursedCoin":60,"Blue Candle":138,"Oddly Smooth Stone":17,"Pen Nib":101,"hubris:HollowSoul":119,"Charon\u0027s Ashes":125,"War Paint":130,"Question Card":127,"Akabeko":37,"aspiration:FrozenJewel":105,"WarpedTongs":70,"Replay:Baseball":25,"Bottled Flame":40,"Shuriken":113,"Ooze Armor":139,"Bird Faced Urn":32,"Bronze Scales":127,"Pandora\u0027s Box":19,"Simple Rune":97,"CultistMask":1,"Mark of Pain":47,"hubris:TenFootPole":60,"ReplayTheSpireMod:TigerMarble":68,"conspire:BottledYoYo":84,"hubris:ToyBattleship":136,"Grinning Jar":123,"Mirror":127,"aspiration:Lifesprig":44,"Torii":55,"SacredBark":28,"Blue Doll":80,"conspire:SpecialSausage":92,"Mango":97,"King of Hearts":95,"Juzu Bracelet":142,"Burning Blood":0,"ClockworkSouvenir":33,"conspire:InfiniteJournal":33,"aspiration:StickyExplosives_weak":83,"Replay:Rubber Ducky":146,"SsserpentHead":104,"Shovel":40,"TheAbacus":101,"hubris:Icosahedron":104,"Chameleon Ring":106,"Gambling Chip":45,"hubris:ScarierMask":109,"hubris:CuriousFeather":52,"Red Mask":117,"Chemical X":17,"hubris:ChampionShield":38,"aspiration:FutureDiary":133,"Red Skull":60,"Lee\u0027s Waffle":60,"BargainBundle":101,"ReplayTheSpireMod:Ninjato":100,"aspiration:FetidBarrel":33,"Golden Idol":34,"Thread and Needle":151,"The Courier":65,"Omamori":103,"Frozen Egg 2":6,"hubris:Towel":18,"Orichalcum":44,"White Beast Statue":74,"Mercury Hourglass":124,"Strange Spoon":97,"CaptainsWheel":32,"Anchor":70,"Bloody Idol":43,"betterThird:SlimedRelic":84,"aspiration:WatcherSkillbook":41,"Membership Card":45,"Bottled Lightning":131,"ReplayTheSpireMod:ShopPack":17,"hubris:BottledRain":46},{"hubris:CrystalStatue":108,"CeramicFish":251,"Vajra":512,"Ginger":9,"Whetstone":749,"Boot":687,"Blood Vial":36,"Sozu":506,"Lizard Tail":128,"HornCleat":696,"Strawberry":306,"MealTicket":19,"Philosopher\u0027s Stone":382,"HandDrill":182,"Kunai":334,"Replay:Wax Seal":568,"conspire:Dentures":477,"MerchantsRug":441,"conspire:TreasureMap":334,"Happy Flower":805,"ReplayTheSpireMod:CursedCoin":363,"Blue Candle":815,"Oddly Smooth Stone":90,"Pen Nib":605,"hubris:HollowSoul":709,"Charon\u0027s Ashes":742,"War Paint":775,"Question Card":762,"Akabeko":196,"aspiration:FrozenJewel":625,"WarpedTongs":426,"Replay:Baseball":134,"Bottled Flame":216,"Shuriken":674,"Ooze Armor":820,"Bird Faced Urn":176,"Bronze Scales":762,"Pandora\u0027s Box":104,"Simple Rune":568,"CultistMask":4,"Mark of Pain":269,"hubris:TenFootPole":363,"ReplayTheSpireMod:TigerMarble":419,"conspire:BottledYoYo":486,"hubris:ToyBattleship":805,"Grinning Jar":728,"Mirror":762,"aspiration:Lifesprig":245,"Torii":323,"SacredBark":157,"Blue Doll":474,"conspire:SpecialSausage":546,"Mango":568,"King of Hearts":560,"Juzu Bracelet":827,"Burning Blood":0,"ClockworkSouvenir":182,"conspire:InfiniteJournal":182,"aspiration:StickyExplosives_weak":483,"Replay:Rubber Ducky":845,"SsserpentHead":617,"Shovel":216,"TheAbacus":605,"hubris:Icosahedron":617,"Chameleon Ring":634,"Gambling Chip":251,"hubris:ScarierMask":651,"hubris:CuriousFeather":306,"Red Mask":696,"Chemical X":90,"hubris:ChampionShield":206,"aspiration:FutureDiary":795,"Red Skull":363,"Lee\u0027s Waffle":363,"BargainBundle":605,"ReplayTheSpireMod:Ninjato":601,"aspiration:FetidBarrel":182,"Golden Idol":184,"Thread and Needle":870,"The Courier":403,"Omamori":613,"Frozen Egg 2":25,"hubris:Towel":96,"Orichalcum":245,"White Beast Statue":441,"Mercury Hourglass":732,"Strange Spoon":568,"CaptainsWheel":176,"Anchor":426,"Bloody Idol":240,"betterThird:SlimedRelic":486,"aspiration:WatcherSkillbook":228,"Membership Card":251,"Bottled Lightning":781,"ReplayTheSpireMod:ShopPack":90,"hubris:BottledRain":258}],"Burning Blood":733},"card_choices":[{"not_picked":["Twin Strike","Bloodletting"],"picked":"Clothesline","floor":1},{"not_picked":["Perfected Strike","Clash"],"picked":"ReplayReversal","floor":2},{"not_picked":["Havoc","Pommel Strike"],"picked":"Shrug It Off","floor":4}],"player_experience":211362,"relics_obtained":[{"floor":4,"key":"Thread and Needle"}],"event_choices":[{"damage_healed":0,"gold_gain":0,"player_choice":"RENOUNCE","damage_taken":123,"max_hp_gain":0,"max_hp_loss":0,"event_name":"betterThird:BetterSerpent","floor":3,"gold_loss":123,"cards_obtained":["Enlightenment"]}],"is_beta":false,"boss_relics":[],"items_purged_floors":[],"is_endless":false,"potions_floor_spawned":[2,4],"killed_by":"Lagavulin","ascension_level":0}}