{"host":"bjzqjr1ycgj8gt55","time":1608171375,"event":{"mods":["BaseMod","Better Altar","Better Match","Better Sensory Stone","Better Skull","Better Third Choice","Better Vampires","Block Reminder","Colored Map","Colored Powertips","Downfall","GifTheSpireLib","Minty Spire (QoL Compilation)","Shop Mod","StSLib","Waifu the Spire"],"gold_per_floor":[99,133,133,168,168,188,188,14,45,45,61,61,81,181,191,292,292,67,67,67,167,167,192,215,315,328,328,347,447,447,461,474,576,576,576,595,605,615,615,641,641,672,672,672,672,21,21,21,40,40],"floor_reached":51,"playtime":2714,"items_purged":["Guardian:Strike_Guardian","Guardian:Strike_Guardian"],"score":864,"play_id":"c6fd57f6-695f-444b-a222-34df4c657543","local_time":"20201216201615","is_ascension_mode":false,"campfire_choices":[{"floor":1.0,"key":"RECALL"},{"data":"Guardian:ExploitGems","floor":3.0,"key":"SMITH"},{"floor":10.0,"key":"REST"},{"data":"Guardian:FierceBash","floor":18.0,"key":"SMITH"},{"data":"Guardian:Harden","floor":20.0,"key":"SMITH"},{"data":"Guardian:TimeCapacitor","floor":22.0,"key":"SMITH"},{"floor":27.0,"key":"REST"},{"data":"Guardian:GemFire","floor":35.0,"key":"SMITH"},{"floor":44,"key":"REST"}],"circlet_count":0,"master_deck":["Guardian:Strike_Guardian+1","Guardian:Defend_Guardian","Guardian:Defend_Guardian","Guardian:Defend_Guardian","Guardian:Defend_Guardian","Guardian:CurlUp+1","Guardian:TwinSlam","Guardian:ExploitGems+1","Guardian:FuturePlans+1","Guardian:SpikerProtocol","Guardian:ChargeCore","Guardian:EvasiveProtocol","Guardian:TemporalShield","Guardian:TimeCapacitor+1","Guardian:GemFinder+1","Guardian:Harden+1","Guardian:SentryBeam","Guardian:Incinerate","Guardian:FierceBash+1","Guardian:Preprogram+1","Guardian:FuturePlans","Guardian:ShieldCharger","Guardian:Gem_Blue","Guardian:SpikerProtocol","Guardian:Gem_Lightblue","Guardian:GemFire+1","Guardian:Gem_Lightblue","Guardian:Gem_Blue","Guardian:ShieldCharger","Guardian:Gem_Cyan","Guardian:Gem_Red","Guardian:Gem_Crimson","Guardian:Gem_Synthetic","Guardian:Gem_Purple","Guardian:Gem_Red","Guardian:Gem_Red","Guardian:Gem_Purple","Guardian:PiercingHide+1","Guardian:Gem_Red","Guardian:TimeSifter","Guardian:Gem_Green"],"relics":["Guardian:ModeShifter","downfall:HeartsMalice","Boot","Lantern","Juzu Bracelet","SlaversCollar","downfall:HeartBlessingRed","downfall:HeartBlessingBlue","downfall:HeartBlessingGreen","Calipers","Matryoshka","Toy Ornithopter","Omamori","Guardian:PickAxe","downfall:GremlinWheel","Cursed Key","Art of War","Strawberry","Bottled Tornado","Smiling Mask","Mango"],"acts_visited":["Exordium","TheCity","TheBeyond"],"potions_floor_usage":[42,49,50],"damage_taken":[{"damage":0.0,"enemies":"Lagavulin","floor":2.0,"turns":1.0},{"damage":0.0,"enemies":"Gremlin Nob","floor":4.0,"turns":1.0},{"damage":0.0,"enemies":"Cultist","floor":5.0,"turns":1.0},{"damage":11.0,"enemies":"Jaw Worm","floor":6.0,"turns":4.0},{"damage":6.0,"enemies":"downfall:FleeingMerchant","floor":8.0,"turns":4.0},{"damage":21.0,"enemies":"Lagavulin","floor":9.0,"turns":8.0},{"damage":0.0,"enemies":"2 Louse","floor":11.0,"turns":3.0},{"damage":15.0,"enemies":"Blue Slaver","floor":13.0,"turns":4.0},{"damage":11.0,"enemies":"downfall:Heads","floor":14.0,"turns":9.0},{"damage":0.0,"enemies":"3 Louse","floor":15.0,"turns":3.0},{"damage":14.0,"enemies":"downfall:Watcher","floor":16.0,"turns":9.0},{"damage":22.0,"enemies":"downfall:Defect","floor":21.0,"turns":6.0},{"damage":28.0,"enemies":"Slavers","floor":23.0,"turns":6.0},{"damage":0.0,"enemies":"Chosen","floor":26.0,"turns":6.0},{"damage":0.0,"enemies":"Spheric Guardian","floor":28.0,"turns":4.0},{"damage":9.0,"enemies":"Spheric Guardian","floor":29.0,"turns":4.0},{"damage":10.0,"enemies":"Cultist and Chosen","floor":31.0,"turns":6.0},{"damage":7.0,"enemies":"Snecko","floor":32.0,"turns":6.0},{"damage":17.0,"enemies":"downfall:Silent","floor":33.0,"turns":8.0},{"damage":8.0,"enemies":"3 Darklings","floor":36.0,"turns":4.0},{"damage":17.0,"enemies":"3 Shapes","floor":37.0,"turns":3.0},{"damage":18.0,"enemies":"3 Darklings","floor":38.0,"turns":4.0},{"damage":72.0,"enemies":"Reptomancer","floor":40.0,"turns":4.0},{"damage":10,"enemies":"Nemesis","floor":42,"turns":5},{"damage":0,"enemies":"downfall:FleeingMerchant","floor":46,"turns":4},{"damage":14,"enemies":"Jaw Worm Horde","floor":49,"turns":5},{"damage":10,"enemies":"downfall:Defect","floor":50,"turns":2}],"seed_played":"5386349518317444530","potions_obtained":[{"floor":4.0,"key":"FearPotion"},{"floor":6.0,"key":"champ:CounterPotion"},{"floor":11.0,"key":"SteroidPotion"},{"floor":13.0,"key":"Explosive Potion"},{"floor":21.0,"key":"Energy Potion"},{"floor":29.0,"key":"GamblersBrew"},{"floor":30.0,"key":"CultistPotion"},{"floor":32.0,"key":"FearPotion"},{"floor":42,"key":"ColorlessPotion"},{"floor":49,"key":"SpeedPotion"}],"is_trial":false,"path_per_floor":["R","E","R","E","M","M","T","$","E","R","M","?","M","?","M","B",null,"R","?","R","?","R","E","T","?","M","R","M","?","?","M","M","B",null,"R","M","M","M","R","E","T","E","?","R","?","$","?","?","M","B",null],"character_chosen":"GUARDIAN","items_purchased":["Guardian:EvasiveProtocol","Guardian:TemporalShield","Mango","Guardian:Gem_Red","DistilledChaos","Guardian:TimeSifter"],"campfire_rested":3,"item_purchase_floors":[8,8,46,46,46,46],"current_hp_per_floor":[80,80,80,80,80,69,69,63,42,66,66,66,51,40,40,26,80,90,90,90,68,68,40,40,40,40,67,67,63,63,53,46,29,90,90,82,65,47,90,18,25,20,20,49,97,111,111,111,97,92],"gold":40,"neow_bonus":"THREE_ENEMY_KILL","is_daily":false,"chose_seed":false,"campfire_upgraded":5,"win_rate":0.0,"timestamp":1608171375,"path_taken":["R","E","R","E","M","M","T","?","E","R","M","?","M","?","M","BOSS","R","?","R","?","R","E","T","?","M","R","M","?","?","M","M","BOSS","R","M","M","M","R","E","T","E","?","R","?","$","?","?","M","BOSS"],"items_purchased_type":["Card","Card","Relic","Card","Potion","Card"],"build_version":"2020-12-13","purchased_purges":2,"victory":true,"max_hp_per_floor":[80,80,80,80,80,80,80,80,80,80,80,80,80,80,80,80,80,90,90,90,90,90,90,90,90,90,90,90,90,90,90,90,90,90,90,90,90,90,90,90,97,97,97,97,97,111,111,111,111,111],"card_choices":[{"not_picked":["Guardian:TemporalStrike","Guardian:PiercingHide"],"picked":"Guardian:ExploitGems","floor":2.0},{"not_picked":["Guardian:BaubleBeam","Guardian:BronzeArmor"],"picked":"Guardian:FuturePlans","floor":4.0},{"not_picked":["Guardian:Gem_Cyan","Guardian:TemporalShield"],"picked":"Guardian:Gem_Blue","floor":5.0},{"not_picked":["Guardian:Gem_Green","Guardian:RollAttack"],"picked":"Guardian:SpikerProtocol","floor":6.0},{"not_picked":["Guardian:Clone","Guardian:Incinerate"],"picked":"Guardian:ChargeCore","floor":8.0},{"not_picked":["Guardian:Gem_Fragmented","Guardian:Reroute"],"picked":"Guardian:TimeCapacitor","floor":9.0},{"not_picked":["Guardian:SentryBeam","Guardian:FuturePlans"],"picked":"Guardian:GemFinder","floor":11.0},{"not_picked":["Guardian:Gem_Lightblue","Guardian:Gem_Green"],"picked":"Guardian:Gem_Red","floor":13.0},{"not_picked":["Guardian:Gem_Cyan","Guardian:Emergency"],"picked":"Guardian:Reroute","floor":13.0},{"not_picked":["Guardian:TimeCapacitor","Guardian:WalkerClaw"],"picked":"Guardian:Harden","floor":14.0},{"not_picked":["Guardian:Gem_Green","Guardian:Gem_Lightblue"],"picked":"Guardian:Gem_Red","floor":15.0},{"not_picked":["Guardian:RollAttack","Guardian:Emergency"],"picked":"Guardian:Incinerate","floor":15.0},{"not_picked":["Guardian:Gem_Cyan","Guardian:Gem_Green"],"picked":"Guardian:Gem_Red","floor":16.0},{"not_picked":["Guardian:RevengeProtocol","Guardian:CompilePackage"],"picked":"Guardian:FierceBash","floor":16.0},{"not_picked":["Guardian:TemporalShield","Guardian:Gem_Cyan"],"picked":"Guardian:Preprogram+1","floor":21.0},{"not_picked":["Guardian:Gem_Green","Guardian:Gem_Lightblue"],"picked":"Guardian:Gem_Red","floor":23.0},{"not_picked":["Guardian:BaubleBeam","Guardian:Harden"],"picked":"Guardian:FuturePlans","floor":23.0},{"not_picked":["Guardian:ChargeCore","Guardian:ShieldSpikes"],"picked":"Guardian:ShieldCharger","floor":26.0},{"not_picked":["Guardian:Gem_Green","Guardian:Gem_Lightblue"],"picked":"Guardian:Gem_Red","floor":26.0},{"not_picked":["Guardian:Gem_Cyan","Guardian:Gem_Green"],"picked":"Guardian:Gem_Lightblue","floor":28.0},{"not_picked":["Guardian:MultiBeam+1","Guardian:PrimingBeam"],"picked":"Guardian:Gem_Blue","floor":28.0},{"not_picked":["Guardian:Gem_Green","Guardian:Gem_Cyan"],"picked":"Guardian:Gem_Lightblue","floor":31.0},{"not_picked":["Guardian:WalkerClaw","Guardian:BronzeOrb"],"picked":"Guardian:Gem_Lightblue","floor":31.0},{"not_picked":["Guardian:ArmoredProtocol","Guardian:TemporalShield"],"picked":"Guardian:SpikerProtocol","floor":32.0},{"not_picked":["Guardian:Gem_Red","Guardian:Gem_Green"],"picked":"Guardian:Gem_Lightblue","floor":32.0},{"not_picked":["Guardian:StasisStrike","Guardian:GemFinder"],"picked":"Guardian:GemFire","floor":33.0},{"not_picked":["Guardian:Gem_Red","Guardian:Gem_Green"],"picked":"Guardian:Gem_Lightblue","floor":33.0},{"not_picked":["Guardian:Suspension+1","Guardian:FloatingOrbs"],"picked":"Guardian:Gem_Blue","floor":36.0},{"not_picked":["Guardian:PrismaticBeam","Guardian:CrystalBeam"],"picked":"Guardian:ShieldCharger","floor":37.0},{"not_picked":["Guardian:Gem_Red","Guardian:Gem_Green"],"picked":"Guardian:Gem_Cyan","floor":37.0},{"not_picked":["Guardian:Gem_Lightblue","Guardian:Gem_Cyan"],"picked":"Guardian:Gem_Red","floor":38.0},{"not_picked":["Guardian:Incinerate","Guardian:Recover"],"picked":"Guardian:Gem_Crimson","floor":38.0},{"not_picked":["Guardian:Gem_Lightblue","Guardian:Gem_Green"],"picked":"Guardian:Gem_Red","floor":40.0},{"not_picked":["Guardian:Reroute+1","Guardian:ChargeCore+1","Guardian:TimeBomb"],"picked":"SKIP","floor":40.0},{"not_picked":["Guardian:Gem_Green","Guardian:Gem_Lightblue"],"picked":"Guardian:Gem_Red","floor":42},{"not_picked":["Guardian:VentSteam+1","Guardian:TimeBomb+1"],"picked":"Guardian:Gem_Purple","floor":42},{"not_picked":["Guardian:VentSteam","Guardian:ShieldCharger+1"],"picked":"Guardian:PiercingHide+1","floor":46},{"not_picked":["Guardian:Gem_Lightblue","Guardian:Gem_Cyan"],"picked":"Guardian:Gem_Green","floor":49},{"not_picked":["Guardian:RollAttack","Guardian:TemporalStrike","Guardian:PrismaticBarrier+1"],"picked":"SKIP","floor":49}],"player_experience":97404,"relics_obtained":[{"floor":2.0,"key":"Boot"},{"floor":4.0,"key":"Lantern"},{"floor":9.0,"key":"Juzu Bracelet"},{"floor":21.0,"key":"Calipers"},{"floor":21.0,"key":"Matryoshka"},{"floor":23.0,"key":"Toy Ornithopter"},{"floor":24.0,"key":"Omamori"},{"floor":24.0,"key":"Guardian:PickAxe"},{"floor":29.0,"key":"downfall:GremlinWheel"},{"floor":40.0,"key":"Art of War"},{"floor":41.0,"key":"Strawberry"},{"floor":41.0,"key":"Bottled Tornado"},{"floor":42,"key":"Smiling Mask"}],"event_choices":[{"damage_healed":43.0,"max_hp_gain":0.0,"max_hp_loss":0.0,"gold_gain":0.0,"event_name":"Wheel of Change","player_choice":"Full Heal","floor":39.0,"gold_loss":0.0,"damage_taken":0.0},{"cards_removed":["Guardian:Reroute"],"damage_healed":0,"gold_gain":0,"player_choice":"Removed Attack","damage_taken":0,"max_hp_gain":0,"max_hp_loss":0,"event_name":"Falling","floor":47,"gold_loss":0}],"is_beta":false,"boss_relics":[{"not_picked":["Empty Cage","Runic Dome"],"picked":"SlaversCollar"},{"not_picked":["Tiny House","Velvet Choker"],"picked":"Cursed Key"}],"items_purged_floors":[8,46],"is_endless":false,"potions_floor_spawned":[4,6,11,13,21,29,32,42,49],"ascension_level":0}}