{"host":"y89x8uui45kcjy42","time":1608190810,"event":{"mods":["2.2 Compatiblity","BaseMod","CapriCore","Colored Map","Colored Powertips","Custom Start","Friendly Minions","Highlight Path","Keyboard Shortcuts","Minty Spire (QoL Compilation)","Relic Stats","Slay the Relics Exporter","StSLib","SuperFastMode","Waifu the Spire"],"gold_per_floor":[118,131,142,142,160,160,185,185,212,212,212,212,11,30,30,30,30],"floor_reached":16,"playtime":234,"items_purged":["Strike_B"],"score":200,"play_id":"3664a56f-dba9-4773-bbaa-1ddd23247316","local_time":"20201217164010","is_ascension_mode":true,"campfire_choices":[{"data":"Zap","floor":6,"key":"SMITH"},{"data":"Dualcast","floor":8,"key":"SMITH"},{"data":"Barrage","floor":12,"key":"SMITH"},{"data":"Ball Lightning","floor":15,"key":"SMITH"}],"circlet_count":0,"master_deck":["AscendersBane","Strike_B","Strike_B","Strike_B","Defend_B","Defend_B","Defend_B+1","Defend_B","Zap+1","Dualcast+1","Barrage+1","Biased Cognition+1","Capacitor","Ball Lightning+1"],"relics":["Cracked Core","NeowsBlessing","Symbiotic Virus","Matryoshka","Anchor","Happy Flower","Toy Ornithopter"],"acts_visited":["Exordium"],"potions_floor_usage":[7,16,16],"damage_taken":[{"damage":0,"enemies":"Cultist","floor":1,"turns":1},{"damage":0,"enemies":"Small Slimes","floor":2,"turns":1},{"damage":0,"enemies":"2 Louse","floor":3,"turns":1},{"damage":8,"enemies":"Blue Slaver","floor":5,"turns":3},{"damage":30,"enemies":"Lagavulin","floor":7,"turns":5},{"damage":0,"enemies":"Large Slime","floor":14,"turns":3},{"damage":35,"enemies":"Slime Boss","floor":16,"turns":5}],"seed_played":"7739637856793485502","potions_obtained":[{"floor":2,"key":"EssenceOfDarkness"},{"floor":7,"key":"Fire Potion"}],"is_trial":false,"path_per_floor":["M","M","M","T","M","R","E","R","T","?","?","R","$","M","R","B"],"character_chosen":"DEFECT","items_purchased":["Capacitor","Regen Potion"],"campfire_rested":0,"item_purchase_floors":[13,13],"current_hp_per_floor":[64,64,64,64,56,56,26,26,26,26,5,5,5,5,5,0,0],"gold":30,"neow_bonus":"THREE_ENEMY_KILL","is_daily":false,"chose_seed":false,"campfire_upgraded":4,"win_rate":0.0,"timestamp":1608190810,"path_taken":["M","M","M","?","M","R","E","R","T","?","?","R","$","M","R","BOSS"],"items_purchased_type":["Card","Potion"],"build_version":"2020-12-13","purchased_purges":1,"victory":false,"max_hp_per_floor":[71,71,71,71,71,71,71,71,71,71,71,71,71,71,71,71,71],"relic_stats":{"Happy Flower":[2],"counters":[7,19],"obtain_stats":[{"Anchor":9,"Matryoshka":7,"NeowsBlessing":0,"Happy Flower":9,"Cracked Core":0,"Symbiotic Virus":4,"Toy Ornithopter":10},{"Anchor":5,"Matryoshka":5,"NeowsBlessing":0,"Happy Flower":5,"Cracked Core":0,"Symbiotic Virus":3,"Toy Ornithopter":5},{"Anchor":11,"Matryoshka":11,"NeowsBlessing":0,"Happy Flower":11,"Cracked Core":0,"Symbiotic Virus":3,"Toy Ornithopter":11}],"Toy Ornithopter":10},"card_choices":[{"not_picked":["Stack","Gash","Go for the Eyes"],"picked":"SKIP","floor":1},{"not_picked":["Hologram","Streamline"],"picked":"Barrage","floor":2},{"not_picked":["White Noise","BootSequence","Tempest"],"picked":"SKIP","floor":3},{"not_picked":["Barrage","Recycle","Turbo"],"picked":"SKIP","floor":5},{"not_picked":["Coolheaded","Static Discharge"],"picked":"Biased Cognition","floor":7},{"not_picked":["Recycle","Rebound"],"picked":"Ball Lightning","floor":14}],"player_experience":500637,"relics_obtained":[{"floor":4,"key":"Symbiotic Virus"},{"floor":7,"key":"Matryoshka"},{"floor":9,"key":"Anchor"},{"floor":9,"key":"Happy Flower"}],"event_choices":[{"damage_healed":0,"gold_gain":0,"player_choice":"Searched \u00271\u0027 times","damage_taken":0,"relics_obtained":["Toy Ornithopter"],"max_hp_gain":0,"max_hp_loss":0,"event_name":"Dead Adventurer","floor":10,"gold_loss":0},{"damage_healed":0,"gold_gain":0,"player_choice":"Entered Light","damage_taken":21,"max_hp_gain":0,"max_hp_loss":0,"event_name":"Shining Light","floor":11,"gold_loss":0,"cards_upgraded":["Defend_B","Biased Cognition"]}],"is_beta":false,"boss_relics":[],"items_purged_floors":[13],"is_endless":false,"potions_floor_spawned":[2,7,14],"killed_by":"Slime Boss","ascension_level":20}}