{"host":"lctcqud4f9t1q6q5","time":1608177221,"event":{"mods":["BaseMod","Better Vampires","Block Reminder","Colored Map","Colored Powertips","Downfall","Highlight Path","KinomotoSakuraMod(木之本樱)","Lobotomy","LobotomyExtend","Marisa（F雨　魔理沙）","Minty Spire (QoL Compilation)","Quick Restart","Reimu（博丽灵梦）","Relic Stats","Replay The Spire","RumiaBox-露米娅的神秘盒子","Shop Mod","Spicy Shops","StSLib","TestMod","The Bug Knight","Thieving Mod","WarShipGirlsR/战舰少女R mod","vexMod","【功能Mod】混沌之环修复补丁","篝火指南"],"gold_per_floor":[114,128,143,143,156,189,189,33,33,44,71,71,100,100,100,247,247,259,20,20,20,51,82,105,105,157,157,182,4,154,175,175,270,270,281,355,355,355],"floor_reached":37,"playtime":1710,"items_purged":["Doubt"],"score":745,"play_id":"a91c25fb-96e2-4a1c-aae6-be3afaaedaee","local_time":"20201217115340","is_ascension_mode":true,"campfire_choices":[{"data":"rmod:expeditionaryescort","floor":7.0,"key":"SMITH"},{"floor":15.0,"key":"REST"},{"data":"rmod:aluminumsupply","floor":25.0,"key":"SMITH"}],"circlet_count":0,"master_deck":["rmod:strick+1","rmod:strick","rmod:strick+1","rmod:strick","rmod:defend","rmod:defend+1","rmod:defend","rmod:defend","rmod:basicallowance","rmod:maingunfire","rmod:firesupport","rmod:expeditionaryescort+1","rmod:rockthrower+1","rmod:intelligenceanalysis","rmod:ridicule","rmod:expedition+2","rmod:diamondstrike+1","rmod:aluminumsupply+1","rmod:guardianhero+1","hexamod:Haunted"],"relics":["rmod:firstchargereward","testmod-TestBox","testmod-FatalChain","LetterFromLob","testmod-CrystalShield","vexMod:GhostlyGear","MagicDraw2","vexMod:ConsolationPrize","SSSystem","Ring of Chaos","Replay:WaspNest","Torii","Orichalcum","Ancient Tea Set","Simple Rune","MerchantsRug","ReplayTheSpireMod:CursedCoin","Philosopher\u0027s Stone"],"acts_visited":["Exordium","TheCity","TheBeyond"],"potions_floor_usage":[37],"damage_taken":[{"damage":0.0,"enemies":"Small Slimes","floor":1.0,"turns":2.0},{"damage":0.0,"enemies":"Cultist","floor":2.0,"turns":3.0},{"damage":10.0,"enemies":"2 Louse","floor":3.0,"turns":2.0},{"damage":2.0,"enemies":"2 Fungi Beasts","floor":5.0,"turns":4.0},{"damage":5.0,"enemies":"Replay:BlueRogue","floor":6.0,"turns":5.0},{"damage":7.0,"enemies":"Exordium Thugs","floor":10.0,"turns":2.0},{"damage":1.0,"enemies":"Lagavulin","floor":11.0,"turns":4.0},{"damage":3.0,"enemies":"HollowMod:MossKnight","floor":13.0,"turns":4.0},{"damage":49.0,"enemies":"The Guardian","floor":16.0,"turns":7.0},{"damage":2.0,"enemies":"Spheric Guardian","floor":18.0,"turns":3.0},{"damage":12.0,"enemies":"Chosen","floor":22.0,"turns":4.0},{"damage":0.0,"enemies":"Gremlin Leader","floor":23.0,"turns":1.0},{"damage":6.0,"enemies":"Snecko","floor":24.0,"turns":3.0},{"damage":0.0,"enemies":"Slavers","floor":28.0,"turns":1.0},{"damage":1.0,"enemies":"Centurion and Healer","floor":31.0,"turns":4.0},{"damage":0.0,"enemies":"Collector","floor":33.0,"turns":4.0},{"damage":1.0,"enemies":"3 Shapes","floor":35.0,"turns":3.0},{"damage":62.0,"enemies":"3 Darklings","floor":36.0,"turns":4.0},{"damage":16,"enemies":"Jaw Worm Horde","floor":37,"turns":2}],"seed_played":"7845700946028739514","potions_obtained":[{"floor":3.0,"key":"FearPotion"},{"floor":6.0,"key":"Energy Potion"},{"floor":10.0,"key":"AttackPotion"},{"floor":13.0,"key":"Elixir"},{"floor":22.0,"key":"ZuzhouPotion:ReiMu"},{"floor":23.0,"key":"SteroidPotion"},{"floor":24.0,"key":"Energy Potion"},{"floor":28.0,"key":"SteroidPotion"},{"floor":36.0,"key":"DistilledChaos"}],"is_trial":false,"path_per_floor":["M","M","M","?","M","E","R","$","T","M","E","?","E","?","R","B",null,"M","$","?","T","M","E","M","R","T","?","E","R","$","M","R_BF","B",null,"M","M","M"],"character_chosen":"PRAEFECT","items_purchased":["vexMod:GhostlyGear","Replay:WaspNest","Torii","MerchantsRug","ReplayTheSpireMod:CursedCoin"],"campfire_rested":1,"item_purchase_floors":[8,19,19,29,30],"current_hp_per_floor":[75,75,65,65,63,58,58,58,58,51,50,50,47,31,55,6,63,61,61,61,61,49,49,43,43,43,37,37,37,37,36,60,60,77,76,14,0,0],"gold":355,"neow_bonus":"TEN_PERCENT_HP_BONUS","is_daily":false,"chose_seed":false,"campfire_upgraded":2,"win_rate":0.0,"timestamp":1608177220,"path_taken":["M","M","M","?","M","E","R","?","T","?","E","?","E","?","R","BOSS","M","$","?","?","M","E","M","R","T","?","E","R","$","M","R_BF","BOSS","M","M","?"],"items_purchased_type":["Relic","Relic","Relic","Relic","Relic"],"build_version":"2020-12-13","purchased_purges":1,"victory":false,"max_hp_per_floor":[82,82,82,82,82,82,82,82,82,82,82,82,82,82,82,82,82,82,82,82,82,82,82,82,82,82,82,82,82,82,82,82,82,82,82,82,82,82],"relic_stats":{"Torii":8,"counters":[19,62],"Orichalcum":[36],"obtain_stats":[{"MerchantsRug":29,"testmod-TestBox":0,"Torii":19,"ReplayTheSpireMod:CursedCoin":30,"testmod-FatalChain":0,"vexMod:ConsolationPrize":11,"SSSystem":13,"Ring of Chaos":17,"Replay:WaspNest":19,"Orichalcum":23,"Ancient Tea Set":26,"MagicDraw2":9,"vexMod:GhostlyGear":8,"testmod-CrystalShield":6,"Simple Rune":28,"Philosopher\u0027s Stone":34,"rmod:firstchargereward":0,"LetterFromLob":1},{"MerchantsRug":14,"testmod-TestBox":0,"Torii":10,"ReplayTheSpireMod:CursedCoin":14,"testmod-FatalChain":0,"vexMod:ConsolationPrize":7,"SSSystem":8,"Ring of Chaos":9,"Replay:WaspNest":10,"Orichalcum":12,"Ancient Tea Set":13,"MagicDraw2":5,"vexMod:GhostlyGear":5,"testmod-CrystalShield":5,"Simple Rune":14,"Philosopher\u0027s Stone":16,"rmod:firstchargereward":0,"LetterFromLob":1},{"MerchantsRug":45,"testmod-TestBox":0,"Torii":36,"ReplayTheSpireMod:CursedCoin":45,"testmod-FatalChain":0,"vexMod:ConsolationPrize":22,"SSSystem":26,"Ring of Chaos":33,"Replay:WaspNest":36,"Orichalcum":41,"Ancient Tea Set":44,"MagicDraw2":16,"vexMod:GhostlyGear":16,"testmod-CrystalShield":16,"Simple Rune":45,"Philosopher\u0027s Stone":53,"rmod:firstchargereward":0,"LetterFromLob":2}]},"card_choices":[{"not_picked":["rmod:victimresponsibility","rmod:sl","rmod:diamondstrike"],"picked":"SKIP","floor":1.0},{"not_picked":["rmod:punchline","rmod:launchingtorpedo","rmod:circuitoustactics"],"picked":"SKIP","floor":2.0},{"not_picked":["rmod:aviationdawn","rmod:sl","rmod:fletcherpendant"],"picked":"SKIP","floor":3.0},{"not_picked":["rmod:lonelyqueen","rmod:fletcherpendant"],"picked":"rmod:firesupport","floor":5.0},{"not_picked":["rmod:steelsupply","rmod:supportescort"],"picked":"rmod:expeditionaryescort","floor":6.0},{"not_picked":["rmod:punchline","rmod:diamondstrike"],"picked":"rmod:rockthrower","floor":10.0},{"not_picked":["rmod:luckystar","rmod:mineteam"],"picked":"rmod:intelligenceanalysis","floor":11.0},{"not_picked":["rmod:ammunitionsupply","rmod:fletcherpendant","rmod:luckystar"],"picked":"SKIP","floor":13.0},{"not_picked":["rmod:stealaluminum","rmod:saltedfish"],"picked":"rmod:ridicule","floor":16.0},{"not_picked":["rmod:supportescort","rmod:victimresponsibility"],"picked":"rmod:expedition+1","floor":18.0},{"not_picked":["rmod:firesupport","rmod:unsinkable"],"picked":"rmod:diamondstrike+1","floor":22.0},{"not_picked":["rmod:luckystar","rmod:u235"],"picked":"rmod:aluminumsupply","floor":23.0},{"not_picked":["rmod:circuitoustactics","rmod:luckystar+1","rmod:unsinkable"],"picked":"SKIP","floor":24.0},{"not_picked":["rmod:firesupport+1","rmod:tearstotiara"],"picked":"rmod:guardianhero+1","floor":28.0},{"not_picked":["rmod:firesupport","rmod:aluminumsupply","rmod:diamondstrike"],"picked":"SKIP","floor":31.0},{"not_picked":["rmod:unsinkable","rmod:diamondstrike","rmod:luckystar+1"],"picked":"SKIP","floor":35.0},{"not_picked":["rmod:ammunitionsupply","rmod:selfconfidence","rmod:supportescort"],"picked":"SKIP","floor":36.0}],"player_experience":342102,"relics_obtained":[{"floor":1.0,"key":"LetterFromLob"},{"floor":6.0,"key":"testmod-CrystalShield"},{"floor":9.0,"key":"MagicDraw2"},{"floor":11.0,"key":"vexMod:ConsolationPrize"},{"floor":13.0,"key":"SSSystem"},{"floor":23.0,"key":"Orichalcum"},{"floor":26.0,"key":"Ancient Tea Set"},{"floor":28.0,"key":"Simple Rune"}],"event_choices":[{"damage_healed":0.0,"max_hp_gain":0.0,"max_hp_loss":0.0,"gold_gain":0.0,"event_name":"The Woman in Blue","player_choice":"Bought 0 Potions","floor":4.0,"gold_loss":0.0,"damage_taken":0.0},{"damage_healed":0.0,"max_hp_gain":0.0,"max_hp_loss":0.0,"gold_gain":0.0,"event_name":"Shining Light","player_choice":"Entered Light","floor":14.0,"gold_loss":0.0,"damage_taken":16.0,"cards_upgraded":["rmod:rockthrower","rmod:strick"]},{"damage_healed":0.0,"max_hp_gain":0.0,"max_hp_loss":0.0,"gold_gain":0.0,"event_name":"Knowing Skull","player_choice":"","floor":27.0,"potions_obtained":[],"gold_loss":0.0,"damage_taken":6.0,"cards_obtained":[]}],"is_beta":false,"boss_relics":[{"not_picked":["vexMod:EndlessSickness","SlaversCollar"],"picked":"Ring of Chaos"},{"not_picked":["ChewingGum","Calling Bell"],"picked":"Philosopher\u0027s Stone"}],"items_purged_floors":[29],"is_endless":false,"potions_floor_spawned":[3,6,10,13,22,23,24,28,36],"killed_by":"Jaw Worm Horde","ascension_level":7}}