{"host":"5nj7t8259370g0gl","time":1608182173,"event":{"mods":["AchievementEnabler","BaseMod","Bestiary","Colored Map","Colored Powertips","Displayed Cursed Tome","Downfall","Minty Spire (QoL Compilation)","Permanent Neow","Relic Sorter","Shop Mod","StSLib"],"gold_per_floor":[500114,500114,499638,499638,499763,499797,499831,499871,499871,499911,499911,499911,499266,498588,498588,498718,498718,498731,498157,498157,497792,497336,497371,497414,497453,497453,497453,497453,497493,497493,497509,497509,497633,497633,497654,497654,497247,497260,496913,496956,496592,496626,496626,496209,496209,496247,496247,496281,496281,496281],"floor_reached":51,"playtime":2400,"items_purged":["champ:ViciousMockery","champ:BladeFlurry","champ:BladeFlurry","champ:PreciseThrust","champ:CrookedStrike","champ:RapidStrikes","champ:GladiatorsShout","champ:Duel+1","champ:BringItOn","champ:CalledShot+1"],"score":1669,"play_id":"855123d0-a02f-47c5-a3b8-47db01711484","local_time":"20201217161613","daily_mods":["SealedDeck","Flight"],"is_ascension_mode":true,"campfire_choices":[{"data":"champ:GladiatorsShout","floor":11.0,"key":"SMITH"},{"data":"Deep Breath","floor":15.0,"key":"SMITH"},{"data":"champ:MurderStrike","floor":27.0,"key":"SMITH"},{"floor":30.0,"key":"DIG"},{"floor":32.0,"key":"DIG"},{"floor":45,"key":"DIG"},{"floor":49,"key":"DIG"}],"circlet_count":0,"master_deck":["champ:PreciseThrust+1","champ:GladiatorsShout+1","champ:Improvising+1","Deep Breath+1","champ:MurderStrike+1","champ:GladiatorStyle+1"],"relics":["champ:ChampionCrown","Golden Idol","Meat on the Bone","Happy Flower","Champion Belt","Frozen Egg 2","Mummified Hand","champ:FightingForDummies","Dream Catcher","Darkstone Periapt","Anchor","Guardian:PocketSentry","Bag of Preparation","StrikeDummy","Frozen Eye","Black Star","Membership Card","Ornamental Fan","Shovel","Kunai","Boot","Lee\u0027s Waffle","TheAbacus","Pear","StoneCalendar","Singing Bowl","Bag of Marbles","Sundial","Bottled Flame","Bird Faced Urn","Mercury Hourglass","Shuriken","Oddly Smooth Stone","InkBottle","Whetstone","Vajra","Busted Crown","Centennial Puzzle","Gremlin Horn","Sling","PreservedInsect","Turnip","Blue Candle","MealTicket","champ:Barbells","Akabeko","Juzu Bracelet","champ:DefensiveTrainingManual","CaptainsWheel","Question Card","Pantograph","Blood Vial","champ:BerserkersGuideToSlaughter","Eternal Feather","Toxic Egg 2","Letter Opener","Lantern","Toy Ornithopter","sneckomod:BlankCard"],"acts_visited":["Exordium","TheCity","TheBeyond"],"potions_floor_usage":[],"damage_taken":[{"damage":13.0,"enemies":"Small Slimes","floor":1.0,"turns":4.0},{"damage":18.0,"enemies":"Small Slimes","floor":5.0,"turns":4.0},{"damage":23.0,"enemies":"3 Sentries","floor":6.0,"turns":6.0},{"damage":17.0,"enemies":"Gremlin Nob","floor":7.0,"turns":5.0},{"damage":0.0,"enemies":"Lagavulin","floor":8.0,"turns":5.0},{"damage":1.0,"enemies":"3 Sentries","floor":10.0,"turns":5.0},{"damage":0.0,"enemies":"Hexaghost","floor":16.0,"turns":5.0},{"damage":0.0,"enemies":"3 Byrds","floor":18.0,"turns":3.0},{"damage":0.0,"enemies":"Slavers","floor":23.0,"turns":4.0},{"damage":0.0,"enemies":"Gremlin Leader","floor":24.0,"turns":4.0},{"damage":0.0,"enemies":"Book of Stabbing","floor":25.0,"turns":2.0},{"damage":0.0,"enemies":"Gremlin Leader","floor":29.0,"turns":3.0},{"damage":0.0,"enemies":"2 Thieves","floor":31.0,"turns":1.0},{"damage":0.0,"enemies":"Champ","floor":33.0,"turns":4.0},{"damage":0,"enemies":"3 Shapes","floor":35,"turns":2},{"damage":0,"enemies":"Orb Walker","floor":38,"turns":1},{"damage":0,"enemies":"Giant Head","floor":40,"turns":1},{"damage":0,"enemies":"Nemesis","floor":42,"turns":1},{"damage":0,"enemies":"Giant Head","floor":46,"turns":1},{"damage":0,"enemies":"Nemesis","floor":48,"turns":1},{"damage":0,"enemies":"Donu and Deca","floor":50,"turns":1}],"seed_played":"-3026153933043261694","potions_obtained":[{"floor":1.0,"key":"champ:CounterPotion"},{"floor":5.0,"key":"Dexterity Potion"},{"floor":16.0,"key":"FearPotion"},{"floor":18.0,"key":"DuplicationPotion"},{"floor":23.0,"key":"Swift Potion"}],"is_trial":true,"path_per_floor":["M","?","$","?","?","E","E","E","T","E","R","?","$","$","R","B",null,"M","$","?","$","$","E","E","E","T","R","?","E","R","M","R","B",null,"M","?","$","M","$","E","$","E","T","$","R","E","?","E","R","B",null],"character_chosen":"THE_CHAMP","items_purchased":["Meat on the Bone","Happy Flower","Anchor","Guardian:PocketSentry","champ:Improvising+1","Deep Breath","Bag of Preparation","StrikeDummy","Frozen Eye","champ:GladiatorStyle+1","Membership Card","Ornamental Fan","Shovel","Kunai","Boot","Lee\u0027s Waffle","TheAbacus","Pear","StoneCalendar","Centennial Puzzle","Gremlin Horn","Sling","champ:CalledShot+1","PreservedInsect","Turnip","champ:Barbells","Akabeko","Juzu Bracelet","Pantograph","Blood Vial","champ:BerserkersGuideToSlaughter"],"campfire_rested":0,"item_purchase_floors":[3,3,13,13,13,13,14,14,14,19,19,19,19,21,21,21,22,22,22,37,37,37,37,39,39,41,41,41,44,44,44],"current_hp_per_floor":[77,77,77,70,52,41,36,48,48,47,47,47,47,47,47,47,83,83,83,83,90,100,102,104,106,106,106,106,108,108,110,110,112,112,114,99,99,107,107,115,118,120,120,120,120,122,122,124,124,124],"gold":496281,"neow_bonus":"","is_daily":false,"chose_seed":false,"campfire_upgraded":3,"win_rate":0.0,"timestamp":1608182173,"path_taken":["M","?","$","?","?","E","E","E","T","E","R","?","$","$","R","BOSS","M","$","?","$","$","E","E","E","T","R","?","E","R","?","R","BOSS","M","?","?","?","?","E","$","E","T","$","R","E","?","E","R","BOSS"],"items_purchased_type":["Relic","Relic","Relic","Relic","Card","Card","Relic","Relic","Relic","Card","Relic","Relic","Relic","Relic","Relic","Relic","Relic","Relic","Relic","Relic","Relic","Relic","Card","Relic","Relic","Relic","Relic","Relic","Relic","Relic","Relic"],"build_version":"2020-12-13","purchased_purges":10,"victory":true,"max_hp_per_floor":[90,83,83,83,83,83,83,83,83,83,83,83,83,83,83,83,83,83,83,83,90,100,102,104,106,106,106,106,108,108,110,110,112,112,114,114,114,116,116,118,118,120,120,120,120,122,122,124,124,124],"card_choices":[{"not_picked":["champ:ViciousMockery","champ:Circumvent"],"picked":"champ:RapidStrikes","floor":1.0},{"not_picked":["champ:PreciseThrust","champ:RecklessLeap"],"picked":"champ:GladiatorsShout","floor":5.0},{"not_picked":["champ:TornadoPunch","champ:ShieldSigil","champ:GladiatorsShout"],"picked":"SKIP","floor":6.0},{"not_picked":["champ:AdrenalArmor","champ:ShieldSigil","champ:IronFortress+1"],"picked":"SKIP","floor":7.0},{"not_picked":["champ:Balance","champ:PerfectedStrike","champ:RageSigil"],"picked":"SKIP","floor":8.0},{"not_picked":["champ:ViciousMockery","champ:FanOfKnives","champ:FaceSlap"],"picked":"SKIP","floor":10.0},{"not_picked":["champ:CrownThrow","champ:CheapShot"],"picked":"champ:MurderStrike","floor":16.0},{"not_picked":["champ:FanOfKnives","champ:StanceDance+1","champ:EndlessRage+1"],"picked":"SKIP","floor":18.0},{"not_picked":["champ:BerserkersShout","champ:BladeFlurry","champ:Haymaker"],"picked":"Singing Bowl","floor":23.0},{"not_picked":["champ:AdrenalArmor","champ:Circumvent","champ:DefensiveShout"],"picked":"Singing Bowl","floor":24.0},{"not_picked":["champ:LastStand+1","champ:Balance","champ:AdrenalArmor"],"picked":"Singing Bowl","floor":25.0},{"not_picked":["champ:RageSigil","champ:FalseCounter","champ:RisingSlash"],"picked":"Singing Bowl","floor":29.0},{"not_picked":["champ:ShieldSigil","champ:BringItOn","champ:ShieldWall+1"],"picked":"Singing Bowl","floor":31.0},{"not_picked":["champ:PerfectForm+1","champ:MurderStrike","champ:StrikeOfGenius+1"],"picked":"Singing Bowl","floor":33.0},{"not_picked":["champ:AdrenalArmor"],"picked":"Singing Bowl","floor":35},{"not_picked":["champ:Control+1"],"picked":"Singing Bowl","floor":38},{"not_picked":["champ:FalseCounter+1"],"picked":"Singing Bowl","floor":40},{"not_picked":["champ:AdrenalArmor+1"],"picked":"Singing Bowl","floor":42},{"not_picked":["champ:EnragedBash+1","champ:CrookedStrike+1"],"picked":"Singing Bowl","floor":46},{"not_picked":["champ:Backstep+1","champ:FocusedGladiator+1"],"picked":"Singing Bowl","floor":48}],"player_experience":795296,"relics_obtained":[{"floor":5.0,"key":"Champion Belt"},{"floor":6.0,"key":"Frozen Egg 2"},{"floor":7.0,"key":"Mummified Hand"},{"floor":8.0,"key":"champ:FightingForDummies"},{"floor":9.0,"key":"Dream Catcher"},{"floor":10.0,"key":"Darkstone Periapt"},{"floor":23.0,"key":"Singing Bowl"},{"floor":23.0,"key":"Bag of Marbles"},{"floor":24.0,"key":"Sundial"},{"floor":24.0,"key":"Bottled Flame"},{"floor":25.0,"key":"Bird Faced Urn"},{"floor":25.0,"key":"Mercury Hourglass"},{"floor":26.0,"key":"Shuriken"},{"floor":29.0,"key":"Oddly Smooth Stone"},{"floor":29.0,"key":"InkBottle"},{"floor":30.0,"key":"Whetstone"},{"floor":32.0,"key":"Vajra"},{"floor":40,"key":"Blue Candle"},{"floor":40,"key":"MealTicket"},{"floor":42,"key":"champ:DefensiveTrainingManual"},{"floor":42,"key":"CaptainsWheel"},{"floor":43,"key":"Question Card"},{"floor":45,"key":"Eternal Feather"},{"floor":46,"key":"Toxic Egg 2"},{"floor":46,"key":"Letter Opener"},{"floor":48,"key":"Lantern"},{"floor":48,"key":"Toy Ornithopter"},{"floor":49,"key":"sneckomod:BlankCard"}],"event_choices":[{"damage_healed":0.0,"max_hp_gain":0.0,"max_hp_loss":7.0,"gold_gain":0.0,"event_name":"Golden Idol","player_choice":"Lose Max HP","floor":2.0,"gold_loss":0.0,"damage_taken":0.0,"relics_obtained":["Golden Idol"]},{"cards_removed":["champ:Duel"],"damage_healed":0.0,"max_hp_gain":0.0,"max_hp_loss":0.0,"gold_gain":0.0,"event_name":"Golden Wing","player_choice":"Card Removal","floor":4.0,"gold_loss":0.0,"damage_taken":7.0},{"damage_healed":0.0,"max_hp_gain":0.0,"max_hp_loss":0.0,"gold_gain":0.0,"event_name":"Upgrade Shrine","player_choice":"Upgraded","floor":12.0,"gold_loss":0.0,"damage_taken":0.0,"cards_upgraded":["champ:PreciseThrust"]},{"damage_healed":0.0,"max_hp_gain":0.0,"max_hp_loss":0.0,"gold_gain":0.0,"event_name":"FaceTrader","player_choice":"Leave","floor":28.0,"gold_loss":0.0,"damage_taken":0.0},{"damage_healed":0,"gold_gain":0,"player_choice":"Ignored","damage_taken":0,"max_hp_gain":0,"max_hp_loss":0,"event_name":"The Moai Head","floor":47,"gold_loss":0}],"is_beta":false,"boss_relics":[{"not_picked":["Runic Pyramid","Snecko Eye"],"picked":"Black Star"},{"not_picked":["SlaversCollar","Runic Dome"],"picked":"Busted Crown"}],"items_purged_floors":[3,13,14,19,21,22,37,39,41,44],"is_endless":false,"potions_floor_spawned":[1,5,16,18,23,31,38,46,48],"ascension_level":1}}