{"host":"gp6kafy53r5vaktt","time":1608233359,"event":{"mods":["BaseMod","Colored Map","Highlight Path","Minty Spire (QoL Compilation)"],"gold_per_floor":[112,122,141,156,172,203,203,238,262,290,68,93,111,137,137,232,232,252,152,692,706,720,745,755,783,807,833,845,870,912,941,953,1069,1081,1104,1116,701,711,727,760,760,1086,1112,364,364,34,51,86,86,86,86,86,59,86,86],"floor_reached":56,"playtime":4355,"items_purged":["Strike_R","Strike_R","Strike_R","Armaments","Strike_R"],"score":1545,"play_id":"568904cf-5e32-4c33-97d5-0ac7bbef0e26","local_time":"20201217212919","is_ascension_mode":true,"campfire_choices":[{"data":"Body Slam","floor":7.0,"key":"SMITH"},{"data":"True Grit","floor":15.0,"key":"SMITH"},{"data":"Demon Form","floor":28,"key":"SMITH"},{"data":"Dual Wield","floor":32,"key":"SMITH"},{"data":"Iron Wave","floor":41,"key":"SMITH"},{"floor":49,"key":"RECALL"},{"data":"Offering","floor":52,"key":"SMITH"}],"circlet_count":0,"master_deck":["Defend_R","Defend_R","Defend_R","Defend_R","Bash","Offering+1","Uppercut","True Grit+1","Cleave","Seeing Red","Body Slam+1","Spot Weakness","Iron Wave+1","Metallicize","Demon Form+1","Whirlwind","Bloodletting","Headbutt","Exhume","Metallicize+1","Dual Wield+1","Juggernaut","Iron Wave+1","Armaments+1","Power Through+1","Bandage Up","Chrysalis","Iron Wave+1","Rupture+1","Juggernaut","Shrug It Off","True Grit+1"],"relics":["Black Blood","Boot","Akabeko","Tiny Chest","Art of War","Chemical X","Anchor","Matryoshka","Bag of Marbles","PreservedInsect","MawBank","Bronze Scales","Mercury Hourglass","Sozu","Oddly Smooth Stone","Red Skull","Prayer Wheel","Old Coin","Bag of Preparation","Molten Egg 2","Membership Card","Mango","Bird Faced Urn","TheAbacus","Thread and Needle","Magic Flower"],"acts_visited":["Exordium","TheCity","TheBeyond","TheEnding"],"potions_floor_usage":[23,25,33,33,33,48,55,55],"damage_taken":[{"damage":6.0,"enemies":"Cultist","floor":1.0,"turns":2.0},{"damage":6.0,"enemies":"Jaw Worm","floor":2.0,"turns":4.0},{"damage":3.0,"enemies":"Small Slimes","floor":3.0,"turns":4.0},{"damage":8.0,"enemies":"Blue Slaver","floor":4.0,"turns":3.0},{"damage":15.0,"enemies":"Gremlin Gang","floor":5.0,"turns":5.0},{"damage":20.0,"enemies":"3 Sentries","floor":6.0,"turns":8.0},{"damage":7.0,"enemies":"Gremlin Nob","floor":8.0,"turns":3.0},{"damage":15.0,"enemies":"3 Sentries","floor":10.0,"turns":6.0},{"damage":12.0,"enemies":"Lagavulin","floor":12.0,"turns":6.0},{"damage":10.0,"enemies":"Large Slime","floor":13.0,"turns":5.0},{"damage":6.0,"enemies":"3 Sentries","floor":14.0,"turns":5.0},{"damage":24.0,"enemies":"Slime Boss","floor":16.0,"turns":7.0},{"damage":12.0,"enemies":"Shell Parasite","floor":18.0,"turns":6.0},{"damage":0.0,"enemies":"3 Byrds","floor":21.0,"turns":4.0},{"damage":0.0,"enemies":"3 Cultists","floor":22.0,"turns":2.0},{"damage":26,"enemies":"Gremlin Leader","floor":23,"turns":6},{"damage":0,"enemies":"Centurion and Healer","floor":24,"turns":1},{"damage":26,"enemies":"Slavers","floor":25,"turns":5},{"damage":0,"enemies":"Chosen and Byrds","floor":27,"turns":1},{"damage":19,"enemies":"Snake Plant","floor":29,"turns":5},{"damage":0,"enemies":"Gremlin Leader","floor":30,"turns":3},{"damage":28,"enemies":"Sentry and Sphere","floor":31,"turns":4},{"damage":42,"enemies":"Automaton","floor":33,"turns":6},{"damage":12,"enemies":"3 Darklings","floor":35,"turns":3},{"damage":10,"enemies":"3 Shapes","floor":38,"turns":4},{"damage":31,"enemies":"Transient","floor":39,"turns":5},{"damage":0,"enemies":"Reptomancer","floor":40,"turns":2},{"damage":22,"enemies":"Giant Head","floor":42,"turns":6},{"damage":6,"enemies":"Spire Growth","floor":47,"turns":2},{"damage":6,"enemies":"Reptomancer","floor":48,"turns":5},{"damage":53,"enemies":"Donu and Deca","floor":50,"turns":4},{"damage":14,"enemies":"Shield and Spear","floor":54,"turns":3},{"damage":127,"enemies":"The Heart","floor":55,"turns":9}],"seed_played":"-6435940740752993088","potions_obtained":[{"floor":4.0,"key":"Block Potion"},{"floor":6.0,"key":"Weak Potion"},{"floor":10.0,"key":"HeartOfIron"},{"floor":12.0,"key":"BlessingOfTheForge"},{"floor":13.0,"key":"DistilledChaos"},{"floor":16.0,"key":"LiquidMemories"},{"floor":24,"key":"Swift Potion"},{"floor":25,"key":"Swift Potion"},{"floor":27,"key":"Strength Potion"},{"floor":29,"key":"EntropicBrew"}],"is_trial":false,"path_per_floor":["M","M","M","M","M","E","R","E","T","E","$","E","M","E","R","B",null,"M","$","?","M","M","E","M","E","T","M","R","M","E","M","R","B",null,"M","?","$","M","M","E","R","E","T","$","?","$","M","E","R","B",null,"R","$","E","B",null],"character_chosen":"IRONCLAD","items_purchased":["Chemical X","Oddly Smooth Stone","Red Skull","Molten Egg 2","Membership Card","Mango","Bandage Up","Chrysalis","Bird Faced Urn","TheAbacus","Iron Wave+1","Shrug It Off"],"campfire_rested":0,"item_purchase_floors":[11,37,37,44,44,44,44,44,46,46,46,53],"current_hp_per_floor":[80,80,80,78,69,55,55,54,54,45,45,39,35,35,35,17,80,83,83,26,41,53,42,54,43,43,55,55,48,63,47,47,17,95,95,95,95,98,79,91,91,81,81,95,95,95,101,112,112,81,112,112,112,112,24],"gold":86,"neow_bonus":"TRANSFORM_CARD","is_daily":false,"chose_seed":false,"campfire_upgraded":6,"win_rate":0.0,"timestamp":1608233359,"path_taken":["M","M","M","M","M","E","R","E","T","E","$","E","M","E","R","BOSS","M","$","?","M","M","E","M","E","T","M","R","M","E","M","R","BOSS","M","?","$","M","M","E","R","E","T","$","?","$","M","E","R","BOSS","R","$","E","BOSS"],"items_purchased_type":["Relic","Relic","Relic","Relic","Relic","Relic","Card","Card","Relic","Relic","Card","Card"],"build_version":"2020-12-13","purchased_purges":5,"victory":true,"max_hp_per_floor":[80,80,80,80,80,80,80,80,80,80,80,80,80,80,80,80,80,83,83,83,86,86,89,89,92,92,92,92,92,95,95,95,95,95,95,95,95,98,98,98,98,98,98,112,112,112,112,112,112,112,112,112,112,112,112],"card_choices":[{"not_picked":["Perfected Strike","Warcry"],"picked":"Uppercut","floor":1.0},{"not_picked":["Flame Barrier","Flex"],"picked":"True Grit","floor":2.0},{"not_picked":["Blood for Blood","Combust"],"picked":"Cleave","floor":3.0},{"not_picked":["Dark Embrace","Warcry"],"picked":"Seeing Red","floor":4.0},{"not_picked":["Uppercut","Flex","Bludgeon"],"picked":"SKIP","floor":5.0},{"not_picked":["Intimidate","Pommel Strike"],"picked":"Body Slam","floor":6.0},{"not_picked":["Thunderclap","Flex"],"picked":"Spot Weakness","floor":8.0},{"not_picked":["Flame Barrier","Entrench"],"picked":"Iron Wave","floor":10.0},{"not_picked":["Havoc","Shockwave"],"picked":"Metallicize","floor":12.0},{"not_picked":["Armaments","Clash"],"picked":"Demon Form","floor":13.0},{"not_picked":["Twin Strike","Spot Weakness","Sword Boomerang"],"picked":"SKIP","floor":14.0},{"not_picked":["Impervious","Offering"],"picked":"Feed","floor":16.0},{"not_picked":["Inflame","Havoc"],"picked":"Whirlwind","floor":18.0},{"not_picked":["Combust","Rupture"],"picked":"Bloodletting","floor":21.0},{"not_picked":["Blood for Blood","Wild Strike+1","True Grit"],"picked":"SKIP","floor":22.0},{"not_picked":["Infernal Blade","Inflame"],"picked":"Headbutt","floor":23},{"not_picked":["Immolate","Body Slam","Burning Pact"],"picked":"SKIP","floor":24},{"not_picked":["True Grit","Bloodletting"],"picked":"Exhume","floor":25},{"not_picked":["Heavy Blade","Rupture"],"picked":"Metallicize+1","floor":27},{"not_picked":["Flex","Headbutt+1","Combust"],"picked":"SKIP","floor":29},{"not_picked":["Flex","Perfected Strike+1"],"picked":"Dual Wield","floor":30},{"not_picked":["Thunderclap","Evolve","Havoc"],"picked":"SKIP","floor":31},{"not_picked":["Fiend Fire","Feed"],"picked":"Juggernaut","floor":33},{"not_picked":["Iron Wave","Havoc+1"],"picked":"Armaments","floor":35},{"not_picked":["Flex+1","Rage"],"picked":"Iron Wave+1","floor":38},{"not_picked":["Warcry","Second Wind","Headbutt"],"picked":"SKIP","floor":39},{"not_picked":["Disarm","Twin Strike+1"],"picked":"Armaments+1","floor":40},{"not_picked":["Second Wind","Shockwave+1"],"picked":"Power Through+1","floor":42},{"not_picked":["Reckless Charge+1","Sentinel+1"],"picked":"Rupture+1","floor":47},{"not_picked":["Twin Strike+1","Second Wind","Anger+1"],"picked":"SKIP","floor":47},{"not_picked":["Clothesline+1","Armaments"],"picked":"Juggernaut","floor":48},{"not_picked":["Ghostly Armor+1","Body Slam+1"],"picked":"True Grit+1","floor":54}],"player_experience":8388,"relics_obtained":[{"floor":6.0,"key":"Boot"},{"floor":8.0,"key":"Akabeko"},{"floor":9.0,"key":"Tiny Chest"},{"floor":10.0,"key":"Art of War"},{"floor":12.0,"key":"Anchor"},{"floor":14.0,"key":"Matryoshka"},{"floor":23,"key":"Bag of Marbles"},{"floor":25,"key":"PreservedInsect"},{"floor":26,"key":"MawBank"},{"floor":26,"key":"Bronze Scales"},{"floor":30,"key":"Mercury Hourglass"},{"floor":40,"key":"Prayer Wheel"},{"floor":42,"key":"Old Coin"},{"floor":43,"key":"Bag of Preparation"},{"floor":48,"key":"Thread and Needle"},{"floor":54,"key":"Magic Flower"}],"event_choices":[{"damage_healed":0.0,"max_hp_gain":0.0,"max_hp_loss":0.0,"gold_gain":540.0,"event_name":"Knowing Skull","player_choice":"GOLD GOLD GOLD GOLD GOLD GOLD ","floor":20.0,"potions_obtained":[],"gold_loss":0.0,"damage_taken":57.0,"cards_obtained":[]},{"damage_healed":0,"gold_gain":0,"player_choice":"Ignored","damage_taken":0,"max_hp_gain":0,"max_hp_loss":0,"event_name":"Tomb of Lord Red Mask","floor":36,"gold_loss":0},{"cards_removed":["Feed"],"damage_healed":0,"gold_gain":0,"player_choice":"Removed Attack","damage_taken":0,"max_hp_gain":0,"max_hp_loss":0,"event_name":"Falling","floor":45,"gold_loss":0}],"is_beta":false,"boss_relics":[{"not_picked":["Busted Crown","Astrolabe"],"picked":"Black Blood"},{"not_picked":["SlaversCollar","Black Star"],"picked":"Sozu"}],"items_purged_floors":[11,19,37,44,46],"is_endless":false,"potions_floor_spawned":[4,6,10,12,13,16,24,25,27,29,30,31,35,40,42,47,54],"ascension_level":1}}