{"host":"ipcfr4ajj2jkxvg7","time":1608203985,"event":{"mods":["BaseMod","Colored Powertips","GifTheSpireLib","Marisa（F雨　魔理沙）","Minty Spire (QoL Compilation)","Quick Restart","Remilia（蕾米莉亚）","Replay The Spire","RumiaBox-露米娅的神秘盒子","StSLib"],"gold_per_floor":[112,129,142,70,90,90,116,130,130,157,157,184,184,204,204,304,304,321,321,321,246,256,256,269,269,269],"floor_reached":25,"playtime":868,"items_purged":["Normality"],"score":312,"play_id":"f4486a1c-b7c6-436c-aab9-7088b1126312","local_time":"20201217191945","is_ascension_mode":true,"campfire_choices":[{"data":"PropBag","floor":6.0,"key":"SMITH"},{"floor":11.0,"key":"REST"},{"floor":15.0,"key":"REST"},{"data":"MilkyWay","floor":23.0,"key":"SMITH"}],"circlet_count":0,"master_deck":["Strike_MRS","Strike_MRS","Strike_MRS","Strike_MRS","Defend_MRS","Defend_MRS","Defend_MRS","MasterSpark","UpSweep","MilkyWay+1","MilkyWay","PropBag+1","PulseMagic","ManaConvection","UltimateShortwave","OrrerysSun","PulseMagic","GalacticHalo","MillisecondPulsars","StarBarrage","Wrath_TH","EndlessPower"],"relics":["MiniHakkero","NeowsBlessing","AddBug","SecretRecord","SecretRecord","SecretRecord","SecretRecord"],"acts_visited":["Exordium","TheCity"],"potions_floor_usage":[25],"damage_taken":[{"damage":0.0,"enemies":"Small Slimes","floor":1.0,"turns":1.0},{"damage":0.0,"enemies":"Jaw Worm","floor":2.0,"turns":1.0},{"damage":0.0,"enemies":"Cultist","floor":3.0,"turns":1.0},{"damage":2.0,"enemies":"Looter","floor":5.0,"turns":3.0},{"damage":25.0,"enemies":"3 Sentries","floor":7.0,"turns":7.0},{"damage":7.0,"enemies":"Exordium Thugs","floor":8.0,"turns":5.0},{"damage":15.0,"enemies":"Lagavulin","floor":10.0,"turns":7.0},{"damage":21.0,"enemies":"Gremlin Nob","floor":12.0,"turns":5.0},{"damage":6.0,"enemies":"Blue Slaver","floor":14.0,"turns":3.0},{"damage":25.0,"enemies":"The Guardian","floor":16.0,"turns":10.0},{"damage":6.0,"enemies":"Chosen","floor":18.0,"turns":6.0},{"damage":11.0,"enemies":"3 Byrds","floor":22.0,"turns":6.0},{"damage":31.0,"enemies":"Shelled Parasite and Fungi","floor":24.0,"turns":4.0},{"damage":12,"enemies":"Cultist and Chosen","floor":25,"turns":4}],"seed_played":"8240874749786314122","potions_obtained":[{"floor":2.0,"key":"Elixir"},{"floor":3.0,"key":"DistilledChaos"},{"floor":7.0,"key":"SteroidPotion"},{"floor":8.0,"key":"GamblersBrew"},{"floor":12.0,"key":"Ancient Potion"},{"floor":18.0,"key":"Adrenaline Potion"},{"floor":22.0,"key":"EssenceOfSteel"},{"floor":24.0,"key":"Block Potion"}],"is_trial":false,"path_per_floor":["M","M","M","$","M","R","E","M","T","E","R","E","?","M","R","B",null,"M","?","?","$","M","R","M","M"],"character_chosen":"MARISA","items_purchased":["PropBag"],"campfire_rested":2,"item_purchase_floors":[4],"current_hp_per_floor":[68,68,68,68,66,66,41,34,34,19,41,20,20,14,36,11,59,53,53,53,53,42,42,11,0,0],"gold":269,"neow_bonus":"THREE_ENEMY_KILL","is_daily":false,"chose_seed":false,"campfire_upgraded":2,"win_rate":0.0,"timestamp":1608203985,"path_taken":["M","M","M","$","M","R","E","M","T","E","R","E","?","M","R","BOSS","M","?","?","?","?","R","M","M"],"items_purchased_type":["Card"],"build_version":"2020-12-13","purchased_purges":1,"victory":false,"max_hp_per_floor":[75,75,75,75,75,75,75,75,75,75,75,75,75,75,75,75,75,75,75,75,75,75,75,75,75,75],"card_choices":[{"not_picked":["SuperPerseids","WitchOfGreed"],"picked":"MilkyWay","floor":1.0},{"not_picked":["WitchOfGreed","AsteroidBelt","OortCloud"],"picked":"SKIP","floor":2.0},{"not_picked":["OpenUniverse","DarkSpark"],"picked":"MilkyWay","floor":3.0},{"not_picked":["DoubleSpark","AsteroidBelt"],"picked":"PulseMagic","floor":5.0},{"not_picked":["SporeBomb","DarkSpark"],"picked":"ManaConvection","floor":7.0},{"not_picked":["Orbital","6A"],"picked":"UltimateShortwave","floor":8.0},{"not_picked":["SuperNova","OneTimeOff"],"picked":"OrrerysSun","floor":10.0},{"not_picked":["WitchOfGreed","DarkMatter"],"picked":"PulseMagic","floor":12.0},{"not_picked":["Occultation","IllusionStar"],"picked":"GalacticHalo","floor":14.0},{"not_picked":["TreasureHunter","ManaRampage"],"picked":"MillisecondPulsars","floor":16.0},{"not_picked":["ChargingUp","OrrerysSun"],"picked":"StarBarrage","floor":18.0},{"not_picked":["SporeBomb+1","DC","DarkSpark"],"picked":"SKIP","floor":22.0},{"not_picked":["MagicChant","MysteriousBeam","WitchLeyline"],"picked":"SKIP","floor":24.0}],"player_experience":394504,"relics_obtained":[{"floor":1.0,"key":"AddBug"},{"floor":7.0,"key":"Simple Rune"},{"floor":8.0,"key":"SecretRecord"},{"floor":9.0,"key":"Replay:Bottled Flurry"},{"floor":10.0,"key":"SumBook"},{"floor":12.0,"key":"Smiling Mask"},{"floor":16.0,"key":"SecretRecord"},{"floor":19.0,"key":"Ring of Panic"},{"floor":19.0,"key":"Ring of Fangs"},{"floor":24.0,"key":"SecretRecord"}],"event_choices":[{"cards_removed":["Defend_MRS"],"damage_healed":0.0,"max_hp_gain":0.0,"max_hp_loss":0.0,"gold_gain":0.0,"event_name":"Living Wall","player_choice":"Forget","floor":13.0,"gold_loss":0.0,"damage_taken":0.0}],"is_beta":false,"boss_relics":[{"not_picked":["Replay:Grab Bag","RampagingMagicTools"],"picked":"Ectoplasm"}],"items_purged_floors":[21],"is_endless":false,"potions_floor_spawned":[2,3,7,8,12,18,22,24],"killed_by":"Cultist and Chosen","ascension_level":8}}