{"host":"4t0jwv2xqla89y5e","time":1608189458,"event":{"mods":["AchievementEnabler","Act Like it!","Aspiration","BaseMod","Better Skull","BetterRewards","Colored Map","Colored Powertips","Downfall","Friendly Minions","Hallownest","Hermit","Highlight Path","Hubris","Infinite Spire","Minty Spire (QoL Compilation)","Quick Restart","Rare Cards Sparkle","Relic Stats","Replay The Spire","Shop Mod","Spicy Shops","StSLib","The Construct","The Disciple","The Hierophant","The Runesmith"],"gold_per_floor":[99,99,24,9,9,24,24,49,64,144,69,34,34,34,49,149,199,199,199,199,214,261,323,373,435,1,1,80,80,80,167,254,250,250],"floor_reached":33,"playtime":2679,"items_purged":["Writhe"],"score":381,"play_id":"141caa64-7ac7-4d65-b4b1-b9056eabac54","local_time":"20201217081738","daily_mods":["Chimera","Colorless Cards","downfall:Enraging"],"is_ascension_mode":false,"campfire_choices":[{"data":"Eruption","floor":1,"key":"SMITH"},{"floor":18,"key":"DIG"},{"floor":27,"key":"REST"}],"circlet_count":0,"master_deck":["infinitespire:Collect+1","Survivor","Zap","Eruption+1","Strike_R+1","Strike_G+1","Strike_B+1","Defend_R+1","Defend_G+1","Defend_P+1","Hallownest:skillGreenpathMap+1","hierophant:ThreeLashes","hierophant:PassingBell","hierophant:ThreeLashes","expansioncontent:ChargeUp","hierophant:Kindle","hierophant:Zeal","hierophant:RustyCrate+1","hierophant:Doubloon","hierophant:Doubloon","expansioncontent:AwakenDeath+1","hierophant:Refuge","hierophant:Doubloon","hierophant:RustyCrate","hierophant:PassingBell+1","hierophant:Doubloon","hierophant:Doubloon","hierophant:Doubloon+1"],"relics":["hierophant:PropheticMaskRelic","hubris:MobiusCoin","ReplayTheSpireMod:TigerMarble","aspiration:FrozenJewel","Hallownest:BankAccountRelic","Hallownest:DreamNailRelic","ChewingGum","hubris:Reverence","Quantum Egg","Blue Doll","Darkstone Periapt","Omamori","infinitespire:Satchel","Ring of Misfortune","Ring of Fangs","aspiration:RitualStick"],"acts_visited":["Hallownest:Greenpath","TheCity"],"potions_floor_usage":[25,25,26,33,33],"damage_taken":[{"damage":0,"enemies":"downfall:FleeingMerchant","floor":4,"turns":4},{"damage":2,"enemies":"Hallownest:monsterHuskGuard","floor":6,"turns":2},{"damage":0,"enemies":"Hallownest:2_MossCreeps","floor":9,"turns":3},{"damage":0,"enemies":"Hallownest:eliteCrystalGuardian","floor":10,"turns":2},{"damage":0,"enemies":"Hallownest:monsterHuskWarrior","floor":15,"turns":1},{"damage":5,"enemies":"downfall:Watcher","floor":16,"turns":3},{"damage":10,"enemies":"3 Byrds","floor":21,"turns":4},{"damage":3,"enemies":"Shelled Parasite and Fungi","floor":22,"turns":3},{"damage":35,"enemies":"Book of Stabbing","floor":23,"turns":5},{"damage":28,"enemies":"Slavers","floor":25,"turns":4},{"damage":13,"enemies":"downfall:FleeingMerchant","floor":26,"turns":4},{"damage":6,"enemies":"Centurion and Healer","floor":28,"turns":6},{"damage":6,"enemies":"Chosen and Byrds","floor":31,"turns":8},{"damage":31,"enemies":"Snecko","floor":32,"turns":7},{"damage":105,"enemies":"downfall:Silent","floor":33,"turns":6}],"seed_played":"-4230686447748436371","potions_obtained":[{"floor":9,"key":"Strength Potion"},{"floor":10,"key":"PowerPotion"},{"floor":16,"key":"Languid Potion"},{"floor":23,"key":"Swift Potion"},{"floor":28,"key":"FearPotion"},{"floor":31,"key":"Adrenaline Potion"}],"is_trial":false,"path_per_floor":["R","?","?","$","?","M","T","T","M","E","?","?","?","?","M","B",null,"R_BF","?","?","M","M","E","T","E","$","R","M","?","?","M","M","B"],"character_chosen":"HIEROPHANT","items_purchased":["hierophant:Refuge","Omamori","infinitespire:Satchel","hierophant:RustyCrate","hierophant:PassingBell+1"],"campfire_rested":1,"item_purchase_floors":[26,26,26,26,26],"current_hp_per_floor":[75,66,66,66,66,64,64,64,64,64,64,69,79,79,79,74,90,90,90,90,80,77,42,42,14,1,28,22,22,4,20,20,0,0],"gold":250,"neow_bonus":"","is_daily":true,"chose_seed":false,"campfire_upgraded":1,"win_rate":0.0,"timestamp":1608189458,"path_taken":["R","?","?","?","?","M","T","?","?","E","?","?","?","?","M","BOSS","R_BF","?","?","?","M","E","T","E","$","R","M","?","?","M","M","BOSS"],"items_purchased_type":["Card","Relic","Relic","Card","Card"],"build_version":"2020-12-13","purchased_purges":1,"victory":false,"max_hp_per_floor":[75,75,75,75,75,75,75,75,75,75,75,80,90,90,90,90,90,90,90,90,90,90,90,90,90,90,90,90,90,90,90,90,90,90],"relic_stats":{"Darkstone Periapt":0,"counters":[15,62],"obtain_stats":[{"Darkstone Periapt":25,"hubris:MobiusCoin":7,"hierophant:PropheticMaskRelic":0,"Quantum Egg":23,"Blue Doll":24,"Hallownest:DreamNailRelic":14,"Omamori":26,"aspiration:FrozenJewel":10,"aspiration:RitualStick":30,"Ring of Fangs":29,"Hallownest:BankAccountRelic":11,"Ring of Misfortune":29,"infinitespire:Satchel":26,"ChewingGum":17,"ReplayTheSpireMod:TigerMarble":8,"hubris:Reverence":18},{"Darkstone Periapt":10,"hubris:MobiusCoin":2,"hierophant:PropheticMaskRelic":0,"Quantum Egg":9,"Blue Doll":9,"Hallownest:DreamNailRelic":4,"Omamori":11,"aspiration:FrozenJewel":4,"aspiration:RitualStick":12,"Ring of Fangs":12,"Hallownest:BankAccountRelic":4,"Ring of Misfortune":12,"infinitespire:Satchel":11,"ChewingGum":6,"ReplayTheSpireMod:TigerMarble":2,"hubris:Reverence":6},{"Darkstone Periapt":31,"hubris:MobiusCoin":6,"hierophant:PropheticMaskRelic":0,"Quantum Egg":27,"Blue Doll":27,"Hallownest:DreamNailRelic":11,"Omamori":35,"aspiration:FrozenJewel":11,"aspiration:RitualStick":41,"Ring of Fangs":41,"Hallownest:BankAccountRelic":11,"Ring of Misfortune":41,"infinitespire:Satchel":35,"ChewingGum":15,"ReplayTheSpireMod:TigerMarble":6,"hubris:Reverence":15}],"aspiration:RitualStick":[0]},"card_choices":[{"not_picked":["hierophant:Purify","hierophant:Doubloon"],"picked":"hierophant:ThreeLashes","floor":4},{"not_picked":["hierophant:Empathy","hierophant:MorningPrayer"],"picked":"hierophant:PassingBell","floor":6},{"not_picked":["hierophant:SealAway","hierophant:RepressedViolence","hierophant:HolyVerse"],"picked":"SKIP","floor":9},{"not_picked":["hierophant:AuricBeam","hierophant:Sermon"],"picked":"hierophant:ThreeLashes","floor":10},{"not_picked":["hierophant:FieryStrike","Purity"],"picked":"expansioncontent:ChargeUp","floor":15},{"not_picked":["Transmutation","Poisoned Strike"],"picked":"hierophant:Kindle","floor":16},{"not_picked":["Replay:Sssssssssstrike+1","expansioncontent:FaceSlap"],"picked":"hierophant:RustyCrate+1","floor":21},{"not_picked":["hierophant:Remorse","hierophant:Encroach"],"picked":"expansioncontent:AwakenDeath+1","floor":22},{"not_picked":["hierophant:ConvertCurrency","hierophant:Bribe","hierophant:HolyVerse"],"picked":"SKIP","floor":23},{"not_picked":["hierophant:DivineIntervention","hierophant:Doubloon","expansioncontent:HyperBeam"],"picked":"SKIP","floor":25},{"not_picked":["hierophant:Charity","hierophant:FieryStrike","ReplayTheSpireMod:Private Reserves"],"picked":"SKIP","floor":26},{"not_picked":["hierophant:Shelter","hierophant:DisplayOfPower"],"picked":"hierophant:Doubloon+1","floor":28},{"not_picked":["Replay:SS_forest_5","Trip","hierophant:Doubloon"],"picked":"SKIP","floor":31},{"not_picked":["Replay:SS_forest_5","hierophant:Shelter","hierophant:MorningPrayer"],"picked":"SKIP","floor":32}],"player_experience":257408,"relics_obtained":[{"floor":7,"key":"hubris:MobiusCoin"},{"floor":8,"key":"ReplayTheSpireMod:TigerMarble"},{"floor":10,"key":"aspiration:FrozenJewel"},{"floor":18,"key":"hubris:Reverence"},{"floor":23,"key":"Quantum Egg"},{"floor":24,"key":"Blue Doll"},{"floor":25,"key":"Darkstone Periapt"},{"floor":29,"key":"Ring of Misfortune"},{"floor":29,"key":"Ring of Fangs"}],"event_choices":[{"damage_healed":0,"gold_gain":0,"player_choice":"Simplicity","damage_taken":0,"max_hp_gain":0,"max_hp_loss":0,"event_name":"Back to Basics","floor":19,"gold_loss":0,"cards_upgraded":["Strike_R","Strike_G","Strike_B","Defend_R","Defend_G","Defend_P"]},{"damage_healed":0,"gold_gain":0,"cards_transformed":["Bash"],"player_choice":"Transformed","damage_taken":0,"max_hp_gain":0,"max_hp_loss":0,"event_name":"Transmorgrifier","floor":20,"gold_loss":0,"cards_obtained":["hierophant:Zeal"]}],"is_beta":false,"boss_relics":[{"not_picked":["Cursed Key","aspiration:SecretTechniqueScroll"],"picked":"ChewingGum"}],"items_purged_floors":[26],"is_endless":false,"potions_floor_spawned":[9,10,16,23,28,31],"killed_by":"downfall:Silent","ascension_level":0}}