{"host":"usewcu4ohw2wtmxk","time":1608192862,"event":{"mods":["AchievementEnabler","BaseMod","BetterRewards","Colored Powertips","Minty Spire (QoL Compilation)","Permanent Neow","Quick Restart","Relic Sorter","Relic Stats","Shop Mod","StSLib"],"gold_per_floor":[113,128,203,219,229,229,261,275,348,367,367,367,401,412,412,412,412],"floor_reached":16,"playtime":386,"items_purged":[],"score":228,"play_id":"70c2d541-b084-43e9-8f5a-7b7fe192cbbd","local_time":"20201217161422","is_ascension_mode":true,"campfire_choices":[{"data":"Die Die Die","floor":6.0,"key":"SMITH"},{"floor":11,"key":"REST"},{"data":"Neutralize","floor":15,"key":"SMITH"}],"circlet_count":0,"master_deck":["AscendersBane","Strike_G+1","Strike_G","Strike_G","Strike_G","Strike_G+1","Defend_G","Defend_G","Defend_G","Defend_G","Defend_G","Survivor","Neutralize+1","Die Die Die+1","Acrobatics","Tactician","Infinite Blades","Cloak And Dagger+1","Doppelganger+1","Concentrate+1"],"relics":["Ring of the Snake","Whetstone","Toxic Egg 2","Prayer Wheel"],"acts_visited":["Exordium"],"potions_floor_usage":[7,7,13,16],"damage_taken":[{"damage":4.0,"enemies":"Jaw Worm","floor":1.0,"turns":6.0},{"damage":1.0,"enemies":"Cultist","floor":2.0,"turns":4.0},{"damage":0.0,"enemies":"Small Slimes","floor":4.0,"turns":2.0},{"damage":6.0,"enemies":"Looter","floor":5.0,"turns":4.0},{"damage":27,"enemies":"Lagavulin","floor":7,"turns":7},{"damage":0,"enemies":"2 Fungi Beasts","floor":8,"turns":2},{"damage":0,"enemies":"Lots of Slimes","floor":10,"turns":1},{"damage":20,"enemies":"3 Sentries","floor":13,"turns":7},{"damage":6,"enemies":"Exordium Wildlife","floor":14,"turns":2},{"damage":2,"enemies":"Hexaghost","floor":16,"turns":9}],"seed_played":"-7986033096959209513","potions_obtained":[{"floor":2.0,"key":"Poison Potion"},{"floor":5.0,"key":"DuplicationPotion"},{"floor":8,"key":"AttackPotion"},{"floor":10,"key":"FearPotion"},{"floor":13,"key":"FairyPotion"}],"is_trial":false,"path_per_floor":["M","M","?","M","M","R","E","M","T","M","R","?","E","M","R","B"],"character_chosen":"THE_SILENT","items_purchased":[],"campfire_rested":1,"item_purchase_floors":[],"current_hp_per_floor":[55,54,43,43,37,37,10,10,10,10,28,28,8,2,2,18,18],"gold":412,"neow_bonus":"THREE_RARE_CARDS","is_daily":false,"chose_seed":false,"campfire_upgraded":2,"win_rate":0.0,"timestamp":1608192862,"path_taken":["M","M","?","M","M","R","E","M","T","M","R","?","E","?","R","BOSS"],"items_purchased_type":[],"build_version":"2020-12-13","purchased_purges":0,"victory":false,"max_hp_per_floor":[60,60,60,60,60,60,60,60,60,60,60,60,60,60,60,60,60],"relic_stats":{"counters":[10,44],"Prayer Wheel":1,"Whetstone":["Strike_G","Strike_G"],"obtain_stats":[{"Prayer Wheel":13,"Whetstone":7,"Toxic Egg 2":9,"Ring of the Snake":0},{"Prayer Wheel":8,"Whetstone":5,"Toxic Egg 2":6,"Ring of the Snake":0},{"Prayer Wheel":33,"Whetstone":23,"Toxic Egg 2":25,"Ring of the Snake":0}],"Ring of the Snake":[20]},"card_choices":[{"not_picked":["Adrenaline","Phantasmal Killer"],"picked":"Die Die Die","floor":0.0},{"not_picked":["Sucker Punch","Slice"],"picked":"Acrobatics","floor":1.0},{"not_picked":["Prepared","Quick Slash"],"picked":"Tactician","floor":2.0},{"not_picked":["Bane","Cloak And Dagger","Deflect"],"picked":"SKIP","floor":4.0},{"not_picked":["Poisoned Stab","Outmaneuver","Flying Knee"],"picked":"SKIP","floor":5.0},{"not_picked":["Deflect","Sucker Punch","Flying Knee"],"picked":"SKIP","floor":7},{"not_picked":["Quick Slash","Accuracy"],"picked":"Infinite Blades","floor":8},{"not_picked":["Escape Plan+1","Dagger Throw"],"picked":"Cloak And Dagger+1","floor":10},{"not_picked":["Outmaneuver+1","Crippling Poison+1"],"picked":"Doppelganger+1","floor":13},{"not_picked":["Eviscerate","Poisoned Stab"],"picked":"Concentrate+1","floor":14},{"not_picked":["Eviscerate","Dodge and Roll+1","Deflect+1"],"picked":"SKIP","floor":14}],"player_experience":277061,"relics_obtained":[{"floor":7,"key":"Whetstone"},{"floor":9,"key":"Toxic Egg 2"},{"floor":13,"key":"Prayer Wheel"}],"event_choices":[{"damage_healed":0.0,"max_hp_gain":0.0,"max_hp_loss":0.0,"gold_gain":75.0,"event_name":"World of Goop","player_choice":"Gather Gold","floor":3.0,"gold_loss":0.0,"damage_taken":11.0},{"damage_healed":0,"gold_gain":0,"player_choice":"Got Potions","damage_taken":0,"max_hp_gain":0,"max_hp_loss":0,"event_name":"Lab","floor":12,"gold_loss":0}],"is_beta":false,"boss_relics":[],"items_purged_floors":[],"is_endless":false,"potions_floor_spawned":[2,5,8,10,13],"killed_by":"Hexaghost","ascension_level":20}}