{"host":"sav7uxregyirlf69","time":1608173107,"event":{"mods":["AchievementEnabler","BaseMod","Colored Map","DeckTracker","Keyboard Shortcuts","Minty Spire (QoL Compilation)","READ ME - Guardian Mod","StSLib","SuperFastMode"],"gold_per_floor":[117,133,133,148,223,223,170,186,186,186,215,187,205,224,224,224,224],"floor_reached":16,"playtime":271,"items_purged":[],"score":204,"play_id":"b01dde72-accb-43b3-a238-e5ff08b0040e","local_time":"20201217114507","is_ascension_mode":true,"campfire_choices":[{"data":"Perfected Strike","floor":6,"key":"SMITH"},{"data":"Ghostly Armor","floor":10,"key":"SMITH"},{"data":"Perfected Strike","floor":15,"key":"SMITH"}],"circlet_count":0,"master_deck":["AscendersBane","Strike_R","Strike_R","Strike_R","Strike_R","Strike_R","Defend_R","Defend_R","Defend_R","Defend_R","Bash","Ghostly Armor+1","Wild Strike+1","Perfected Strike+1","Warcry","Shrug It Off","Barricade","Perfected Strike+1"],"relics":["Burning Blood","Pocketwatch","White Beast Statue"],"acts_visited":["Exordium"],"potions_floor_usage":[8],"damage_taken":[{"damage":7,"enemies":"Small Slimes","floor":1,"turns":4},{"damage":14,"enemies":"Jaw Worm","floor":2,"turns":4},{"damage":7,"enemies":"Cultist","floor":4,"turns":4},{"damage":5,"enemies":"Gremlin Gang","floor":8,"turns":3},{"damage":35,"enemies":"Lagavulin","floor":11,"turns":5},{"damage":0,"enemies":"Exordium Thugs","floor":13,"turns":3},{"damage":0,"enemies":"Red Slaver","floor":14,"turns":4},{"damage":34,"enemies":"The Guardian","floor":16,"turns":9}],"seed_played":"993505078762027362","potions_obtained":[{"floor":1,"key":"Explosive Potion"},{"floor":11,"key":"Fire Potion"},{"floor":13,"key":"Ancient Potion"}],"is_trial":false,"path_per_floor":["M","M","?","M","?","R","$","M","T","R","E","$","M","M","R","B"],"character_chosen":"IRONCLAD","items_purchased":["Warcry","Shrug It Off"],"campfire_rested":0,"item_purchase_floors":[7,12],"current_hp_per_floor":[67,59,59,58,47,47,47,48,48,48,19,19,25,31,31,0,0],"gold":224,"neow_bonus":"THREE_CARDS","is_daily":false,"chose_seed":false,"campfire_upgraded":3,"win_rate":0.0,"timestamp":1608173107,"path_taken":["M","M","?","M","?","R","?","M","T","R","E","$","?","M","R","BOSS"],"items_purchased_type":["Card","Card"],"build_version":"2020-12-13","purchased_purges":0,"victory":false,"max_hp_per_floor":[75,75,75,75,75,75,75,75,75,75,75,75,75,75,75,75,75],"card_choices":[{"not_picked":["Heavy Blade","Rage"],"picked":"Ghostly Armor","floor":0},{"not_picked":["Whirlwind","Cleave"],"picked":"Wild Strike","floor":1},{"not_picked":["Rage","Clothesline","Sword Boomerang"],"picked":"SKIP","floor":2},{"not_picked":["Rage","Headbutt"],"picked":"Perfected Strike","floor":4},{"not_picked":["Heavy Blade","Ghostly Armor","Anger"],"picked":"SKIP","floor":8},{"not_picked":["Thunderclap","Clash","Blood for Blood"],"picked":"SKIP","floor":11},{"not_picked":["Flex","Whirlwind"],"picked":"Barricade","floor":13},{"not_picked":["Pommel Strike","Headbutt"],"picked":"Perfected Strike","floor":14}],"player_experience":932663,"relics_obtained":[{"floor":9,"key":"Pocketwatch"},{"floor":11,"key":"White Beast Statue"}],"event_choices":[{"damage_healed":0,"gold_gain":0,"player_choice":"Grow","damage_taken":0,"max_hp_gain":0,"max_hp_loss":0,"event_name":"Living Wall","floor":3,"gold_loss":0,"cards_upgraded":["Wild Strike"]},{"damage_healed":0,"gold_gain":75,"player_choice":"Gather Gold","damage_taken":11,"max_hp_gain":0,"max_hp_loss":0,"event_name":"World of Goop","floor":5,"gold_loss":0}],"is_beta":false,"boss_relics":[],"items_purged_floors":[],"is_endless":false,"potions_floor_spawned":[1,11,13,14],"killed_by":"The Guardian","ascension_level":20}}