{"host":"2pffx5rqbod9ds0c","time":1608165037,"event":{"mods":["BaseMod","Better Altar","Better Match","Better Note","Better Sensory Stone","Better Skull","Better Third Choice","Custom Start","Hubris","Minty Spire (QoL Compilation)","Quick Restart","Relic Stats","Robot Space Explorer","Spicy Shops","StSLib"],"gold_per_floor":[113,132,207,15,32,62,80,110,110,137,137,154,183,202,202,202,202],"floor_reached":16,"playtime":978,"items_purged":["RobotSpaceExplorer:Strike"],"score":165,"play_id":"60c35f17-8e38-4398-928d-8357f1fd8677","local_time":"20201216163037","is_ascension_mode":true,"campfire_choices":[{"data":"RobotSpaceExplorer:MiniBoosters","floor":15,"key":"SMITH"}],"circlet_count":0,"master_deck":["RobotSpaceExplorer:Strike","RobotSpaceExplorer:Strike","RobotSpaceExplorer:Defend","RobotSpaceExplorer:Defend","RobotSpaceExplorer:Defend","RobotSpaceExplorer:Defend","RobotSpaceExplorer:Scan","RobotSpaceExplorer:MiniLasers+1","RobotSpaceExplorer:SlimeMissile","RobotSpaceExplorer:IronShell","RobotSpaceExplorer:ScrapMissile","RobotSpaceExplorer:MiniBoosters+1","RobotSpaceExplorer:LuckyStrike","RobotSpaceExplorer:GlueSpray","RobotSpaceExplorer:ScrapToss"],"relics":["RobotSpaceExplorer:RoboCore","Girya","MealTicket","Sundial","Strawberry","hubris:Potato","Kunai"],"acts_visited":["Exordium"],"potions_floor_usage":[8],"damage_taken":[{"damage":0.0,"enemies":"Small Slimes","floor":1.0,"turns":3.0},{"damage":0.0,"enemies":"Cultist","floor":2.0,"turns":3.0},{"damage":0,"enemies":"Jaw Worm","floor":5,"turns":3},{"damage":5,"enemies":"3 Sentries","floor":6,"turns":7},{"damage":5,"enemies":"Exordium Thugs","floor":7,"turns":5},{"damage":0,"enemies":"Lagavulin","floor":8,"turns":11},{"damage":20,"enemies":"Gremlin Nob","floor":10,"turns":4},{"damage":2,"enemies":"Blue Slaver","floor":12,"turns":3},{"damage":22,"enemies":"Lagavulin","floor":13,"turns":14},{"damage":0,"enemies":"3 Louse","floor":14,"turns":2},{"damage":21,"enemies":"Hexaghost","floor":16,"turns":16}],"seed_played":"-8360401547121685725","potions_obtained":[{"floor":2.0,"key":"SpeedPotion"},{"floor":5,"key":"EssenceOfSteel"},{"floor":10,"key":"BlessingOfTheForge"},{"floor":14,"key":"EssenceOfSteel"}],"is_trial":false,"path_per_floor":["M","M","?","$","M","E","M","E","T","E","?","M","E","M","R","B"],"character_chosen":"RobotSpaceExplorer","items_purchased":["RobotSpaceExplorer:ScrapMissile"],"campfire_rested":0,"item_purchase_floors":[4],"current_hp_per_floor":[75,75,68,68,68,63,58,58,58,45,45,43,21,21,21,0,0],"gold":202,"neow_bonus":"UPGRADE_CARD","is_daily":false,"chose_seed":false,"campfire_upgraded":1,"win_rate":0.0,"timestamp":1608165037,"path_taken":["M","M","?","?","M","E","?","E","T","E","?","M","E","M","R","BOSS"],"items_purchased_type":["Card"],"build_version":"2020-12-13","purchased_purges":1,"victory":false,"max_hp_per_floor":[75,75,75,75,75,75,75,75,75,82,82,82,82,82,82,82,82],"relic_stats":{"counters":[11,71],"Sundial":[8],"MealTicket":0,"Kunai":[5],"obtain_stats":[{"Girya":6,"Sundial":9,"Strawberry":10,"RobotSpaceExplorer:RoboCore":0,"MealTicket":8,"Kunai":13,"hubris:Potato":13},{"Girya":4,"Sundial":6,"Strawberry":7,"RobotSpaceExplorer:RoboCore":0,"MealTicket":6,"Kunai":9,"hubris:Potato":9},{"Girya":16,"Sundial":32,"Strawberry":36,"RobotSpaceExplorer:RoboCore":0,"MealTicket":32,"Kunai":53,"hubris:Potato":53}]},"card_choices":[{"not_picked":["RobotSpaceExplorer:Probe","RobotSpaceExplorer:SurgingShield"],"picked":"RobotSpaceExplorer:SlimeMissile","floor":1.0},{"not_picked":["RobotSpaceExplorer:ExhaustFan","RobotSpaceExplorer:Probe"],"picked":"RobotSpaceExplorer:IronShell","floor":2.0},{"not_picked":["RobotSpaceExplorer:FrostMissile","RobotSpaceExplorer:GlueShot"],"picked":"RobotSpaceExplorer:MiniBoosters","floor":5},{"not_picked":["RobotSpaceExplorer:ScrapShield","RobotSpaceExplorer:Ammunition","RobotSpaceExplorer:SwiftStep"],"picked":"SKIP","floor":6},{"not_picked":["RobotSpaceExplorer:Probe","RobotSpaceExplorer:ImprovisedAttack"],"picked":"RobotSpaceExplorer:LuckyStrike","floor":7},{"not_picked":["RobotSpaceExplorer:Electroshield","RobotSpaceExplorer:MetalStrike","RobotSpaceExplorer:Ammunition"],"picked":"SKIP","floor":8},{"not_picked":["RobotSpaceExplorer:Jetpack","RobotSpaceExplorer:LaserBurst"],"picked":"RobotSpaceExplorer:Exploration","floor":10},{"not_picked":["RobotSpaceExplorer:FreezingShield","RobotSpaceExplorer:Pulsar","RobotSpaceExplorer:ImprovisedAttack"],"picked":"SKIP","floor":12},{"not_picked":["RobotSpaceExplorer:Reload","RobotSpaceExplorer:SurgingStrike"],"picked":"RobotSpaceExplorer:ScrapToss","floor":13},{"not_picked":["RobotSpaceExplorer:ImprovisedAttack","RobotSpaceExplorer:MetalStrike","RobotSpaceExplorer:Arsenal"],"picked":"SKIP","floor":14}],"player_experience":770177,"relics_obtained":[{"floor":6,"key":"Girya"},{"floor":8,"key":"MealTicket"},{"floor":9,"key":"Sundial"},{"floor":10,"key":"Strawberry"},{"floor":13,"key":"hubris:Potato"},{"floor":13,"key":"Kunai"}],"event_choices":[{"damage_healed":0,"gold_gain":75,"player_choice":"Touch","damage_taken":7,"max_hp_gain":0,"max_hp_loss":0,"event_name":"FaceTrader","floor":3,"gold_loss":0},{"damage_healed":0,"gold_gain":0,"cards_transformed":["RobotSpaceExplorer:Strike"],"player_choice":"Transformed","damage_taken":0,"max_hp_gain":0,"max_hp_loss":0,"event_name":"Transmorgrifier","floor":11,"gold_loss":0,"cards_obtained":["RobotSpaceExplorer:GlueSpray"]}],"is_beta":false,"boss_relics":[],"items_purged_floors":[4],"is_endless":false,"potions_floor_spawned":[2,5,10,14],"killed_by":"Hexaghost","ascension_level":1}}