{"host":"keq0h3zgiuz4rmh9","time":1608187980,"event":{"mods":["AchievementEnabler","BaseMod","BetterRewards","Downfall","Duelist Mod","GifTheSpireLib","Hermit","Minty Spire (QoL Compilation)","Replay The Spire","StSLib","The Cursed","The Necromancer"],"gold_per_floor":[143,143,170,182,36,70,70,97,123,153,79,93,107,117,117,220,220,234,234,245,245,260,288,288,321,402,432,238,238,248,267,267,267,267],"floor_reached":33,"playtime":2268,"items_purged":[],"score":495,"play_id":"8af8eceb-286c-48b1-b68b-ca8859ad4c35","local_time":"20201217015300","is_ascension_mode":true,"campfire_choices":[{"floor":7,"key":"REST"},{"floor":15,"key":"REST"},{"floor":24,"key":"REST"},{"floor":29,"key":"REST"},{"floor":32,"key":"REST"}],"circlet_count":0,"master_deck":["theDuelist:DarkFusion","theDuelist:ArchfiendSoldier","theDuelist:ArchfiendSoldier","theDuelist:CastleWalls","theDuelist:CastleWalls","theDuelist:CastleWalls","theDuelist:FiendMegacyber","theDuelist:Sparks","theDuelist:Sparks","theDuelist:SummonedSkull","theDuelist:FabledAshenveil","theDuelist:DarklordMarie","theDuelist:DarkBlade+1","theDuelist:ArchfiendCommander","theDuelist:ArchfiendHeiress","theDuelist:GracefulCharity","theDuelist:PotDichotomy","theDuelist:DarkMasterZorc","theDuelist:ObeliskTormentor","theDuelist:PowerWall","theDuelist:DarkHunter","ReplayTheSpireMod:IOU","theDuelist:RedSprinter"],"relics":["theDuelist:MillenniumPuzzle","theDuelist:CardPoolRelic","theDuelist:CardPoolBasicRelic","theDuelist:BoosterPackPoolRelic","theDuelist:CardPoolAddRelic","theDuelist:CardPoolMinusRelic","theDuelist:CardPoolSaveRelic","theDuelist:CardPoolOptionsRelic","Bronze Scales","Boot","theDuelist:BoosterPackHealer","theDuelist:ElectricBurst","theDuelist:SummonAnchor","Pet Ghost","Cursed Key","theDuelist:CursedHealer","Snake Skull","ReplayFunnel","Replay:Ringing Soul","theDuelist:DuelistLetterOpener","Pen Nib"],"acts_visited":["Exordium","TheCity"],"potions_floor_usage":[16,16,16,23,23,33,33,33],"damage_taken":[{"damage":6,"enemies":"Jaw Worm","floor":1,"turns":4},{"damage":7,"enemies":"Small Slimes","floor":4,"turns":3},{"damage":27,"enemies":"Gremlin Nob","floor":6,"turns":4},{"damage":25,"enemies":"Replay:BlueRogue","floor":8,"turns":5},{"damage":18,"enemies":"Gremlin Nob","floor":10,"turns":4},{"damage":3,"enemies":"Cultist","floor":12,"turns":2},{"damage":0,"enemies":"3 Louse","floor":13,"turns":1},{"damage":8,"enemies":"Blue Slaver","floor":14,"turns":2},{"damage":38,"enemies":"The Guardian","floor":16,"turns":10},{"damage":33,"enemies":"Shell Parasite","floor":18,"turns":4},{"damage":2,"enemies":"Chosen","floor":20,"turns":4},{"damage":26,"enemies":"Snake Plant","floor":22,"turns":3},{"damage":37,"enemies":"Gremlin Leader","floor":23,"turns":5},{"damage":0,"enemies":"theDuelist:KaibaA2","floor":25,"turns":2},{"damage":1,"enemies":"Replay:Snechameleon","floor":27,"turns":4},{"damage":10,"enemies":"Snecko","floor":30,"turns":4},{"damage":41,"enemies":"Centurion and Healer","floor":31,"turns":4},{"damage":62,"enemies":"Automaton","floor":33,"turns":6}],"seed_played":"-2761715745021027949","potions_obtained":[{"floor":4,"key":"champ:CounterPotion"},{"floor":8,"key":"LiquidMemories"},{"floor":13,"key":"theDuelist:MillenniumElixir"},{"floor":16,"key":"PowerPotion"},{"floor":18,"key":"theDuelist:FlamingBottle"},{"floor":22,"key":"Adrenaline Potion"},{"floor":23,"key":"Languid Potion"},{"floor":27,"key":"SpeedPotion"}],"is_trial":false,"path_per_floor":["M","?","T","M","$","E","R","E","T","E","$","M","M","M","R","B",null,"M","?","M","?","M","E","R","E","T","E","$","R","M","M","R","B"],"character_chosen":"THE_DUELIST","items_purchased":["theDuelist:FabledAshenveil","Boot","theDuelist:ArchfiendHeiress","theDuelist:RedSprinter","Pen Nib"],"campfire_rested":5,"item_purchase_floors":[0,5,11,28,28],"current_hp_per_floor":[74,74,74,70,70,46,70,48,48,30,30,27,27,19,43,11,80,47,47,49,74,48,15,39,39,39,42,45,69,59,21,45,0,0],"gold":267,"neow_bonus":"","is_daily":false,"chose_seed":false,"campfire_upgraded":0,"win_rate":0.0,"timestamp":1608187980,"path_taken":["M","?","?","M","$","E","R","E","T","E","$","M","M","M","R","BOSS","M","?","M","?","M","E","R","E","T","E","$","R","M","M","R","BOSS"],"items_purchased_type":["Card","Relic","Card","Card","Relic"],"build_version":"2020-12-13","purchased_purges":0,"victory":false,"max_hp_per_floor":[80,80,80,80,80,80,80,80,80,80,80,80,80,80,80,80,80,80,80,80,80,80,80,80,80,80,80,83,83,83,83,83,83,83],"card_choices":[{"not_picked":["theDuelist:FlyingSaucer","theDuelist:CyberArchfiend","theDuelist:CheerfulCoffin","theDuelist:BeastTalwar"],"picked":"theDuelist:DarklordMarie","floor":1},{"not_picked":["theDuelist:CyberArchfiend","theDuelist:DarklordMarie","theDuelist:PortraitSecret","theDuelist:FiendMegacyber","theDuelist:DoomDonuts"],"picked":"SKIP","floor":4},{"not_picked":["theDuelist:BlastAsmodian","theDuelist:BeastTalwar","theDuelist:Pumprincess","theDuelist:MsJudge","theDuelist:RedMirror"],"picked":"SKIP","floor":6},{"not_picked":["theDuelist:ArchfiendCommander+1","theDuelist:RedSprinter+1"],"picked":"theDuelist:DarkBlade+1","floor":8},{"not_picked":["theDuelist:DarkCubicLord","theDuelist:PutridPudding","theDuelist:ArchfiendGeneral","theDuelist:CallGrave"],"picked":"theDuelist:ArchfiendCommander","floor":10},{"not_picked":["theDuelist:FeatherShot","theDuelist:DarkEnergy","theDuelist:TributeDoomed"],"picked":"theDuelist:GracefulCharity","floor":12},{"not_picked":["theDuelist:GilfordLegend","theDuelist:EvilswarmHeliotrope","theDuelist:Hinotama","theDuelist:GemArmadillo"],"picked":"theDuelist:PotDichotomy","floor":13},{"not_picked":["theDuelist:GraniteLoyalist","theDuelist:GemElephant","theDuelist:MudGolem","theDuelist:GiantTrapHole","theDuelist:Jinzo"],"picked":"SKIP","floor":14},{"not_picked":["theDuelist:DarkCubicLord","theDuelist:PutridPudding","theDuelist:Tierra","theDuelist:FabledGallabas"],"picked":"theDuelist:DarkMasterZorc","floor":16},{"not_picked":["theDuelist:BattleguardKing","theDuelist:GreyGreedOni","theDuelist:ForbiddenLance","theDuelist:Solidarity+1"],"picked":"theDuelist:ObeliskTormentor","floor":18},{"not_picked":["theDuelist:BottomlessTrapHole","theDuelist:FiendishChain","theDuelist:Cloning","theDuelist:RadiantMirrorForce"],"picked":"theDuelist:PowerWall","floor":20},{"not_picked":["theDuelist:DoomDonuts+1","theDuelist:DarknessNeosphere","theDuelist:RedMirror","theDuelist:Doomdog"],"picked":"SKIP","floor":22},{"not_picked":["theDuelist:CosmicHorrorGangiel","theDuelist:Pumpking","theDuelist:FiendMegacyber","theDuelist:DarkBlade"],"picked":"theDuelist:DarkHunter","floor":23},{"not_picked":["theDuelist:GiantOrc","theDuelist:DrivenDaredevil","theDuelist:PortraitSecret","theDuelist:FiendMegacyber","theDuelist:Pumprincess"],"picked":"SKIP","floor":25},{"not_picked":["theDuelist:DarklordMarie","theDuelist:BattleOx","theDuelist:BlackPendant","theDuelist:GilfordLegend","theDuelist:ArchfiendHeiress"],"picked":"SKIP","floor":27},{"not_picked":["theDuelist:DoomDonuts","theDuelist:DarknessNeosphere","theDuelist:RedMirror+1","theDuelist:Doomdog"],"picked":"SKIP","floor":30},{"not_picked":["theDuelist:Relinkuriboh","theDuelist:BeastTalwar","theDuelist:DarklordMarie","theDuelist:GiantOrc","theDuelist:AcidTrapHole"],"picked":"SKIP","floor":31}],"player_experience":157774,"relics_obtained":[{"floor":3,"key":"Bronze Scales"},{"floor":6,"key":"theDuelist:BoosterPackHealer"},{"floor":8,"key":"theDuelist:ElectricBurst"},{"floor":9,"key":"theDuelist:SummonAnchor"},{"floor":10,"key":"Pet Ghost"},{"floor":23,"key":"Snake Skull"},{"floor":25,"key":"ReplayFunnel"},{"floor":26,"key":"Replay:Ringing Soul"},{"floor":27,"key":"theDuelist:DuelistLetterOpener"}],"event_choices":[{"damage_healed":0,"gold_gain":0,"player_choice":"Traded Archfiend Soldier for Dark Fusion","duelist":true,"damage_taken":0,"max_hp_gain":0,"max_hp_loss":0,"event_name":"Card Trader","floor":2,"gold_loss":0},{"total_magic_score":47,"gold_gain":0,"duelist":true,"damage_taken":0,"relics_obtained":[],"points":5,"max_hp_gain":0,"max_hp_loss":0,"spent_points":{"magic":0,"greed":0,"war":0,"power":0,"hunger":0},"event_name":"Nameless Tomb","floor":19,"gold_loss":0,"cards_obtained":[]},{"damage_healed":0,"gold_gain":0,"player_choice":"Succumb - +25HP/Cursed Relic","duelist":true,"damage_taken":0,"max_hp_gain":0,"max_hp_loss":0,"event_name":"Tomb of the Nameless","floor":21,"gold_loss":0}],"is_beta":false,"boss_relics":[{"not_picked":["Coffee Dripper","Honey Jar"],"picked":"Cursed Key"}],"items_purged_floors":[],"is_endless":false,"potions_floor_spawned":[4,8,13,16,18,22,23,27,30],"killed_by":"Automaton","ascension_level":2}}