{"host":"7y3xcojbvgknqiob","time":1608179917,"event":{"mods":["Aspiration","BaseMod","Best Route Mod","Downfall","Hermit","Magitek Elite","Minty Spire (QoL Compilation)","Potionbrewer","Quick Restart","StSLib","The Bug Knight"],"gold_per_floor":[99,115,133,133,153,183,183,199,216,66,66,77,91,108,121,121,121],"floor_reached":16,"playtime":1599,"items_purged":[],"score":133,"play_id":"7adea7a5-91e4-4849-b9c2-64ddae0741d7","local_time":"20201216203837","is_ascension_mode":false,"campfire_choices":[{"floor":1,"key":"RECALL"},{"floor":10,"key":"REST"}],"circlet_count":0,"master_deck":["hexamod:Strike","hexamod:Strike","hexamod:Strike","hexamod:Strike","hexamod:Defend","hexamod:Defend","hexamod:Defend","hexamod:Defend","hexamod:Sear+1","hexamod:Float","hexamod:Firestarter","hexamod:GhostflameBarrier","hexamod:SpectersWail","hexamod:SoulSteal","hexamod:FourthSeal","hexamod:EmpoweredFlame","hexamod:AdvancingGuard","hexamod:PhantomCloak","hexamod:BurningTouch","hexamod:HexaLevel"],"relics":["hexamod:SpiritBrand","Orichalcum","Mummified Hand","downfall:HeartBlessingBlue","downfall:HeartBlessingRed","downfall:BrokenWingStatue"],"acts_visited":["Exordium"],"potions_floor_usage":[12,12,16,16],"damage_taken":[{"damage":0,"enemies":"Cultist","floor":2,"turns":3},{"damage":7,"enemies":"2 Louse","floor":3,"turns":3},{"damage":0,"enemies":"Small Slimes","floor":5,"turns":4},{"damage":32,"enemies":"Lagavulin","floor":6,"turns":9},{"damage":0,"enemies":"Blue Slaver","floor":8,"turns":3},{"damage":4,"enemies":"3 Louse","floor":9,"turns":4},{"damage":3,"enemies":"Exordium Wildlife","floor":12,"turns":4},{"damage":1,"enemies":"2 Fungi Beasts","floor":13,"turns":3},{"damage":10,"enemies":"Large Slime","floor":14,"turns":8},{"damage":5,"enemies":"Blue Slaver","floor":15,"turns":3},{"damage":56,"enemies":"downfall:Defect","floor":16,"turns":5}],"seed_played":"-7499116665145649200","potions_obtained":[{"floor":2,"key":"SteroidPotion"},{"floor":3,"key":"FearPotion"},{"floor":8,"key":"Ancient Potion"},{"floor":9,"key":"CultistPotion"},{"floor":12,"key":"potionbrewer:BlacksmithPotion"},{"floor":13,"key":"potionbrewer:BarricadePotion"},{"floor":15,"key":"Regen Potion"}],"is_trial":false,"path_per_floor":["R","M","M","?","M","E","T","M","M","R","?","M","M","M","M","B"],"character_chosen":"THE_SPIRIT","items_purchased":[],"campfire_rested":1,"item_purchase_floors":[],"current_hp_per_floor":[77,77,70,58,58,26,26,26,22,58,58,55,54,44,39,0,0],"gold":121,"neow_bonus":"TEN_PERCENT_HP_BONUS","is_daily":false,"chose_seed":false,"campfire_upgraded":0,"win_rate":0.0,"timestamp":1608179917,"path_taken":["R","?","M","?","M","E","T","M","M","R","?","M","M","M","M","BOSS"],"items_purchased_type":[],"build_version":"2020-12-13","purchased_purges":0,"victory":false,"max_hp_per_floor":[77,77,77,77,77,77,77,77,77,87,87,87,87,87,87,87,87],"card_choices":[{"not_picked":["hexamod:Haunt","hexamod:HauntingEcho"],"picked":"hexamod:Firestarter","floor":2},{"not_picked":["hexamod:NightmareGuise","hexamod:HeatShield"],"picked":"hexamod:GhostflameBarrier","floor":3},{"not_picked":["hexamod:GhostShield","hexamod:Rewind"],"picked":"hexamod:SpectersWail","floor":5},{"not_picked":["hexamod:GhostShield","hexamod:SpectersWail"],"picked":"hexamod:SoulSteal","floor":6},{"not_picked":["hexamod:ThermalTransfer","hexamod:HeatCrush"],"picked":"hexamod:FourthSeal","floor":8},{"not_picked":["hexamod:Again","hexamod:ThermalTransfer"],"picked":"hexamod:EmpoweredFlame","floor":9},{"not_picked":["hexamod:DynamicBlow","hexamod:ShieldOfDarkness"],"picked":"hexamod:AdvancingGuard","floor":12},{"not_picked":["hexamod:Rewind","hexamod:NightmareStrike"],"picked":"hexamod:PhantomCloak","floor":13},{"not_picked":["hexamod:RainOfEmbers","hexamod:Firestarter"],"picked":"hexamod:BurningTouch","floor":14},{"not_picked":["hexamod:ShieldOfDarkness","hexamod:GhostOfSpirePast"],"picked":"hexamod:HexaLevel","floor":15}],"player_experience":318404,"relics_obtained":[{"floor":6,"key":"Mummified Hand"}],"event_choices":[{"damage_healed":0,"gold_gain":0,"player_choice":"Success","damage_taken":12,"relics_obtained":["Orichalcum"],"max_hp_gain":0,"max_hp_loss":0,"event_name":"Scrap Ooze","floor":4,"gold_loss":0}],"is_beta":false,"boss_relics":[],"items_purged_floors":[],"is_endless":false,"potions_floor_spawned":[2,3,8,14],"killed_by":"downfall:Defect","ascension_level":0}}