{"host":"cr9rpoy6dx9riis3","time":1608215322,"event":{"mods":["AchievementEnabler","BaseMod","Better Altar","Better Note","Better Sensory Stone","Better Skull","Better Third Choice","Better-Laid Plans","BetterRewards","Block Reminder","Curses Come First","Displayed Cursed Tome","Emptier Cage","Marked Mod","Minty Spire (QoL Compilation)","Permanent Neow","Relic Sorter","StSLib","The Blue Laboratory","Transform Curses"],"gold_per_floor":[112,112,35,35,35,35,35,53,130,163,163,195,208,223,223,223,223],"floor_reached":16,"playtime":717,"items_purged":[],"score":190,"play_id":"6ba27724-437e-47fa-8e31-53e5c64597c3","local_time":"20201217152842","is_ascension_mode":true,"campfire_choices":[{"floor":6,"key":"RECALL"},{"floor":11,"key":"REST"},{"floor":15,"key":"REST"}],"circlet_count":0,"master_deck":["Strike_R","Strike_R","Strike_R","Strike_R","Strike_R","Defend_R+1","Defend_R","Defend_R","Defend_R+1","Bash","Trip+1","Blood for Blood"],"relics":["Burning Blood","Question Card","Membership Card","Bottled Lightning","HandDrill"],"acts_visited":["Exordium"],"potions_floor_usage":[12],"damage_taken":[{"damage":4,"enemies":"Jaw Worm","floor":1,"turns":4},{"damage":5,"enemies":"Small Slimes","floor":8,"turns":3},{"damage":58,"enemies":"Lagavulin","floor":10,"turns":7},{"damage":33,"enemies":"Gremlin Nob","floor":12,"turns":5},{"damage":5,"enemies":"Cultist","floor":13,"turns":4},{"damage":11,"enemies":"Lots of Slimes","floor":14,"turns":6},{"damage":45,"enemies":"The Guardian","floor":16,"turns":5}],"seed_played":"7698526533463571669","potions_obtained":[{"floor":8,"key":"blueLaboratory:BottledHope"},{"floor":10,"key":"Block Potion"},{"floor":12,"key":"blueLaboratory:NullPotion"}],"is_trial":false,"path_per_floor":["M","?","$","?","$","R","$","M","T","E","R","E","M","M","R","B"],"character_chosen":"IRONCLAD","items_purchased":["Membership Card","Trip","HandDrill"],"campfire_rested":2,"item_purchase_floors":[0,0,3],"current_hp_per_floor":[77,61,61,61,61,61,61,62,62,10,34,17,18,13,40,0,0],"gold":223,"neow_bonus":"","is_daily":false,"chose_seed":false,"campfire_upgraded":0,"win_rate":0.0,"timestamp":1608215322,"path_taken":["M","?","$","?","$","R","$","?","T","E","R","E","?","M","R","BOSS"],"items_purchased_type":["Relic","Card","Relic"],"build_version":"2020-12-13","purchased_purges":0,"victory":false,"max_hp_per_floor":[80,80,80,80,80,80,80,80,80,80,80,90,90,90,90,90,90],"card_choices":[{"not_picked":["Whirlwind","Thunderclap"],"picked":"Blood for Blood","floor":1},{"not_picked":["Power Through","Clothesline","Shrug It Off"],"picked":"SKIP","floor":8},{"not_picked":["Intimidate","Iron Wave","Clash","Whirlwind"],"picked":"SKIP","floor":10},{"not_picked":["Headbutt","Thunderclap","Pommel Strike","Havoc"],"picked":"SKIP","floor":12},{"not_picked":["Burning Pact","Havoc","Evolve","Wild Strike"],"picked":"SKIP","floor":13},{"not_picked":["Thunderclap","Second Wind","Sword Boomerang","Fire Breathing"],"picked":"SKIP","floor":14}],"player_experience":725111,"relics_obtained":[{"floor":9,"key":"Question Card"},{"floor":10,"key":"Bottled Lightning"},{"floor":12,"key":"Pear"}],"event_choices":[{"damage_healed":77,"gold_gain":0,"player_choice":"Upgrade","damage_taken":16,"max_hp_gain":0,"max_hp_loss":80,"event_name":"betterThird:BetterShining","floor":2,"gold_loss":0,"cards_upgraded":["Defend_R","Defend_R"]},{"damage_healed":0,"gold_gain":0,"player_choice":"Forge","damage_taken":0,"max_hp_gain":0,"max_hp_loss":0,"event_name":"Accursed Blacksmith","floor":4,"gold_loss":0,"cards_upgraded":["Trip"]}],"is_beta":false,"boss_relics":[],"items_purged_floors":[],"is_endless":false,"potions_floor_spawned":[8,10,12],"killed_by":"The Guardian","ascension_level":4}}