{"host":"o1wkfo8ppvrprpet","time":1608224270,"event":{"mods":["Aspiration","Astrologer","BaseMod","CapriCore","Colored Powertips","Koishi","Minty Spire (QoL Compilation)","Replay The Spire","RumiaBox-露米娅的神秘盒子","Spicy Shops","StSLib","The Administrix","The Alterego","The Gatherer","The Immortal","Waifu the Spire"],"gold_per_floor":[111,111,126,169,169,169,201,201,201,301,311,326,326,51,51,151,151,164,74,74],"floor_reached":19,"playtime":776,"items_purged":[],"score":165,"play_id":"de7c7945-860d-4559-8e7e-5b8f9581d909","local_time":"20201218005750","is_ascension_mode":false,"campfire_choices":[{"data":"alterego_mod:Schoolgirl","floor":6.0,"key":"SMITH"},{"data":"alterego_mod:Vow","floor":8.0,"key":"SMITH"},{"data":"alterego_mod:Birthday","floor":13.0,"key":"SMITH"},{"floor":15.0,"key":"REST"}],"circlet_count":0,"master_deck":["alterego_mod:Strike","alterego_mod:Strike","alterego_mod:Strike","alterego_mod:Strike","alterego_mod:Defend","alterego_mod:Defend","alterego_mod:Defend","alterego_mod:Defend","alterego_mod:Impale","alterego_mod:BigMeatyClaws","alterego_mod:BrynhildrsRune","alterego_mod:Schoolgirl+1","alterego_mod:Undulate","alterego_mod:Birthday+1","alterego_mod:DiscoLights+1","alterego_mod:Vow+1","alterego_mod:DeftHands","alterego_mod:Clones","alterego_mod:Mirror","alterego_mod:Valkyrie","alterego_mod:BiFurious"],"relics":["alterego_mod:MasochisticConstitution","Incense Burner","Sundial","Peace Pipe","aspiration:FetidBarrel"],"acts_visited":["Exordium","TheCity"],"potions_floor_usage":[18,19],"damage_taken":[{"damage":18.0,"enemies":"Jaw Worm","floor":1.0,"turns":5.0},{"damage":2.0,"enemies":"Small Slimes","floor":3.0,"turns":4.0},{"damage":12.0,"enemies":"3 Sentries","floor":7.0,"turns":14.0},{"damage":2.0,"enemies":"2 Louse","floor":11.0,"turns":2.0},{"damage":5.0,"enemies":"Looter","floor":12.0,"turns":4.0},{"damage":1.0,"enemies":"Fading Forest","floor":16.0,"turns":5.0},{"damage":42,"enemies":"Shell Parasite","floor":18,"turns":6},{"damage":50,"enemies":"2 Thieves","floor":19,"turns":3}],"seed_played":"-7472456737730805133","potions_obtained":[{"floor":7.0,"key":"Death Potion"},{"floor":18,"key":"GamblersBrew"}],"is_trial":false,"path_per_floor":["M","?","M","?","?","R","E","R","T","?","M","M","R","$","R","B",null,"M","M"],"character_chosen":"The_Alterego","items_purchased":["alterego_mod:Mirror","aspiration:FetidBarrel"],"campfire_rested":1,"item_purchase_floors":[14,14],"current_hp_per_floor":[53,53,52,24,24,24,22,22,22,22,21,19,19,19,41,54,76,38,0,0],"gold":74,"neow_bonus":"THREE_CARDS","is_daily":false,"chose_seed":false,"campfire_upgraded":3,"win_rate":0.0,"timestamp":1608224270,"path_taken":["M","?","M","?","?","R","E","R","T","?","?","M","R","$","R","BOSS","M","?"],"items_purchased_type":["Card","Relic"],"build_version":"2020-12-13","purchased_purges":0,"victory":false,"max_hp_per_floor":[71,71,72,72,72,72,73,73,73,73,74,75,75,75,75,76,76,77,77,77],"card_choices":[{"not_picked":["alterego_mod:Cooking","alterego_mod:DustData"],"picked":"alterego_mod:Schoolgirl","floor":0.0},{"not_picked":["alterego_mod:HighServant","alterego_mod:Rip"],"picked":"alterego_mod:Undulate","floor":1.0},{"not_picked":["alterego_mod:Pet","alterego_mod:MagicResistance"],"picked":"alterego_mod:Birthday","floor":3.0},{"not_picked":["alterego_mod:1TonWallop","alterego_mod:HighServant"],"picked":"alterego_mod:DiscoLights","floor":4.0},{"not_picked":["alterego_mod:Birthday","alterego_mod:Undulate"],"picked":"alterego_mod:Vow","floor":7.0},{"not_picked":["alterego_mod:HighServant","alterego_mod:Bounce"],"picked":"alterego_mod:DeftHands","floor":11.0},{"not_picked":["alterego_mod:BiFurious","alterego_mod:DeftHands"],"picked":"alterego_mod:Clones","floor":12.0},{"not_picked":["alterego_mod:VirginLaserPalladion","alterego_mod:RingBreak"],"picked":"alterego_mod:Valkyrie","floor":16.0},{"not_picked":["alterego_mod:1TonWallop","alterego_mod:Punishment"],"picked":"alterego_mod:BiFurious","floor":18}],"player_experience":601329,"relics_obtained":[{"floor":4.0,"key":"Incense Burner"},{"floor":7.0,"key":"Sundial"},{"floor":9.0,"key":"Peace Pipe"}],"event_choices":[{"damage_healed":0.0,"max_hp_gain":0.0,"max_hp_loss":0.0,"gold_gain":0.0,"event_name":"Liars Game","player_choice":"Ignored","floor":2.0,"gold_loss":0.0,"damage_taken":0.0},{"damage_healed":0.0,"max_hp_gain":0.0,"max_hp_loss":0.0,"gold_gain":0.0,"event_name":"Living Wall","player_choice":"Grow","floor":5.0,"gold_loss":0.0,"damage_taken":0.0,"cards_upgraded":["alterego_mod:DiscoLights"]},{"damage_healed":0.0,"max_hp_gain":0.0,"max_hp_loss":0.0,"gold_gain":100.0,"event_name":"Golden Shrine","player_choice":"Pray","floor":10.0,"gold_loss":0.0,"damage_taken":0.0}],"is_beta":false,"boss_relics":[{"not_picked":["ReplayTheSpireMod:DimensionalGlitch","Pandora\u0027s Box","aspiration:DefectSkillbook"]}],"items_purged_floors":[],"is_endless":false,"potions_floor_spawned":[7,18],"killed_by":"2 Thieves","ascension_level":0}}