{"host":"syfd7bej9fmvsdy8","time":1608246184,"event":{"mods":["Act Like it!","BaseMod","BetterRewards","Colored Map","Colored Powertips","Downfall","Elementarium","Gensokyo","Hallownest","Hubris","Infinite Spire","Minty Spire (QoL Compilation)","Quick Restart","Rare Cards Sparkle","Replay The Spire","Shade Mod","Shop Mod","Spikes Relics","StSLib"],"gold_per_floor":[112,132,132,4,4,4,18,18,18,18,42,42,42,42,42,173,173,191,209,209,209,228,228,76,76,129,129,139,166,166,166,166,266,266],"floor_reached":33,"playtime":1460,"items_purged":["Defend_G","Defend_G","Strike_G"],"score":251,"play_id":"96ae74e1-52d9-43ad-8b40-b2622fef2cd9","local_time":"20201217230304","is_ascension_mode":false,"campfire_choices":[{"data":"Neutralize","floor":6,"key":"SMITH"},{"data":"Dagger Spray","floor":8,"key":"SMITH"},{"data":"Outmaneuver","floor":10,"key":"SMITH"},{"data":"Deadly Poison","floor":12,"key":"SMITH"},{"data":"Strike_G","floor":15,"key":"SMITH"},{"data":"Defend_G","floor":23,"key":"SMITH"},{"data":"Backflip","floor":25,"key":"SMITH"},{"data":"Pot Of Greed","floor":27,"key":"SMITH"},{"data":"ReplayTheSpireMod:??????????????????????","floor":32,"key":"SMITH"}],"circlet_count":0,"master_deck":["Strike_G+1","Strike_G","Strike_G","Strike_G","Defend_G+1","Defend_G","Defend_G","Neutralize+1","Deadly Poison+1","Outmaneuver+1","Distraction+1","Dagger Spray+1","Slice+1","Venomology+1","Flying Knee+1","Flying Knee+1","Flying Knee+1","Backflip+1","Pot Of Greed+1","Pot Of Greed","Bouncing Flask","ReplayTheSpireMod:??????????????????????+1"],"relics":["Ring of the Serpent","Dream Catcher","Elementarium:RadiantIdol","Grinning Jar","Eternal Feather","hubris:Icosahedron"],"acts_visited":["Exordium","Exordium"],"potions_floor_usage":[7,11,16,18,19,28,28,29,29,29,33],"damage_taken":[{"damage":2,"enemies":"Cultist","floor":1,"turns":5},{"damage":10,"enemies":"Jaw Worm","floor":2,"turns":3},{"damage":0,"enemies":"Small Slimes","floor":7,"turns":2},{"damage":1,"enemies":"Exordium Thugs","floor":11,"turns":3},{"damage":40,"enemies":"The Guardian","floor":16,"turns":10},{"damage":24,"enemies":"Elementarium:VoidCorruption","floor":18,"turns":5},{"damage":0,"enemies":"Elementarium:2_ELEMENTALS","floor":19,"turns":2},{"damage":24,"enemies":"Elementarium:Hydrostalker","floor":22,"turns":5},{"damage":0,"enemies":"Elementarium:RubyGolem","floor":28,"turns":2},{"damage":21,"enemies":"Nightmare","floor":29,"turns":5},{"damage":53,"enemies":"Elementarium:GolemEmperor","floor":33,"turns":9}],"seed_played":"5109304725303676441","potions_obtained":[{"floor":2,"key":"CunningPotion"},{"floor":7,"key":"Energy Potion"},{"floor":11,"key":"champ:CounterPotion"},{"floor":16,"key":"Energy Potion"},{"floor":22,"key":"sneckomod:MuddlingPotion"},{"floor":28,"key":"SkillPotion"}],"is_trial":false,"path_per_floor":["M","M","?","$","?","R","M","R","T","R","M","R","?","$","R","B",null,"M","M","?","?","M","R","$","R","T","R","M","NM","?","AVR","R","B"],"character_chosen":"THE_SILENT","items_purchased":["Dagger Spray","Backflip"],"campfire_rested":0,"item_purchase_floors":[4,24],"current_hp_per_floor":[75,65,65,65,65,65,65,65,65,65,64,64,64,64,64,24,71,47,47,47,47,29,29,35,35,47,47,53,38,38,38,50,0,0],"gold":266,"neow_bonus":"TEN_PERCENT_HP_BONUS","is_daily":false,"chose_seed":false,"campfire_upgraded":9,"win_rate":0.0,"timestamp":1608246184,"path_taken":["M","?","?","$","?","R","?","R","T","R","M","R","?","$","R","BOSS","M","M","?","?","M","R","$","R","T","R","M","NM","?","AVR","R","BOSS"],"items_purchased_type":["Card","Card"],"build_version":"2020-12-13","purchased_purges":3,"victory":false,"max_hp_per_floor":[77,77,77,77,71,71,71,71,71,71,71,71,71,71,71,71,71,71,71,71,71,71,71,71,71,71,71,71,71,71,71,71,71,71],"card_choices":[{"not_picked":["Acrobatics","Prepared"],"picked":"Deadly Poison","floor":1},{"not_picked":["Deadly Poison","Quick Slash"],"picked":"Outmaneuver","floor":2},{"not_picked":["Pace","Endless Agony"],"picked":"Slice","floor":7},{"not_picked":["Distraction","Expertise","Cloak And Dagger"],"picked":"SKIP","floor":11},{"not_picked":["After Image","ReplayTheSpireMod:From All Sides"],"picked":"Venomology","floor":16},{"not_picked":["Poisoned Stab","Dagger Throw"],"picked":"Flying Knee+1","floor":18},{"not_picked":["Dagger Throw","Riddle With Holes+1"],"picked":"Flying Knee+1","floor":19},{"not_picked":["Endless Agony+1","Outmaneuver"],"picked":"Flying Knee+1","floor":22},{"not_picked":["ReplayTheSpireMod:Speed Training","Backstab"],"picked":"Bouncing Flask","floor":28},{"not_picked":["infinitespire:Fortify","ReplayTheSpireMod:Echoes of Time"],"picked":"ReplayTheSpireMod:??????????????????????","floor":29},{"not_picked":["Sneak Up","Riddle With Holes+1","Flying Knee"],"picked":"SKIP","floor":29}],"player_experience":168606,"relics_obtained":[{"floor":9,"key":"Dream Catcher"},{"floor":26,"key":"Grinning Jar"},{"floor":29,"key":"Eternal Feather"}],"event_choices":[{"damage_healed":0,"gold_gain":0,"player_choice":"Lose Max HP","damage_taken":0,"relics_obtained":["Golden Idol"],"max_hp_gain":0,"max_hp_loss":6,"event_name":"Golden Idol","floor":5,"gold_loss":0},{"damage_healed":0,"gold_gain":0,"player_choice":"Offer","damage_taken":0,"relics_obtained":["Elementarium:RadiantIdol"],"max_hp_gain":0,"max_hp_loss":0,"event_name":"Elementarium:RadiantAltar","floor":20,"relics_lost":["Golden Idol"],"gold_loss":0}],"is_beta":false,"boss_relics":[{"not_picked":["hubris:VirtuousBlindfold","Replay:Ancient Bell"],"picked":"Ring of the Serpent"}],"items_purged_floors":[4,24,31],"is_endless":false,"potions_floor_spawned":[2,7,11,16,22,28],"killed_by":"Elementarium:GolemEmperor","ascension_level":0}}