{"host":"nn0usk9aafse27ii","time":1608241175,"event":{"mods":["BaseMod","Colored Map","Highlight Path","Minty Spire (QoL Compilation)","Replay The Spire","Shop Mod","StSLib"],"gold_per_floor":[111,128,203,378,396,424,424,434,434,445,445,10,10,24,24,123,123,140,40,60,60,75,75,110,110,110,50,149,162,173,173,173,271,271,291,341,354,370,381,381,381,381],"floor_reached":41,"playtime":4899,"items_purged":["Regret","Doubt"],"score":490,"play_id":"6347b11d-796b-406b-9a09-4e848b0cf781","local_time":"20201217133935","is_ascension_mode":false,"campfire_choices":[{"floor":11.0,"key":"REST"},{"data":"Zap","floor":13.0,"key":"SMITH"},{"data":"Crystallizer","floor":15.0,"key":"SMITH"},{"data":"Echo Form","floor":23.0,"key":"SMITH"},{"data":"Dualcast","floor":25.0,"key":"SMITH"},{"data":"Sunder","floor":32,"key":"SMITH"},{"data":"Creative AI","floor":40,"key":"SMITH"}],"circlet_count":0,"master_deck":["Strike_B+1","Defend_B+1","Defend_B+1","Defend_B+1","Defend_B+1","Zap+1","Dualcast+1","Compile Driver","Sunder+1","Gash","Reboot+1","Sweeping Beam","Conserve Battery+1","BasicCrystalCard+1","Crystallizer+1","Transmutation+1","Blind+1","Panacea+1","Chaos+1","Echo Form+1","Coolheaded+1","Steam+1","Consume+1","Barrage+1","Stack+1","Beam Cell","Creative AI+1","Lockon+1","ReplayGash+1","Stack+1","Time Bomb+1","Gash+1","Beam Cell+1","Reboot+1","Hologram+1"],"relics":["Cracked Core","Toxic Egg 2","CaptainsWheel","PreservedInsect","Pondfish Scales","ReplayTheSpireMod:ShopPack","MerchantsRug","Runic Pyramid","Strawberry","Enchiridion","Astrolabe","Replay:Multitool"],"acts_visited":["Exordium","TheCity","TheBeyond"],"potions_floor_usage":[33],"damage_taken":[{"damage":0.0,"enemies":"Small Slimes","floor":1.0,"turns":2.0},{"damage":6.0,"enemies":"2 Louse","floor":2.0,"turns":2.0},{"damage":12.0,"enemies":"Jaw Worm","floor":5.0,"turns":3.0},{"damage":18.0,"enemies":"Replay:BlueRogue","floor":6.0,"turns":5.0},{"damage":4.0,"enemies":"3 Louse","floor":8.0,"turns":3.0},{"damage":0.0,"enemies":"2 Fungi Beasts","floor":10.0,"turns":2.0},{"damage":0.0,"enemies":"Large Slime","floor":14.0,"turns":2.0},{"damage":6.0,"enemies":"Slime Boss","floor":16.0,"turns":8.0},{"damage":0.0,"enemies":"Spheric Guardian","floor":18.0,"turns":4.0},{"damage":0.0,"enemies":"Chosen","floor":20.0,"turns":5.0},{"damage":1.0,"enemies":"Centurion and Healer","floor":22.0,"turns":5.0},{"damage":16.0,"enemies":"Gremlin Leader","floor":24.0,"turns":8.0},{"damage":0.0,"enemies":"Snecko","floor":29.0,"turns":4.0},{"damage":8.0,"enemies":"Shelled Parasite and Fungi","floor":30.0,"turns":5.0},{"damage":0,"enemies":"Collector","floor":33,"turns":9},{"damage":3,"enemies":"3 Shapes","floor":35,"turns":3},{"damage":0,"enemies":"Mind Bloom Boss Battle","floor":36,"turns":5},{"damage":1,"enemies":"3 Darklings","floor":37,"turns":7},{"damage":0,"enemies":"Spire Growth","floor":38,"turns":5},{"damage":7,"enemies":"Jaw Worm Horde","floor":39,"turns":4},{"damage":100,"enemies":"Giant Head","floor":41,"turns":12}],"seed_played":"2371024261935533345","potions_obtained":[{"floor":5.0,"key":"PotionOfCapacity"},{"floor":6.0,"key":"SneckoOil"},{"floor":10.0,"key":"GamblersBrew"},{"floor":14.0,"key":"Strength Potion"},{"floor":18.0,"key":"Regen Potion"},{"floor":20.0,"key":"Milkshake"},{"floor":30.0,"key":"Ancient Potion"},{"floor":38,"key":"CultistPotion"}],"is_trial":false,"path_per_floor":["M","M","?","?","M","E","?","M","T","M","R","$","R","M","R","B",null,"M","$","M","?","M","R","E","R","T","?","?","M","M","?","R","B",null,"M","?","M","M","M","R","E"],"character_chosen":"DEFECT","items_purchased":["ReplayTheSpireMod:ShopPack","BasicCrystalCard+1","Crystallizer","MerchantsRug"],"campfire_rested":1,"item_purchase_floors":[12,12,12,12],"current_hp_per_floor":[75,69,58,58,46,28,28,24,24,24,46,46,46,46,46,40,75,75,75,75,75,74,74,80,80,80,80,80,80,72,56,56,56,82,79,79,78,78,71,71,0,0],"gold":381,"neow_bonus":"RANDOM_EVENT","is_daily":false,"chose_seed":false,"campfire_upgraded":6,"win_rate":0.0,"timestamp":1608241175,"path_taken":["M","M","?","?","?","E","?","M","T","M","R","$","R","M","R","BOSS","M","$","M","?","M","R","E","R","T","?","?","M","M","?","R_BF","BOSS","M","?","M","M","M","R","E"],"items_purchased_type":["Relic","Card","Card","Relic"],"build_version":"2020-12-13","purchased_purges":2,"victory":false,"max_hp_per_floor":[75,75,75,75,75,75,75,75,75,75,75,75,75,75,75,75,75,75,75,75,75,75,75,82,82,82,82,82,82,82,82,82,82,82,82,82,82,82,82,82,82,82],"card_choices":[{"not_picked":["ReplayTheSpireMod:System Scan+1","Storm"],"picked":"Compile Driver","floor":1.0},{"not_picked":["Cold Snap","Capacitor"],"picked":"Sunder","floor":2.0},{"not_picked":["Sweeping Beam","Blizzard"],"picked":"Gash","floor":5.0},{"not_picked":["Scrape","ReplaySolidLightProjector+1"],"picked":"Reboot+1","floor":6.0},{"not_picked":["BasicCrystalCard+1","Barrage"],"picked":"Sweeping Beam","floor":8.0},{"not_picked":["Sunder","Darkness+1"],"picked":"Conserve Battery+1","floor":10.0},{"not_picked":["ReplayTheSpireMod:Necrogeddon","Crow Ritual"],"picked":"Transmutation","floor":12.0},{"not_picked":["Dark Shackles","Replay:Parry"],"picked":"Blind","floor":12.0},{"not_picked":["Replay:BasicMightCard","The Bomb"],"picked":"Panacea","floor":12.0},{"not_picked":["ReplaySort+1","Coolheaded+1"],"picked":"Chaos+1","floor":14.0},{"not_picked":["ReplayTheSpireMod:Omega Cannon","Thunder Strike"],"picked":"Echo Form","floor":16.0},{"not_picked":["Compile Driver+1","Auto Shields+1"],"picked":"Coolheaded+1","floor":18.0},{"not_picked":["Self Repair","Ball Lightning+1"],"picked":"Steam+1","floor":20.0},{"not_picked":["Darkness+1","Rebound"],"picked":"Consume+1","floor":22.0},{"not_picked":["Steam+1","Machine Learning"],"picked":"Barrage+1","floor":24.0},{"not_picked":["Heatsinks","Barrage"],"picked":"Stack+1","floor":29.0},{"not_picked":["Cold Snap+1","Steam Power+1"],"picked":"Beam Cell","floor":30.0},{"not_picked":["Fission+1","Rainbow+1"],"picked":"Creative AI","floor":33},{"not_picked":["Go for the Eyes","Loop"],"picked":"Time Bomb+1","floor":35},{"not_picked":["ReplayTheSpireMod:System Scan+1","Barrage"],"picked":"Gash+1","floor":36},{"not_picked":["Leap+1","Ball Lightning"],"picked":"Beam Cell+1","floor":37},{"not_picked":["Glacier+1","Undo+1"],"picked":"Reboot+1","floor":38},{"not_picked":["Stack+1","Coolheaded+1"],"picked":"Hologram+1","floor":39}],"player_experience":309045,"relics_obtained":[{"floor":6.0,"key":"CaptainsWheel"},{"floor":9.0,"key":"Pondfish Scales"},{"floor":24.0,"key":"Strawberry"},{"floor":31.0,"key":"Enchiridion"},{"floor":36,"key":"Replay:Multitool"}],"event_choices":[{"damage_healed":0.0,"max_hp_gain":0.0,"max_hp_loss":0.0,"gold_gain":0.0,"event_name":"Big Fish","player_choice":"Box","floor":0.0,"gold_loss":0.0,"damage_taken":0.0,"relics_obtained":["Toxic Egg 2"],"cards_obtained":["Regret"]},{"damage_healed":0.0,"max_hp_gain":0.0,"max_hp_loss":0.0,"gold_gain":75.0,"event_name":"World of Goop","player_choice":"Gather Gold","floor":3.0,"gold_loss":0.0,"damage_taken":11.0},{"damage_healed":0.0,"max_hp_gain":0.0,"max_hp_loss":0.0,"gold_gain":175.0,"event_name":"Liars Game","player_choice":"AGREE","floor":4.0,"gold_loss":0.0,"damage_taken":0.0,"cards_obtained":["Doubt"]},{"damage_healed":0.0,"max_hp_gain":0.0,"max_hp_loss":0.0,"gold_gain":0.0,"event_name":"Dead Adventurer","player_choice":"Searched \u00271\u0027 times","floor":7.0,"gold_loss":0.0,"damage_taken":0.0,"relics_obtained":["PreservedInsect"]},{"damage_healed":0.0,"max_hp_gain":0.0,"max_hp_loss":0.0,"gold_gain":0.0,"event_name":"Back to Basics","player_choice":"Simplicity","floor":21.0,"gold_loss":0.0,"damage_taken":0.0,"cards_upgraded":["Strike_B","Strike_B","Strike_B","Strike_B","Defend_B","Defend_B","Defend_B","Defend_B"]},{"damage_healed":0.0,"max_hp_gain":0.0,"max_hp_loss":0.0,"gold_gain":99.0,"event_name":"Nest","player_choice":"Stole From Cult","floor":28.0,"gold_loss":0.0,"damage_taken":0.0},{"damage_healed":0.0,"max_hp_gain":0.0,"max_hp_loss":0.0,"gold_gain":0.0,"event_name":"Cursed Tome","player_choice":"Obtained Book","floor":31.0,"gold_loss":0.0,"damage_taken":16.0},{"damage_healed":0,"gold_gain":0,"player_choice":"Fight","damage_taken":0,"max_hp_gain":0,"max_hp_loss":0,"event_name":"MindBloom","floor":36,"gold_loss":0}],"is_beta":false,"boss_relics":[{"not_picked":["Coffee Dripper","FrozenCore"],"picked":"Runic Pyramid"},{"not_picked":["Velvet Choker","Replay:Ancient Bell"],"picked":"Astrolabe"}],"items_purged_floors":[12,19],"is_endless":false,"potions_floor_spawned":[5,6,10,14,18,20,30,38],"killed_by":"Giant Head","ascension_level":0}}