{"host":"yn1175etg9ni8l0q","time":1608229954,"event":{"mods":["AchievementEnabler","BaseMod","Colored Map","Colored Powertips","DeckTracker","Minty Spire (QoL Compilation)","Rare Cards Sparkle","Relic Stats","SuperFastMode","Waifu the Spire","everything is the same but u backflip on backflip"],"gold_per_floor":[110,125,137,152,165,165,220,230,230,244,279,290,311,328,328,433,433,444,454,529,341,121,154,172,172,172,191,209,209,219,234,234,329,329,348,400,279,279,293,293,293,293,293,214,242,258,258,258,258,258,258,258,44,77,77],"floor_reached":56,"playtime":2461,"items_purged":["Strike_B","Defend_B","Defend_B"],"score":1203,"play_id":"747336bc-72ad-4a53-9012-b7bc47d0b50d","local_time":"20201218033234","is_ascension_mode":false,"campfire_choices":[{"data":"Genetic Algorithm","floor":6.0,"key":"SMITH"},{"data":"Defragment","floor":15.0,"key":"SMITH"},{"data":"Coolheaded","floor":25.0,"key":"SMITH"},{"data":"Coolheaded","floor":29.0,"key":"SMITH"},{"data":"Creative AI","floor":32.0,"key":"SMITH"},{"floor":42,"key":"RECALL"},{"data":"Capacitor","floor":47,"key":"SMITH"},{"data":"Thunder Strike","floor":49,"key":"SMITH"},{"data":"Seek","floor":52,"key":"SMITH"}],"circlet_count":0,"master_deck":["Zap","Dualcast","Cold Snap","Genetic Algorithm+1","Sweeping Beam","Self Repair","Coolheaded+1","Glacier","BootSequence","Conserve Battery","Thunder Strike+1","Defragment+1","Ball Lightning","Machine Learning","Echo Form","Hologram+1","Coolheaded+1","Turbo+1","Undo","Chill+1","Creative AI+1","Seek+1","Steam+1","Heatsinks+1","Scrape+1","Storm","Blind+1","Flash of Steel+1","Capacitor+1","Reboot","Recycle+1","Core Surge+1"],"relics":["FrozenCore","Anchor","Mummified Hand","Nunchaku","Odd Mushroom","Membership Card","Prayer Wheel","The Courier","Sundial","Astrolabe","WingedGreaves","Runic Capacitor","Bird Faced Urn","FossilizedHelix","DataDisk","ClockworkSouvenir","War Paint","Whetstone"],"acts_visited":["Exordium","TheCity","TheBeyond","TheEnding"],"potions_floor_usage":[55,55],"damage_taken":[{"damage":11.0,"enemies":"2 Louse","floor":1.0,"turns":3.0},{"damage":0.0,"enemies":"Small Slimes","floor":2.0,"turns":2.0},{"damage":0.0,"enemies":"Cultist","floor":3.0,"turns":3.0},{"damage":12.0,"enemies":"Exordium Thugs","floor":4.0,"turns":5.0},{"damage":0.0,"enemies":"Large Slime","floor":5.0,"turns":6.0},{"damage":4.0,"enemies":"3 Sentries","floor":7.0,"turns":11.0},{"damage":0.0,"enemies":"2 Fungi Beasts","floor":8.0,"turns":4.0},{"damage":1.0,"enemies":"3 Louse","floor":10.0,"turns":4.0},{"damage":16.0,"enemies":"Gremlin Nob","floor":11.0,"turns":3.0},{"damage":0.0,"enemies":"Lots of Slimes","floor":12.0,"turns":6.0},{"damage":8.0,"enemies":"The Mushroom Lair","floor":13.0,"turns":5.0},{"damage":0.0,"enemies":"Looter","floor":14.0,"turns":3.0},{"damage":17.0,"enemies":"Hexaghost","floor":16.0,"turns":10.0},{"damage":0.0,"enemies":"Shell Parasite","floor":18.0,"turns":7.0},{"damage":2.0,"enemies":"Spheric Guardian","floor":19.0,"turns":6.0},{"damage":25.0,"enemies":"Gremlin Leader","floor":23.0,"turns":6.0},{"damage":20.0,"enemies":"3 Cultists","floor":24.0,"turns":6.0},{"damage":0.0,"enemies":"Snake Plant","floor":27.0,"turns":7.0},{"damage":0.0,"enemies":"Sentry and Sphere","floor":28.0,"turns":6.0},{"damage":0.0,"enemies":"Snecko","floor":30.0,"turns":6.0},{"damage":0.0,"enemies":"Centurion and Healer","floor":31.0,"turns":7.0},{"damage":8.0,"enemies":"Collector","floor":33.0,"turns":8.0},{"damage":4,"enemies":"Orb Walker","floor":35,"turns":5},{"damage":6,"enemies":"2 Orb Walkers","floor":36,"turns":7},{"damage":1,"enemies":"3 Darklings","floor":39,"turns":5},{"damage":12,"enemies":"Nemesis","floor":45,"turns":7},{"damage":0,"enemies":"Writhing Mass","floor":46,"turns":5},{"damage":27,"enemies":"Awakened One","floor":50,"turns":6},{"damage":0,"enemies":"Shield and Spear","floor":54,"turns":5},{"damage":40,"enemies":"The Heart","floor":55,"turns":7}],"seed_played":"549119300604065777","potions_obtained":[{"floor":1.0,"key":"EssenceOfDarkness"},{"floor":4.0,"key":"AttackPotion"},{"floor":5.0,"key":"FairyPotion"},{"floor":10.0,"key":"CultistPotion"},{"floor":16.0,"key":"Strength Potion"},{"floor":23.0,"key":"PotionOfCapacity"},{"floor":24.0,"key":"DuplicationPotion"},{"floor":27.0,"key":"BlessingOfTheForge"},{"floor":40,"key":"FairyPotion"}],"is_trial":false,"path_per_floor":["M","M","M","M","M","R","?","M","T","M","E","M","?","M","R","B",null,"M","M","?","$","$","E","M","R","T","M","M","R","M","M","R","B",null,"M","?","$","?","M","?","$","R","T","$","E","M","R","?","R","B",null,"R","$","E","B",null],"character_chosen":"DEFECT","items_purchased":["Membership Card","Prayer Wheel","Coolheaded","Runic Capacitor","Reboot","FocusPotion","Core Surge","DataDisk","ClockworkSouvenir","War Paint"],"campfire_rested":0,"item_purchase_floors":[21,22,22,37,44,44,53,53,53,53],"current_hp_per_floor":[57,57,64,52,59,59,62,68,68,68,52,59,58,65,65,55,68,68,68,62,62,62,44,31,31,31,38,52,52,66,68,68,67,68,68,68,68,58,64,64,64,64,64,64,67,68,68,65,65,57,65,65,65,65,51],"gold":77,"neow_bonus":"TRANSFORM_TWO_CARDS","is_daily":false,"chose_seed":false,"campfire_upgraded":8,"win_rate":0.0,"timestamp":1608229954,"path_taken":["M","M","M","M","M","R","?","M","T","M","E","M","?","M","R","BOSS","M","M","?","?","$","E","M","R","T","?","M","R","M","M","R","BOSS","M","?","$","?","M","?","$","R","T","$","E","?","R","?","R","BOSS","R","$","E","BOSS"],"items_purchased_type":["Relic","Relic","Card","Relic","Card","Potion","Card","Relic","Relic","Relic"],"build_version":"2020-12-13","purchased_purges":3,"victory":true,"max_hp_per_floor":[68,68,68,68,68,68,68,68,68,68,68,68,68,68,68,68,68,68,68,68,68,68,68,68,68,68,68,68,68,68,68,68,68,68,68,68,68,68,68,68,68,68,68,68,68,68,68,65,65,65,65,65,65,65,65],"relic_stats":{"Nunchaku":[20],"counters":[30,171],"Mummified Hand":[173],"Sundial":[18],"Astrolabe":["Steam","Heatsinks","Scrape"],"Bird Faced Urn":[40],"Prayer Wheel":8,"Whetstone":["Core Surge","Flash of Steel"],"War Paint":["Blind","Chill"],"obtain_stats":[{"Astrolabe":34,"The Courier":23,"Runic Capacitor":37,"Whetstone":54,"Odd Mushroom":13,"War Paint":53,"FrozenCore":17,"ClockworkSouvenir":53,"Anchor":7,"Nunchaku":11,"DataDisk":53,"Mummified Hand":9,"Sundial":26,"Bird Faced Urn":43,"Prayer Wheel":22,"WingedGreaves":36,"Membership Card":21,"Cracked Core":0,"FossilizedHelix":45},{"Astrolabe":22,"The Courier":16,"Runic Capacitor":24,"Whetstone":29,"Odd Mushroom":11,"War Paint":28,"FrozenCore":13,"ClockworkSouvenir":28,"Anchor":5,"Nunchaku":9,"DataDisk":28,"Mummified Hand":7,"Sundial":17,"Bird Faced Urn":25,"Prayer Wheel":15,"WingedGreaves":24,"Membership Card":15,"Cracked Core":0,"FossilizedHelix":26},{"Astrolabe":124,"The Courier":84,"Runic Capacitor":136,"Whetstone":164,"Odd Mushroom":52,"War Paint":159,"FrozenCore":65,"ClockworkSouvenir":159,"Anchor":19,"Nunchaku":41,"DataDisk":159,"Mummified Hand":34,"Sundial":90,"Bird Faced Urn":141,"Prayer Wheel":78,"WingedGreaves":136,"Membership Card":78,"Cracked Core":0,"FossilizedHelix":148}],"FrozenCore":[30]},"card_choices":[{"not_picked":["Reprogram","Double Energy"],"picked":"Sweeping Beam","floor":1.0},{"not_picked":["Blizzard","Reprogram"],"picked":"Self Repair","floor":2.0},{"not_picked":["Chaos","Self Repair","Stack"],"picked":"SKIP","floor":3.0},{"not_picked":["Sweeping Beam","Rebound"],"picked":"Coolheaded","floor":4.0},{"not_picked":["Rip and Tear","Double Energy"],"picked":"Glacier","floor":5.0},{"not_picked":["Stack","Steam"],"picked":"BootSequence","floor":7.0},{"not_picked":["Barrage","Beam Cell","Storm"],"picked":"SKIP","floor":8.0},{"not_picked":["Compile Driver","Storm"],"picked":"Conserve Battery","floor":10.0},{"not_picked":["Sweeping Beam","Stack"],"picked":"Thunder Strike","floor":11.0},{"not_picked":["Skim","Beam Cell"],"picked":"Defragment","floor":12.0},{"not_picked":["Gash","Turbo"],"picked":"Ball Lightning","floor":13.0},{"not_picked":["Hologram","Beam Cell"],"picked":"Machine Learning","floor":14.0},{"not_picked":["Seek","Reboot"],"picked":"Echo Form","floor":16.0},{"not_picked":["Redo","Storm","BootSequence"],"picked":"SKIP","floor":18.0},{"not_picked":["Barrage+1","Leap"],"picked":"Hologram+1","floor":19.0},{"not_picked":["Storm","Doom and Gloom","Double Energy"],"picked":"SKIP","floor":23.0},{"not_picked":["Sweeping Beam+1","Gash"],"picked":"Turbo+1","floor":24.0},{"not_picked":["Redo+1","Coolheaded","Cold Snap"],"picked":"SKIP","floor":24.0},{"not_picked":["Darkness","Streamline"],"picked":"Undo","floor":27.0},{"not_picked":["BootSequence","Conserve Battery+1","Hologram"],"picked":"SKIP","floor":27.0},{"not_picked":["Coolheaded+1","Self Repair+1"],"picked":"Chill","floor":28.0},{"not_picked":["Turbo","Streamline","Conserve Battery"],"picked":"SKIP","floor":28.0},{"not_picked":["Go for the Eyes","Consume"],"picked":"Creative AI","floor":30.0},{"not_picked":["Steam+1","Coolheaded","Hologram+1"],"picked":"SKIP","floor":30.0},{"not_picked":["Chaos+1","Sweeping Beam","Leap"],"picked":"SKIP","floor":31.0},{"not_picked":["Cold Snap+1","Undo+1","Compile Driver+1"],"picked":"SKIP","floor":31.0},{"not_picked":["Core Surge","Amplify"],"picked":"Seek","floor":33.0},{"not_picked":["Glacier+1","Conserve Battery+1"],"picked":"Storm","floor":35},{"not_picked":["Streamline+1","Conserve Battery","Lockon+1"],"picked":"SKIP","floor":35},{"not_picked":["Purity","Dark Shackles"],"picked":"Blind","floor":38},{"not_picked":["Good Instincts","Trip"],"picked":"Flash of Steel","floor":38},{"not_picked":["Turbo+1","Redo"],"picked":"Capacitor","floor":39},{"not_picked":["Chill","Hologram+1","Cold Snap"],"picked":"SKIP","floor":39},{"not_picked":["Glacier","Static Discharge","Storm+1"],"picked":"SKIP","floor":45},{"not_picked":["Beam Cell+1","Stack+1"],"picked":"Recycle+1","floor":46},{"not_picked":["Compile Driver","Barrage+1","Steam+1"],"picked":"SKIP","floor":46},{"not_picked":["Echo Form","Steam+1","Redo+1"],"picked":"SKIP","floor":54}],"player_experience":273148,"relics_obtained":[{"floor":9.0,"key":"Mummified Hand"},{"floor":11.0,"key":"Nunchaku"},{"floor":13.0,"key":"Odd Mushroom"},{"floor":23.0,"key":"The Courier"},{"floor":26.0,"key":"Sundial"},{"floor":36,"key":"WingedGreaves"},{"floor":43,"key":"Bird Faced Urn"},{"floor":45,"key":"FossilizedHelix"},{"floor":54,"key":"Whetstone"}],"event_choices":[{"damage_healed":0.0,"max_hp_gain":0.0,"max_hp_loss":0.0,"gold_gain":30.0,"event_name":"Dead Adventurer","player_choice":"Searched \u00273\u0027 times","floor":7.0,"gold_loss":0.0,"damage_taken":0.0,"relics_obtained":["Anchor"]},{"damage_healed":0.0,"max_hp_gain":0.0,"max_hp_loss":0.0,"gold_gain":0.0,"event_name":"Mushrooms","player_choice":"Fought Mushrooms","floor":13.0,"gold_loss":0.0,"damage_taken":0.0},{"damage_healed":0.0,"max_hp_gain":0.0,"max_hp_loss":0.0,"gold_gain":75.0,"event_name":"FaceTrader","player_choice":"Touch","floor":20.0,"gold_loss":0.0,"damage_taken":6.0},{"damage_healed":0,"gold_gain":0,"player_choice":"Fight","damage_taken":0,"max_hp_gain":0,"max_hp_loss":0,"event_name":"Mysterious Sphere","floor":36,"gold_loss":0},{"damage_healed":0,"gold_gain":0,"player_choice":"Memory 3","damage_taken":10,"max_hp_gain":0,"max_hp_loss":0,"event_name":"SensoryStone","floor":38,"gold_loss":0},{"damage_healed":0,"gold_gain":0,"player_choice":"Got Potions","damage_taken":0,"max_hp_gain":0,"max_hp_loss":0,"event_name":"Lab","floor":40,"gold_loss":0},{"damage_healed":0,"gold_gain":0,"player_choice":"Max HP","damage_taken":0,"max_hp_gain":0,"max_hp_loss":3,"event_name":"Winding Halls","floor":48,"gold_loss":0}],"is_beta":false,"boss_relics":[{"not_picked":["SacredBark","SlaversCollar"],"picked":"FrozenCore"},{"not_picked":["Runic Dome","Velvet Choker"],"picked":"Astrolabe"}],"items_purged_floors":[21,22,37],"is_endless":false,"potions_floor_spawned":[1,4,5,10,16,23,24,27,31,36,45,54],"ascension_level":0}}