{"host":"cxvb37eaaiijvrl4","time":1608236746,"event":{"mods":["BaseMod","Better Third Choice","Minty Spire (QoL Compilation)","MostiFishMod","Quick Restart","Rare Cards Sparkle","Shop Mod","Spicy Shops","StSLib","TestMod","Uncapped"],"gold_per_floor":[109,109,121,121,196,221,221,254,302,227,227,242,259,279,279,350,350,369,383,383,189,202,228,228,23,23,23,33,43,71,90,90,163,163,175,186,199,104,119,119,144,174,229,40,40,40,53,87,87,87,87,87,87,87,117,117],"floor_reached":57,"playtime":961,"items_purged":["Strike_R","Strike_R","Bash","Body Slam+1"],"score":3334,"play_id":"acff96ac-3c9f-41e6-8fbe-2d638569cbb6","local_time":"20201217122546","is_ascension_mode":true,"campfire_choices":[{"data":"Body Slam","floor":7.0,"key":"SMITH"},{"data":"MostiFishMod:404NotFound","floor":11.0,"key":"SMITH"},{"data":"True Grit","floor":15.0,"key":"SMITH"},{"data":"Impervious","floor":27.0,"key":"SMITH"},{"data":"Second Wind","floor":32.0,"key":"SMITH"},{"data":"Evolve","floor":40.0,"key":"SMITH"},{"data":"Dark Embrace","floor":46.0,"key":"SMITH"},{"floor":49.0,"key":"RECALL"},{"data":"Feel No Pain","floor":53.0,"key":"SMITH"}],"circlet_count":0,"master_deck":["AscendersBane","Defend_R","Defend_R","Defend_R","Defend_R","Shrug It Off","Fire Breathing","MostiFishMod:404NotFound+1","True Grit+1","Impervious+1","Burning Pact+1","Evolve+1","Second Wind+1","Power Through","Dark Embrace+1","Feel No Pain+1"],"relics":["Burning Blood","testmod-TestBox","xbg","testmod-Nyarlathotep","Question Card","testmod-Antiphasic","Blue Candle","testmod-TurbochargingSystem","ImportantClient","testmod-Prudence","Omamori","Dream Catcher","DaveBox","SacredBark","Question Card","Red Mask","testmod-Recursion","Du-Vu Doll","Molten Egg 2","ArrowTower","Ornamental Fan"],"acts_visited":["Exordium","TheCity","TheBeyond","TheEnding"],"potions_floor_usage":[],"damage_taken":[{"damage":2.0,"enemies":"Jaw Worm","floor":1.0,"turns":3.0},{"damage":10.0,"enemies":"2 Louse","floor":3.0,"turns":3.0},{"damage":39.0,"enemies":"3 Sentries","floor":6.0,"turns":16.0},{"damage":16.0,"enemies":"Lagavulin","floor":8.0,"turns":6.0},{"damage":0.0,"enemies":"Small Slimes","floor":12.0,"turns":1.0},{"damage":0.0,"enemies":"Blue Slaver","floor":13.0,"turns":1.0},{"damage":0.0,"enemies":"Large Slime","floor":14.0,"turns":2.0},{"damage":0.0,"enemies":"Hexaghost","floor":16.0,"turns":3.0},{"damage":0.0,"enemies":"Chosen","floor":18.0,"turns":1.0},{"damage":0.0,"enemies":"3 Byrds","floor":19.0,"turns":1.0},{"damage":0.0,"enemies":"Sentry and Sphere","floor":22.0,"turns":1.0},{"damage":19.0,"enemies":"Slavers","floor":23.0,"turns":2.0},{"damage":0.0,"enemies":"Snake Plant","floor":28.0,"turns":1.0},{"damage":0.0,"enemies":"3 Cultists","floor":29.0,"turns":2.0},{"damage":0.0,"enemies":"Masked Bandits","floor":30.0,"turns":1.0},{"damage":0.0,"enemies":"Cultist and Chosen","floor":31.0,"turns":1.0},{"damage":0.0,"enemies":"Champ","floor":33.0,"turns":3.0},{"damage":7.0,"enemies":"3 Shapes","floor":35.0,"turns":1.0},{"damage":0.0,"enemies":"Orb Walker","floor":36.0,"turns":1.0},{"damage":0.0,"enemies":"4 Shapes","floor":37.0,"turns":1.0},{"damage":0.0,"enemies":"Sphere and 2 Shapes","floor":39.0,"turns":1.0},{"damage":0.0,"enemies":"Mind Bloom Boss Battle","floor":41.0,"turns":1.0},{"damage":0.0,"enemies":"Giant Head","floor":42.0,"turns":2.0},{"damage":0.0,"enemies":"3 Darklings","floor":47.0,"turns":1.0},{"damage":0.0,"enemies":"Reptomancer","floor":48.0,"turns":2.0},{"damage":0.0,"enemies":"Donu and Deca","floor":50.0,"turns":1.0},{"damage":0.0,"enemies":"Awakened One","floor":51.0,"turns":2.0},{"damage":0.0,"enemies":"Shield and Spear","floor":55.0,"turns":1.0},{"damage":26,"enemies":"The Heart","floor":56,"turns":5}],"seed_played":"6811893030383587952","potions_obtained":[{"floor":3.0,"key":"testmod-SpacePotion"},{"floor":12.0,"key":"DuplicationPotion"}],"is_trial":false,"path_per_floor":["M","?","M","?","?","E","R","E","T","?","R","M","M","M","R","B",null,"M","M","?","$","M","E","?","$","T","R","M","M","?","M","R","B",null,"M","M","M","$","M","R","?","E","T","$","?","R","M","E","R","B","B",null,"R","$","E","B",null],"character_chosen":"IRONCLAD","items_purchased":["Omamori","Power Through","Feel No Pain"],"campfire_rested":0,"item_purchase_floors":[21,38,44],"current_hp_per_floor":[72,77,73,66,55,22,22,12,12,12,12,18,24,30,30,36,69,75,80,80,80,80,67,67,67,67,67,73,79,80,80,80,80,80,79,80,80,80,80,80,80,80,80,80,80,80,80,80,80,80,80,80,80,80,80,65],"gold":117,"neow_bonus":"REMOVE_CARD","is_daily":false,"chose_seed":false,"campfire_upgraded":8,"win_rate":0.0,"timestamp":1608236746,"path_taken":["M","?","M","?","?","E","R","E","T","?","R","M","M","M","R","BOSS","M","M","?","$","M","E","?","?","T","R","?","M","?","M","R","BOSS","M","M","M","$","M","R","?","E","T","$","?","R","?","E","R","BOSS","BOSS","R","$","E","BOSS"],"items_purchased_type":["Relic","Card","Card"],"build_version":"2020-12-13","purchased_purges":4,"victory":true,"max_hp_per_floor":[75,80,80,80,80,80,80,80,80,80,80,80,80,80,80,80,80,80,80,80,80,80,80,80,80,80,80,80,80,80,80,80,80,80,80,80,80,80,80,80,80,80,80,80,80,80,80,80,80,80,80,80,80,80,80,85],"card_choices":[{"not_picked":["Headbutt","Anger"],"picked":"Body Slam","floor":1.0},{"not_picked":["Sword Boomerang","Heavy Blade","Armaments"],"picked":"Shrug It Off","floor":3.0},{"not_picked":["Carnage","Rage","Cleave"],"picked":"Fire Breathing","floor":6.0},{"not_picked":["Havoc","Sword Boomerang","Thunderclap"],"picked":"MostiFishMod:404NotFound","floor":8.0},{"not_picked":["Shrug It Off","Spot Weakness","Headbutt"],"picked":"True Grit","floor":12.0},{"not_picked":["True Grit","Sword Boomerang","Flex","Ghostly Armor"],"picked":"SKIP","floor":13.0},{"not_picked":["Blood for Blood","MostiFishMod:UltimateDefense","Iron Wave","Shrug It Off"],"picked":"SKIP","floor":14.0},{"not_picked":["MostiFishMod:DarkDeal","Fiend Fire","Juggernaut"],"picked":"Impervious","floor":16.0},{"not_picked":["Twin Strike+1","Blood for Blood","Thunderclap+1","Carnage"],"picked":"SKIP","floor":18.0},{"not_picked":["Carnage","Wild Strike","Pommel Strike","Iron Wave"],"picked":"SKIP","floor":19.0},{"not_picked":["Shrug It Off","Perfected Strike","Body Slam","Anger"],"picked":"SKIP","floor":22.0},{"not_picked":["Disarm","Clash","Bloodletting"],"picked":"Burning Pact+1","floor":23.0},{"not_picked":["Armaments+1","Burning Pact","Thunderclap","Blood for Blood"],"picked":"Evolve","floor":28.0},{"not_picked":["Perfected Strike","MostiFishMod:BrandingRite","Cleave","Iron Wave","MostiFishMod:#F4004"],"picked":"SKIP","floor":29.0},{"not_picked":["Perfected Strike","MostiFishMod:BrandingRite","Cleave","Iron Wave","MostiFishMod:#F4004"],"picked":"SKIP","floor":29.0},{"not_picked":["Dual Wield","Pommel Strike+1","Twin Strike","Battle Trance"],"picked":"Second Wind","floor":31.0},{"not_picked":["Combust","Havoc","Clothesline","Searing Blow","Burning Pact"],"picked":"SKIP","floor":35.0},{"not_picked":["Disarm+1","Pommel Strike","Thunderclap","Twin Strike+1","Shockwave"],"picked":"SKIP","floor":36.0},{"not_picked":["Thunderclap+1","Battle Trance+1","Fire Breathing+1","Second Wind+1","Sever Soul+1"],"picked":"SKIP","floor":37.0},{"not_picked":["Whirlwind","Thunderclap","Iron Wave","Warcry","Seeing Red"],"picked":"SKIP","floor":39.0},{"not_picked":["Anger+1","Evolve+1","Blood for Blood+1","Armaments"],"picked":"Dark Embrace","floor":42.0},{"not_picked":["Whirlwind+1","Pommel Strike+1","Blood for Blood+1","Battle Trance+1","Armaments"],"picked":"SKIP","floor":47.0},{"not_picked":["Iron Wave+1","Exhume","Twin Strike+1","Headbutt+1","Reckless Charge+1"],"picked":"SKIP","floor":48.0},{"not_picked":["Sword Boomerang+1","Havoc","Ghostly Armor","Armaments+1","Iron Wave+1"],"picked":"SKIP","floor":55.0}],"player_experience":629586,"relics_obtained":[{"floor":1.0,"key":"Question Card"},{"floor":6.0,"key":"testmod-Antiphasic"},{"floor":8.0,"key":"Blue Candle"},{"floor":9.0,"key":"testmod-TurbochargingSystem"},{"floor":16.0,"key":"ImportantClient"},{"floor":23.0,"key":"Dream Catcher"},{"floor":26.0,"key":"Question Card"},{"floor":30.0,"key":"Red Mask"},{"floor":41.0,"key":"Du-Vu Doll"},{"floor":42.0,"key":"Molten Egg 2"},{"floor":48.0,"key":"ArrowTower"},{"floor":55.0,"key":"Ornamental Fan"}],"event_choices":[{"damage_healed":0.0,"max_hp_gain":5.0,"max_hp_loss":0.0,"gold_gain":0.0,"event_name":"Big Fish","player_choice":"Donut","floor":2.0,"gold_loss":0.0,"damage_taken":0.0},{"cards_removed":["Strike_R"],"damage_healed":0.0,"max_hp_gain":0.0,"max_hp_loss":0.0,"gold_gain":0.0,"event_name":"Golden Wing","player_choice":"Card Removal","floor":4.0,"gold_loss":0.0,"damage_taken":7.0},{"damage_healed":0.0,"max_hp_gain":0.0,"max_hp_loss":0.0,"gold_gain":75.0,"event_name":"betterThird:BetterGoop","player_choice":"Gold","floor":5.0,"gold_loss":0.0,"damage_taken":11.0},{"cards_removed":["Strike_R"],"damage_healed":0.0,"max_hp_gain":0.0,"max_hp_loss":0.0,"gold_gain":0.0,"event_name":"The Cleric","player_choice":"Card Removal","floor":10.0,"gold_loss":75.0,"damage_taken":0.0},{"damage_healed":0.0,"max_hp_gain":0.0,"max_hp_loss":0.0,"gold_gain":0.0,"event_name":"The Mausoleum","player_choice":"Ignored","floor":20.0,"gold_loss":0.0,"damage_taken":0.0},{"damage_healed":0.0,"max_hp_gain":0.0,"max_hp_loss":0.0,"gold_gain":0.0,"event_name":"Box For Yourself","player_choice":"Swap Relic","floor":24.0,"relics_lost":["DaveBox"],"gold_loss":0.0,"damage_taken":0.0,"relics_obtained":["DaveBox"]},{"damage_healed":0.0,"max_hp_gain":0.0,"max_hp_loss":0.0,"gold_gain":0.0,"event_name":"Masked Bandits","player_choice":"Fought Bandits","floor":30.0,"gold_loss":0.0,"damage_taken":0.0},{"damage_healed":0.0,"max_hp_gain":0.0,"max_hp_loss":0.0,"gold_gain":0.0,"event_name":"MindBloom","player_choice":"Fight","floor":41.0,"gold_loss":0.0,"damage_taken":0.0},{"damage_healed":0.0,"max_hp_gain":0.0,"max_hp_loss":0.0,"gold_gain":0.0,"event_name":"Transmorgrifier","player_choice":"Ignored","floor":45.0,"gold_loss":0.0,"damage_taken":0.0}],"is_beta":false,"boss_relics":[{"not_picked":["Ectoplasm","testmod-EnergyCheck"],"picked":"testmod-Prudence"},{"not_picked":["DiscerningMonocle","MoonlightInvasionPlan"],"picked":"testmod-Recursion"}],"items_purged_floors":[21,25,25,44],"is_endless":false,"potions_floor_spawned":[3,12,13,14,23,28,29,30,37,39,41],"ascension_level":20}}