{"host":"344lv32hnei0mdhu","time":1608189173,"event":{"mods":["Act Like it!","BaseMod","Better Match","Better Sensory Stone","Better Skull","Better Third Choice","Better Vampires","Colored Powertips","Highlight Path","Minty Spire (QoL Compilation)","Quick Restart","Random Character Button","Rare Cards Sparkle","StSLib"],"gold_per_floor":[117,117,130,130,143,176,176,186,186,186,204,235,235,264,264,362,362,374,374,289,300,300,300,312,325,325,97,97,112,123,157,157,157,157],"floor_reached":33,"playtime":1578,"items_purged":["Strike_G"],"score":416,"play_id":"1ddbf7c5-3de6-4cf1-8fe7-94259a3babcc","local_time":"20201217011253","is_ascension_mode":true,"campfire_choices":[{"data":"Footwork","floor":7,"key":"SMITH"},{"floor":10,"key":"REST"},{"data":"Blade Dance","floor":13,"key":"SMITH"},{"floor":15,"key":"REST"},{"data":"Adrenaline","floor":23,"key":"SMITH"},{"floor":28,"key":"REST"},{"floor":32,"key":"REST"}],"circlet_count":0,"master_deck":["Strike_G","Strike_G","Strike_G","Strike_G","Defend_G","Defend_G","Defend_G","Defend_G","Defend_G","Survivor","Neutralize","Finisher","Escape Plan","Skewer","Footwork+1","Cloak And Dagger","Deflect","Blade Dance+1","Glass Knife","Adrenaline+1","Terror+1","Flying Knee+1","Crippling Poison","Predator","Corpse Explosion"],"relics":["Ring of the Serpent","NeowsBlessing","FaceOfCleric","Nunchaku","Oddly Smooth Stone","Meat on the Bone","Blue Candle","Tingsha","Incense Burner","Chemical X","Smiling Mask"],"acts_visited":["Exordium","TheCity"],"potions_floor_usage":[6,6,14,16,29,31,31],"damage_taken":[{"damage":0,"enemies":"Small Slimes","floor":1,"turns":1},{"damage":0,"enemies":"Cultist","floor":3,"turns":1},{"damage":0,"enemies":"2 Louse","floor":5,"turns":1},{"damage":22,"enemies":"Lagavulin","floor":6,"turns":5},{"damage":3,"enemies":"2 Fungi Beasts","floor":8,"turns":5},{"damage":0,"enemies":"3 Louse","floor":11,"turns":4},{"damage":9,"enemies":"3 Sentries","floor":12,"turns":13},{"damage":7,"enemies":"Lagavulin","floor":14,"turns":7},{"damage":22,"enemies":"Hexaghost","floor":16,"turns":12},{"damage":18,"enemies":"2 Thieves","floor":18,"turns":5},{"damage":0,"enemies":"Chosen","floor":21,"turns":3},{"damage":0,"enemies":"Snecko","floor":24,"turns":4},{"damage":1,"enemies":"3 Cultists","floor":25,"turns":5},{"damage":8,"enemies":"Centurion and Healer","floor":29,"turns":5},{"damage":18,"enemies":"Cultist and Chosen","floor":30,"turns":5},{"damage":37,"enemies":"Slavers","floor":31,"turns":7},{"damage":67,"enemies":"Automaton","floor":33,"turns":12}],"seed_played":"-8338786024922311733","potions_obtained":[{"floor":1,"key":"DistilledChaos"},{"floor":3,"key":"Poison Potion"},{"floor":8,"key":"AttackPotion"},{"floor":11,"key":"PowerPotion"},{"floor":14,"key":"Ancient Potion"},{"floor":24,"key":"Strength Potion"},{"floor":25,"key":"PowerPotion"},{"floor":29,"key":"DuplicationPotion"}],"is_trial":false,"path_per_floor":["M","?","M","?","M","E","R","M","T","R","M","E","R","E","R","B",null,"M","?","?","M","?","R","M","M","T","$","R","M","M","E","R","B"],"character_chosen":"THE_SILENT","items_purchased":["Chemical X"],"campfire_rested":4,"item_purchase_floors":[27],"current_hp_per_floor":[63,63,63,63,64,43,43,41,41,62,63,55,55,49,71,50,70,53,53,53,54,54,54,55,55,55,55,79,72,55,31,56,0,0],"gold":157,"neow_bonus":"THREE_ENEMY_KILL","is_daily":false,"chose_seed":false,"campfire_upgraded":3,"win_rate":0.0,"timestamp":1608189173,"path_taken":["M","?","M","?","?","E","R","?","T","R","?","E","R","E","R","BOSS","M","?","?","M","?","R","M","M","T","$","R","M","M","E","R","BOSS"],"items_purchased_type":["Relic"],"build_version":"2020-12-13","purchased_purges":1,"victory":false,"max_hp_per_floor":[70,70,70,70,71,72,72,73,73,73,74,75,75,76,76,77,77,78,78,78,79,79,79,80,81,81,81,81,82,83,84,84,84,84],"card_choices":[{"not_picked":["Outmaneuver","Distraction"],"picked":"Finisher","floor":1},{"not_picked":["Finisher","Flying Knee"],"picked":"Escape Plan","floor":3},{"not_picked":["Acrobatics","Outmaneuver"],"picked":"Skewer","floor":5},{"not_picked":["Outmaneuver","Flying Knee"],"picked":"Footwork","floor":6},{"not_picked":["Dodge and Roll","Underhanded Strike"],"picked":"Cloak And Dagger","floor":8},{"not_picked":["Calculated Gamble","Catalyst"],"picked":"Deflect","floor":11},{"not_picked":["Footwork","Acrobatics"],"picked":"Blade Dance","floor":12},{"not_picked":["Concentrate","Cloak And Dagger"],"picked":"Glass Knife","floor":14},{"not_picked":["Night Terror","Malaise"],"picked":"Adrenaline","floor":16},{"not_picked":["Underhanded Strike","Cloak And Dagger"],"picked":"Terror","floor":18},{"not_picked":["Poisoned Stab","Prepared+1","Dagger Spray"],"picked":"SKIP","floor":21},{"not_picked":["Sucker Punch+1","Choke"],"picked":"Flying Knee+1","floor":24},{"not_picked":["Cloak And Dagger","Flying Knee+1"],"picked":"Crippling Poison","floor":25},{"not_picked":["Flechettes","Dagger Spray"],"picked":"Predator","floor":29},{"not_picked":["Deflect+1","Flying Knee","Distraction"],"picked":"SKIP","floor":30},{"not_picked":["PiercingWail","Prepared"],"picked":"Corpse Explosion","floor":31}],"player_experience":346468,"relics_obtained":[{"floor":6,"key":"Nunchaku"},{"floor":9,"key":"Oddly Smooth Stone"},{"floor":12,"key":"Meat on the Bone"},{"floor":14,"key":"Blue Candle"},{"floor":26,"key":"Incense Burner"},{"floor":31,"key":"Smiling Mask"}],"event_choices":[{"damage_healed":0,"gold_gain":0,"player_choice":"Ignored","damage_taken":0,"max_hp_gain":0,"max_hp_loss":0,"event_name":"Golden Wing","floor":2,"gold_loss":0},{"damage_healed":0,"gold_gain":0,"player_choice":"Trade","damage_taken":0,"relics_obtained":["FaceOfCleric"],"max_hp_gain":0,"max_hp_loss":0,"event_name":"FaceTrader","floor":4,"gold_loss":0},{"damage_healed":0,"gold_gain":0,"player_choice":"Ignored","damage_taken":0,"max_hp_gain":0,"max_hp_loss":0,"event_name":"Vampires","floor":19,"gold_loss":0},{"damage_healed":0,"gold_gain":0,"player_choice":"Obtained Relic","damage_taken":0,"relics_obtained":["Tingsha"],"max_hp_gain":0,"max_hp_loss":0,"event_name":"Addict","floor":20,"gold_loss":85},{"damage_healed":0,"gold_gain":0,"player_choice":"Forge","damage_taken":0,"max_hp_gain":0,"max_hp_loss":0,"event_name":"Accursed Blacksmith","floor":22,"gold_loss":0,"cards_upgraded":["Terror"]}],"is_beta":false,"boss_relics":[{"not_picked":["Runic Dome","Cursed Key"],"picked":"Ring of the Serpent"}],"items_purged_floors":[27],"is_endless":false,"potions_floor_spawned":[1,3,8,11,14,24,25,29],"killed_by":"Automaton","ascension_level":9}}