{"host":"wdiovb6uv7szux0m","time":1608231526,"event":{"mods":["BaseMod","Minty Spire (QoL Compilation)","StSLib","The Bug Knight","The Druid"],"gold_per_floor":[113,125,75,93,93,93,122,122,172,203,74,90,90,101,101,203,203,217,228,228,241,253,253,281,299,347,347,347],"floor_reached":27,"playtime":1580,"items_purged":[],"score":225,"play_id":"96f72d59-05c0-4ec2-b764-48978ad0e62a","local_time":"20201217095846","is_ascension_mode":false,"campfire_choices":[{"data":"Storm","floor":6,"key":"SMITH"},{"data":"Echo Form","floor":8,"key":"SMITH"},{"data":"White Noise","floor":15,"key":"SMITH"},{"floor":23,"key":"REST"}],"circlet_count":0,"master_deck":["Strike_B","Strike_B","Defend_B","Defend_B","Defend_B","Defend_B","Zap+1","Dualcast+1","Storm+1","Steam","Rebound","Echo Form+1","Aggregate","Self Repair+1","Conserve Battery+1","Conserve Battery","Parasite","White Noise+1","Creative AI","Thunder Strike","Leap+1"],"relics":["Cracked Core","Strawberry","Centennial Puzzle","HollowMod:StagPassRelic","Velvet Choker","Red Mask"],"acts_visited":["Exordium","TheCity"],"potions_floor_usage":[7,7,24],"damage_taken":[{"damage":2,"enemies":"2 Louse","floor":1,"turns":2},{"damage":6,"enemies":"Jaw Worm","floor":2,"turns":2},{"damage":0,"enemies":"Cultist","floor":4,"turns":3},{"damage":25,"enemies":"Lagavulin","floor":7,"turns":5},{"damage":6,"enemies":"HollowMod:MossKnight","floor":10,"turns":4},{"damage":0,"enemies":"Looter","floor":12,"turns":3},{"damage":20,"enemies":"3 Louse","floor":14,"turns":3},{"damage":29,"enemies":"Slime Boss","floor":16,"turns":7},{"damage":20,"enemies":"Spheric Guardian","floor":18,"turns":4},{"damage":0,"enemies":"3 Byrds","floor":19,"turns":3},{"damage":21,"enemies":"Sentry and Sphere","floor":21,"turns":5},{"damage":37,"enemies":"Centurion and Healer","floor":22,"turns":5},{"damage":49,"enemies":"Masked Bandits","floor":24,"turns":4},{"damage":16,"enemies":"Snecko","floor":25,"turns":4},{"damage":33,"enemies":"Cultist and Chosen","floor":27,"turns":4}],"seed_played":"5028506809155729014","potions_obtained":[{"floor":1,"key":"Regen Potion"},{"floor":2,"key":"DistilledChaos"},{"floor":16,"key":"Weak Potion"},{"floor":18,"key":"Dexterity Potion"},{"floor":24,"key":"SkillPotion"},{"floor":25,"key":"ColorlessPotion"}],"is_trial":false,"path_per_floor":["M","M","?","M","?","R","E","R","T","E","$","M","?","M","R","B",null,"M","M","?","M","M","R","?","M","T","M"],"character_chosen":"DEFECT","items_purchased":["Self Repair","Conserve Battery"],"campfire_rested":1,"item_purchase_floors":[11,11],"current_hp_per_floor":[73,67,67,67,67,67,60,60,60,54,54,64,82,72,72,53,82,72,72,72,71,44,68,39,33,33,0,0],"gold":347,"neow_bonus":"UPGRADE_CARD","is_daily":false,"chose_seed":false,"campfire_upgraded":3,"win_rate":0.0,"timestamp":1608231526,"path_taken":["M","M","?","M","?","R","E","R","T","E","$","?","?","M","R","BOSS","M","M","?","M","M","R","?","M","T","M"],"items_purchased_type":["Card","Card"],"build_version":"2020-12-13","purchased_purges":0,"victory":false,"max_hp_per_floor":[75,75,75,75,75,75,82,82,82,82,82,82,82,82,82,82,82,82,82,82,82,82,82,82,82,82,82,82],"card_choices":[{"not_picked":["Leap","Stack"],"picked":"Storm","floor":1},{"not_picked":["Coolheaded","Turbo"],"picked":"Steam","floor":2},{"not_picked":["Steam","Consume"],"picked":"Rebound","floor":4},{"not_picked":["BootSequence","Genetic Algorithm"],"picked":"Echo Form","floor":7},{"not_picked":["Compile Driver","Doom and Gloom"],"picked":"Aggregate","floor":10},{"not_picked":["Beam Cell","Barrage"],"picked":"Conserve Battery","floor":12},{"not_picked":["Redo","Double Energy"],"picked":"White Noise","floor":14},{"not_picked":["Fission","Hyperbeam"],"picked":"Creative AI","floor":16},{"not_picked":["Darkness","Tempest","Chill"],"picked":"SKIP","floor":18},{"not_picked":["Redo","Rebound","BootSequence"],"picked":"SKIP","floor":19},{"not_picked":["Sweeping Beam","Stack","Rip and Tear"],"picked":"SKIP","floor":21},{"not_picked":["Conserve Battery","Compile Driver","Gash"],"picked":"SKIP","floor":22},{"not_picked":["Genetic Algorithm","Sweeping Beam"],"picked":"Thunder Strike","floor":24},{"not_picked":["Go for the Eyes+1","Steam"],"picked":"Leap+1","floor":25}],"player_experience":1473140,"relics_obtained":[{"floor":7,"key":"Strawberry"},{"floor":9,"key":"Centennial Puzzle"},{"floor":10,"key":"HollowMod:StagPassRelic"},{"floor":24,"key":"Red Mask"}],"event_choices":[{"cards_removed":["Strike_B"],"damage_healed":0,"gold_gain":0,"player_choice":"Card Removal","damage_taken":0,"max_hp_gain":0,"max_hp_loss":0,"event_name":"The Cleric","floor":3,"gold_loss":50},{"damage_healed":0,"gold_gain":0,"player_choice":"Upgraded","damage_taken":0,"max_hp_gain":0,"max_hp_loss":0,"event_name":"Upgrade Shrine","floor":5,"gold_loss":0,"cards_upgraded":["Dualcast"]},{"damage_healed":20,"gold_gain":0,"player_choice":"Healed and dodged fight","damage_taken":0,"max_hp_gain":0,"max_hp_loss":0,"event_name":"Mushrooms","floor":13,"gold_loss":0,"cards_obtained":["Parasite"]},{"cards_removed":["Strike_B"],"damage_healed":0,"gold_gain":0,"player_choice":"Elegance","damage_taken":0,"max_hp_gain":0,"max_hp_loss":0,"event_name":"Back to Basics","floor":20,"gold_loss":0},{"damage_healed":0,"gold_gain":0,"player_choice":"Fought Bandits","damage_taken":0,"max_hp_gain":0,"max_hp_loss":0,"event_name":"Masked Bandits","floor":24,"gold_loss":0}],"is_beta":false,"boss_relics":[{"not_picked":["Coffee Dripper","Pandora\u0027s Box"],"picked":"Velvet Choker"}],"items_purged_floors":[],"is_endless":false,"potions_floor_spawned":[1,2,16,18,24,25],"killed_by":"Cultist and Chosen","ascension_level":0}}