{"host":"lreod2rejfd0az5i","time":1608248811,"event":{"mods":["AchievementEnabler","Aspiration","BaseMod","Colored Powertips","Conspire","Downfall","Highlight Path","Hubris","Infinite Spire","Mad Scientist","Minty Spire (QoL Compilation)","Rare Cards Sparkle","Relic Stats","Replay The Spire","StSLib","The Bug Knight","The Jungle"],"gold_per_floor":[111,129,129,129,129,155,155,155,155,155,167,128,158,35,35,111,111,122,122,122,122,133,133,133,133,158,158,169,169,94,123,123,204,204,233,70,70,70,70,109,143,143,143,143,164,164,164,189,189,189],"floor_reached":51,"playtime":1986,"items_purged":["Strike_P","Doubt","Strike_P"],"score":1756,"play_id":"6dd2de18-77df-4a0b-8ab3-20c3180219c1","local_time":"20201217164651","is_ascension_mode":true,"campfire_choices":[{"data":"Devotion","floor":7.0,"key":"SMITH"},{"floor":10.0,"key":"REST"},{"floor":15.0,"key":"REST"},{"data":"CrushJoints","floor":23.0,"key":"SMITH"},{"data":"Judgement","floor":25.0,"key":"SMITH"},{"data":"Eruption","floor":27.0,"key":"SMITH"},{"floor":29,"key":"REST"},{"floor":32,"key":"REST"},{"floor":42,"key":"REST"},{"floor":47,"key":"REST"},{"floor":49,"key":"REST"}],"circlet_count":0,"master_deck":["AscendersBane","Strike_P+1","Defend_P","Defend_P","Defend_P","Defend_P","Eruption+1","Vigilance+1","EmptyBody+1","Crescendo","CrushJoints+1","Devotion+1","Protect","Wallop+1","WindmillStrike+1","Brilliance+1","Judgement+1","CarveReality","Brilliance","Devotion+1","Protect","Master of Strategy","Omniscience"],"relics":["PureWater","aspiration:Nostalgia","Sizzling Blood","hubris:Icosahedron","Dream Catcher","WingedGreaves","Mirror","Velvet Choker","ReplayTheSpireMod:EnergyBall","MutagenicStrength","ReplayTheSpireMod:Ring of Challenge","Strawberry","Snack Pack","infinitespire:EvilPickle","VioletLotus","DollysMirror","hubris:Towel","Replay:Baseball","CloakClasp","infinitespire:CheckeredPen","hubris:Zylophone"],"acts_visited":["Exordium","TheCity","TheBeyond"],"potions_floor_usage":[33,40,45,48],"damage_taken":[{"damage":12.0,"enemies":"Cultist","floor":1.0,"turns":3.0},{"damage":14.0,"enemies":"Small Slimes","floor":2.0,"turns":7.0},{"damage":8.0,"enemies":"Gremlin Nob","floor":6.0,"turns":3.0},{"damage":3.0,"enemies":"conspire:RoseBush","floor":11.0,"turns":7.0},{"damage":14.0,"enemies":"Replay:BlueRogue","floor":13.0,"turns":7.0},{"damage":11.0,"enemies":"Slime Boss","floor":16.0,"turns":6.0},{"damage":13.0,"enemies":"2 Thieves","floor":18.0,"turns":4.0},{"damage":3.0,"enemies":"Chosen","floor":22.0,"turns":5.0},{"damage":43.0,"enemies":"Snake Plant","floor":28.0,"turns":3.0},{"damage":8,"enemies":"conspire:SneckoGhost","floor":31,"turns":7},{"damage":55,"enemies":"Pondfish","floor":33,"turns":10},{"damage":0,"enemies":"Orb Walker","floor":35,"turns":2},{"damage":3,"enemies":"Giant Head","floor":40,"turns":5},{"damage":78,"enemies":"Nemesis","floor":41,"turns":7},{"damage":9,"enemies":"3 Darklings","floor":45,"turns":4},{"damage":32,"enemies":"Transient","floor":48,"turns":6},{"damage":4,"enemies":"conspire:OrnateMirror","floor":50,"turns":6}],"seed_played":"7197205290078081914","potions_obtained":[{"floor":22.0,"key":"SpeedPotion"},{"floor":31,"key":"GamblersBrew"},{"floor":35,"key":"Weak Potion"},{"floor":41,"key":"Adrenaline Potion"},{"floor":45,"key":"Languid Potion"}],"is_trial":false,"path_per_floor":["M","M","?","?","?","E","R","?","T","R","M","$","E","$","R","B",null,"M","?","AVR","?","M","R","?","R","T","R","M","R","$","E","R","B",null,"M","$","?","?","AVR","E","E","R","T","?","M","?","R","M","R","B",null],"character_chosen":"WATCHER","items_purchased":["Wallop","Brilliance+1","DollysMirror"],"campfire_rested":7,"item_purchase_floors":[12,14,36],"current_hp_per_floor":[57,47,47,47,47,43,43,21,21,42,43,43,33,33,54,47,66,57,57,57,57,58,58,58,58,65,65,26,49,49,45,68,25,66,72,72,72,72,72,77,5,28,28,28,25,25,48,22,45,47],"gold":189,"neow_bonus":"NOSTALGIA","is_daily":false,"chose_seed":false,"campfire_upgraded":4,"win_rate":0.0,"timestamp":1608248811,"path_taken":["M","M","?","?","?","E","R","?","T","R","M","?","E","$","R","BOSS","M","?","AVR","?","?","R","?","R","T","R","M","R","$","E","R","BOSS","M","$","?","?","AVR","E","E","R","T","?","?","?","R","M","R","BOSS"],"items_purchased_type":["Card","Card","Relic"],"build_version":"2020-12-13","purchased_purges":3,"victory":true,"max_hp_per_floor":[72,72,72,72,72,72,72,72,72,72,72,72,72,72,72,72,72,72,72,72,72,72,72,72,72,79,79,79,79,79,79,79,79,79,79,79,79,79,79,79,79,79,79,79,79,79,79,79,79,79],"relic_stats":{"Dream Catcher":7,"counters":[17,92],"VioletLotus":[5],"CloakClasp":[76],"obtain_stats":[{"aspiration:Nostalgia":0,"Velvet Choker":17,"Sizzling Blood":0,"CloakClasp":40,"infinitespire:CheckeredPen":41,"hubris:Towel":38,"ReplayTheSpireMod:EnergyBall":20,"infinitespire:EvilPickle":33,"hubris:Zylophone":43,"Dream Catcher":6,"Replay:Baseball":39,"hubris:Icosahedron":4,"DollysMirror":36,"MutagenicStrength":21,"Strawberry":26,"WingedGreaves":9,"VioletLotus":34,"Snack Pack":31,"PureWater":0,"ReplayTheSpireMod:Ring of Challenge":24,"Mirror":13},{"aspiration:Nostalgia":0,"Velvet Choker":6,"Sizzling Blood":0,"CloakClasp":13,"infinitespire:CheckeredPen":14,"hubris:Towel":12,"ReplayTheSpireMod:EnergyBall":7,"infinitespire:EvilPickle":11,"hubris:Zylophone":14,"Dream Catcher":3,"Replay:Baseball":12,"hubris:Icosahedron":2,"DollysMirror":12,"MutagenicStrength":7,"Strawberry":8,"WingedGreaves":3,"VioletLotus":11,"Snack Pack":10,"PureWater":0,"ReplayTheSpireMod:Ring of Challenge":8,"Mirror":5},{"aspiration:Nostalgia":0,"Velvet Choker":33,"Sizzling Blood":0,"CloakClasp":69,"infinitespire:CheckeredPen":76,"hubris:Towel":64,"ReplayTheSpireMod:EnergyBall":37,"infinitespire:EvilPickle":62,"hubris:Zylophone":76,"Dream Catcher":13,"Replay:Baseball":64,"hubris:Icosahedron":10,"DollysMirror":64,"MutagenicStrength":37,"Strawberry":42,"WingedGreaves":13,"VioletLotus":62,"Snack Pack":52,"PureWater":0,"ReplayTheSpireMod:Ring of Challenge":42,"Mirror":27}]},"card_choices":[{"not_picked":["Replay:BluntJabs","Collect"],"picked":"EmptyBody","floor":1.0},{"not_picked":["Replay:Vibes","Halt"],"picked":"Crescendo","floor":2.0},{"not_picked":["EmptyBody","Prostrate"],"picked":"Devotion","floor":6.0},{"not_picked":["Halt","Tantrum"],"picked":"Protect","floor":10.0},{"not_picked":["Prostrate","Study","DeceiveReality"],"picked":"SKIP","floor":11.0},{"not_picked":["EmptyFist","FlurryOfBlows"],"picked":"WindmillStrike","floor":13.0},{"not_picked":["ConjureBlade","Devotion"],"picked":"Judgement","floor":16.0},{"not_picked":["Crescendo","EmptyBody+1","TalkToTheHand"],"picked":"SKIP","floor":18.0},{"not_picked":["Replay:BluntJabs","EmptyMind","WheelKick"],"picked":"SKIP","floor":22.0},{"not_picked":["FlyingSleeves","Evaluate","Weave"],"picked":"SKIP","floor":28},{"not_picked":["Pray","Protect"],"picked":"CarveReality","floor":31},{"not_picked":["Judgement","Scrawl"],"picked":"Brilliance","floor":33},{"not_picked":["Crescendo","LikeWater","FearNoEvil"],"picked":"SKIP","floor":35},{"not_picked":["Halt+1","CutThroughFate","SandsOfTime+1"],"picked":"SKIP","floor":40},{"not_picked":["ClearTheMind","BowlingBash+1","Prostrate"],"picked":"SKIP","floor":41},{"not_picked":["FlurryOfBlows","Study"],"picked":"Protect","floor":45},{"not_picked":["expansioncontent:SlimeTackle","Enlightenment"],"picked":"Master of Strategy","floor":46},{"not_picked":["SashWhip","Swivel"],"picked":"Omniscience","floor":48}],"player_experience":844783,"relics_obtained":[{"floor":6.0,"key":"Dream Catcher"},{"floor":9.0,"key":"WingedGreaves"},{"floor":13.0,"key":"Mirror"},{"floor":24.0,"key":"ReplayTheSpireMod:Ring of Challenge"},{"floor":26.0,"key":"Strawberry"},{"floor":31,"key":"Snack Pack"},{"floor":40,"key":"CloakClasp"},{"floor":41,"key":"infinitespire:CheckeredPen"},{"floor":43,"key":"hubris:Zylophone"}],"event_choices":[{"damage_healed":0.0,"max_hp_gain":0.0,"max_hp_loss":0.0,"gold_gain":0.0,"cards_transformed":["Strike_P"],"event_name":"Living Wall","player_choice":"Change","floor":3.0,"gold_loss":0.0,"damage_taken":0.0,"cards_obtained":["CrushJoints"]},{"damage_healed":0.0,"max_hp_gain":0.0,"max_hp_loss":0.0,"gold_gain":0.0,"event_name":"Shining Light","player_choice":"Entered Light","floor":8.0,"gold_loss":0.0,"damage_taken":22.0,"cards_upgraded":["Strike_P","Vigilance"]},{"damage_healed":0.0,"max_hp_gain":0.0,"max_hp_loss":0.0,"gold_gain":0.0,"event_name":"Drug Dealer","player_choice":"Inject Mutagens","floor":21.0,"gold_loss":0.0,"damage_taken":0.0,"relics_obtained":["MutagenicStrength"]},{"damage_healed":0,"gold_gain":0,"player_choice":"Forge","damage_taken":0,"max_hp_gain":0,"max_hp_loss":0,"event_name":"Accursed Blacksmith","floor":44,"gold_loss":0,"cards_upgraded":["Wallop"]},{"damage_healed":0,"gold_gain":0,"player_choice":"Memory 1","damage_taken":0,"max_hp_gain":0,"max_hp_loss":0,"event_name":"SensoryStone","floor":46,"gold_loss":0}],"is_beta":false,"boss_relics":[{"not_picked":["Cursed Key","Runic Pyramid"],"picked":"Velvet Choker"},{"not_picked":["conspire:RunicOctahedron","aspiration:RitualDagger"],"picked":"VioletLotus"}],"items_purged_floors":[20,30,39],"is_endless":false,"potions_floor_spawned":[22,31,35,41,45],"ascension_level":18}}