{"host":"icrrc9b69c1a6188","time":1608225422,"event":{"mods":["A Magickal Journey","BaseMod","Better Altar","Better Match","Better Note","Better Sensory Stone","Better Skull","Better Third Choice","Colored Map","Colored Powertips","Displayed Cursed Tome","Faster Ascension Climbing","HexUI Lib","Minty Spire (QoL Compilation)","Random Character Mod","Spicy Shops","StSLib","Unceasing Turn Reminder"],"gold_per_floor":[114,114,39,59,78,78,78,78],"floor_reached":7,"playtime":1114,"items_purged":[],"score":82,"play_id":"14ff9059-e8c2-4b91-adbd-fb5b3dbd783e","local_time":"20201217111702","is_ascension_mode":true,"campfire_choices":[{"data":"Magicka:HasteCard","floor":6,"key":"SMITH"}],"circlet_count":0,"master_deck":["Magicka:ThunderstrikeCard","Magicka:HasteCard+1","AscendersBane","Magicka:PreciseFingerCard","Magicka:PreciseFingerCard","Magicka:PreciseFingerCard+1","Magicka:PreciseFingerCard","Magicka:PreciseFingerCard","Magicka:DefaultBladeCard+1","Magicka:DefaultBladeCard","Magicka:ExoticBladeCard","Magicka:NullifyCard","Magicka:SisterhoodCard"],"relics":["Magicka:WizardStaff"],"acts_visited":["Exordium"],"potions_floor_usage":[7],"damage_taken":[{"damage":19,"enemies":"Jaw Worm","floor":1,"turns":6},{"damage":34,"enemies":"Small Slimes","floor":4,"turns":7},{"damage":11,"enemies":"Cultist","floor":5,"turns":4},{"damage":41,"enemies":"Gremlin Nob","floor":7,"turns":3}],"seed_played":"-8591770068392059074","potions_obtained":[{"floor":4,"key":"Weak Potion"}],"is_trial":false,"path_per_floor":["M","?","?","M","M","R","E"],"character_chosen":"MAGICKA_WIZARD","items_purchased":[],"campfire_rested":0,"item_purchase_floors":[],"current_hp_per_floor":[38,27,27,38,38,38,0,0],"gold":78,"neow_bonus":"TEN_PERCENT_HP_BONUS","is_daily":false,"chose_seed":false,"campfire_upgraded":1,"win_rate":0.0,"timestamp":1608225422,"path_taken":["M","?","?","M","M","R","E"],"items_purchased_type":[],"build_version":"2020-12-13","purchased_purges":0,"victory":false,"max_hp_per_floor":[38,38,38,38,38,38,38,38],"card_choices":[{"not_picked":["Magicka:SlipperyLifeCard","Magicka:SlipperyStoneCard"],"picked":"Magicka:ExoticBladeCard","floor":1},{"not_picked":["Magicka:RainCard","Magicka:MuscleMemoryCard"],"picked":"Magicka:NullifyCard","floor":4},{"not_picked":["Magicka:SlipperyWaterCard","Magicka:NullifyCard"],"picked":"Magicka:SisterhoodCard","floor":5}],"player_experience":672053,"relics_obtained":[],"event_choices":[{"damage_healed":38,"gold_gain":0,"player_choice":"Upgrade","damage_taken":11,"max_hp_gain":0,"max_hp_loss":38,"event_name":"betterThird:BetterShining","floor":2,"gold_loss":0,"cards_upgraded":["Magicka:DefaultBladeCard","Magicka:PreciseFingerCard"]},{"cards_removed":["Magicka:TheFistCard"],"damage_healed":0,"gold_gain":0,"player_choice":"Card Removal","damage_taken":0,"max_hp_gain":0,"max_hp_loss":0,"event_name":"The Cleric","floor":3,"gold_loss":75}],"is_beta":false,"boss_relics":[],"items_purged_floors":[],"is_endless":false,"potions_floor_spawned":[4],"killed_by":"Gremlin Nob","ascension_level":20}}