{"host":"dntw6kil9p09eemm","time":1608173907,"event":{"mods":["BaseMod","Become a monster €›?Œ÷","BetterRewards","Colored Powertips","Hermit","Keyboard Shortcuts","Minty Spire (QoL Compilation)","Permanent Neow","Practice Mode","Shop Mod","Spicy Shops","StSLib","The Runesmith","Waifu the Spire","vexMod"],"gold_per_floor":[117,192,192,192,192,210,110,142,142,217,217,217,233,253,273,287,287,391,1057,1074,1074,445,360,377,377,377,377],"floor_reached":26,"playtime":893,"items_purged":["Defend_B","Decay"],"score":256,"play_id":"2b23b199-cb0f-496d-aaf7-6a1cb0e19c4e","local_time":"20201217115827","is_ascension_mode":false,"campfire_choices":[{"floor":9,"key":"REST"},{"data":"Zap","floor":12,"key":"SMITH"},{"floor":17,"key":"REST"}],"circlet_count":0,"master_deck":["Strike_B","Strike_B","Strike_B","Defend_B","Defend_B","Zap+1","Dualcast","Melter","Static Discharge","Leap","Redo","Redo","Defragment","Redo","Ball Lightning","Echo Form","Sweeping Beam","Rip and Tear","Sunder","Turbo","Ball Lightning"],"relics":["Cracked Core","Runesmith:Locket","Happy Flower","vexMod:RockOfEvil","MerchantsRug","vexMod:RedPlottingStone","vexMod:BerryBomb"],"acts_visited":["Exordium","TheCity"],"potions_floor_usage":[20],"damage_taken":[{"damage":2,"enemies":"Small Slimes","floor":1,"turns":3},{"damage":0,"enemies":"3 Shapes","floor":6,"turns":1},{"damage":17,"enemies":"Gremlin Nob","floor":8,"turns":4},{"damage":0,"enemies":"2 Louse","floor":13,"turns":1},{"damage":13,"enemies":"Red Slaver","floor":14,"turns":3},{"damage":13,"enemies":"Exordium Thugs","floor":15,"turns":2},{"damage":0,"enemies":"3 Louse","floor":16,"turns":3},{"damage":33,"enemies":"The Guardian","floor":18,"turns":7},{"damage":6,"enemies":"Chosen","floor":20,"turns":4},{"damage":16,"enemies":"2 Thieves","floor":24,"turns":3},{"damage":65,"enemies":"Slavers","floor":26,"turns":3}],"seed_played":"-4642061352571098452","potions_obtained":[{"floor":6,"key":"SteroidPotion"},{"floor":8,"key":"Ancient Potion"},{"floor":14,"key":"SteroidPotion"},{"floor":18,"key":"Weak Potion"},{"floor":24,"key":"SteroidPotion"}],"is_trial":false,"path_per_floor":["M","?","?","M","M","M","$","E","R","?","T","R","M","M","M","M","R","B",null,"M","?","$","?","M","?","E"],"character_chosen":"DEFECT","items_purchased":["Redo","MerchantsRug","Rip and Tear","vexMod:RedPlottingStone","Sunder"],"campfire_rested":2,"item_purchase_floors":[7,22,22,22,22],"current_hp_per_floor":[73,62,62,62,62,62,62,45,67,60,60,60,60,47,34,34,56,23,75,69,69,69,75,59,59,0,0],"gold":377,"neow_bonus":"REMOVE_CARD","is_daily":false,"chose_seed":false,"campfire_upgraded":1,"win_rate":0.0,"timestamp":1608173907,"path_taken":["M","?","?","M","?","E","R","?","T","R","?","M","M","M","R","BOSS","M","?","$","?","M","?","E"],"items_purchased_type":["Card","Relic","Card","Relic","Card"],"build_version":"2020-12-13","purchased_purges":2,"victory":false,"max_hp_per_floor":[75,75,75,75,75,75,75,75,75,75,75,75,75,75,75,75,75,75,75,75,75,75,81,81,81,81,81],"card_choices":[{"not_picked":["Cold Snap","Redo"],"picked":"Melter","floor":1},{"not_picked":["Steam","Undo"],"picked":"Leap","floor":6},{"not_picked":["Chill","Tempest"],"picked":"Redo","floor":8},{"not_picked":["Stack","Hologram"],"picked":"Defragment","floor":13},{"not_picked":["Go for the Eyes","Cold Snap"],"picked":"Redo","floor":14},{"not_picked":["Compile Driver","Go for the Eyes"],"picked":"Ball Lightning","floor":15},{"not_picked":["Darkness","Chaos","Go for the Eyes"],"picked":"SKIP","floor":16},{"not_picked":["Fission","Core Surge"],"picked":"Echo Form","floor":18},{"not_picked":["Aggregate","Steam+1"],"picked":"Sweeping Beam","floor":20},{"not_picked":["Conserve Battery","Redo"],"picked":"Turbo","floor":24}],"player_experience":177826,"relics_obtained":[{"floor":8,"key":"Runesmith:Locket"},{"floor":11,"key":"Happy Flower"}],"event_choices":[{"damage_healed":0,"gold_gain":75,"player_choice":"Gather Gold","damage_taken":11,"max_hp_gain":0,"max_hp_loss":0,"event_name":"World of Goop","floor":2,"gold_loss":0},{"damage_healed":0,"gold_gain":0,"cards_transformed":["Defend_B"],"player_choice":"Change","damage_taken":0,"max_hp_gain":0,"max_hp_loss":0,"event_name":"Living Wall","floor":3,"gold_loss":0,"cards_obtained":["Static Discharge"]},{"damage_healed":0,"gold_gain":75,"player_choice":"Touch","damage_taken":7,"max_hp_gain":0,"max_hp_loss":0,"event_name":"FaceTrader","floor":10,"gold_loss":0},{"damage_healed":0,"gold_gain":0,"player_choice":"Smashed Altar","damage_taken":0,"max_hp_gain":0,"max_hp_loss":0,"event_name":"Forgotten Altar","floor":21,"gold_loss":0,"cards_obtained":["Decay"]},{"damage_healed":0,"gold_gain":0,"player_choice":"Obtained Relic","damage_taken":0,"relics_obtained":["vexMod:BerryBomb"],"max_hp_gain":0,"max_hp_loss":0,"event_name":"Addict","floor":23,"gold_loss":85},{"damage_healed":0,"gold_gain":0,"player_choice":"Read","damage_taken":0,"max_hp_gain":0,"max_hp_loss":0,"event_name":"The Library","floor":25,"gold_loss":0,"cards_obtained":["Ball Lightning"]}],"is_beta":false,"boss_relics":[{"not_picked":["Calling Bell","Velvet Choker"],"picked":"vexMod:RockOfEvil"}],"items_purged_floors":[7,22],"is_endless":false,"potions_floor_spawned":[6,8,14,18,24],"killed_by":"Slavers","ascension_level":0}}