{"host":"by3dnjj711vo194a","time":1608203260,"event":{"mods":["2.2 Compatiblity","AchievementEnabler","BaseMod","Colored Map","DeckTracker","KOR Keyword Fix","Keyboard Shortcuts","Minty Spire (QoL Compilation)","Permanent Neow","Quick Restart","StSLib","SuperFastMode","everything is the same but u backflip on backflip"],"gold_per_floor":[210,220,145,145,24,58,70,82,120,147,191,203,215,76,76,202,202,226,226,250,250,250,250,281,306,360,375,300,10,44,44,44,148,148,161,8,27,27,45,75,75,100,152,168,197,216,216,16,16,16],"floor_reached":51,"playtime":2224,"items_purged":["Strike_R","Defend_R"],"score":961,"play_id":"30aeddfc-502a-48c2-a373-356f8049a781","local_time":"20201217200740","is_ascension_mode":true,"campfire_choices":[{"floor":7.0,"key":"REST"},{"data":"Evolve","floor":13.0,"key":"SMITH"},{"floor":15.0,"key":"REST"},{"floor":23.0,"key":"REST"},{"floor":32.0,"key":"REST"},{"floor":41.0,"key":"REST"},{"floor":47,"key":"REST"},{"floor":49,"key":"REST"}],"circlet_count":0,"master_deck":["Strike_R","Strike_R","Defend_R","Bash+1","Burning Pact","Headbutt","Carnage","Battle Trance","Ghostly Armor","Evolve+1","Wild Strike","Corruption","Feel No Pain","Cleave","Wild Strike","Havoc+1","Disarm","Exhume","Metallicize+1","Iron Wave+1","Feel No Pain+1","Dual Wield","Pommel Strike+1","Sentinel+1","Dark Embrace","Warcry","Spot Weakness+1","Body Slam+1"],"relics":["Burning Blood","MawBank","Red Skull","Regal Pillow","Bloody Idol","Akabeko","Fusion Hammer","Smiling Mask","Matryoshka","Bag of Preparation","Ancient Tea Set","MealTicket","Incense Burner","Happy Flower","Astrolabe","Membership Card","Charon\u0027s Ashes","Art of War","Centennial Puzzle","Bronze Scales","StrikeDummy","Ice Cream"],"acts_visited":["Exordium","TheCity","TheBeyond"],"potions_floor_usage":[44,50,50],"damage_taken":[{"damage":8.0,"enemies":"Jaw Worm","floor":1.0,"turns":5.0},{"damage":15.0,"enemies":"2 Louse","floor":2.0,"turns":2.0},{"damage":40.0,"enemies":"3 Sentries","floor":6.0,"turns":5.0},{"damage":1.0,"enemies":"Cultist","floor":10.0,"turns":3.0},{"damage":47.0,"enemies":"Lagavulin","floor":11.0,"turns":7.0},{"damage":65.0,"enemies":"Hexaghost","floor":16.0,"turns":10.0},{"damage":25.0,"enemies":"Spheric Guardian","floor":18.0,"turns":4.0},{"damage":45.0,"enemies":"3 Byrds","floor":20.0,"turns":6.0},{"damage":19.0,"enemies":"Gremlin Leader","floor":24.0,"turns":6.0},{"damage":19.0,"enemies":"Snake Plant","floor":25.0,"turns":3.0},{"damage":18.0,"enemies":"Snecko","floor":27.0,"turns":5.0},{"damage":18.0,"enemies":"Book of Stabbing","floor":30.0,"turns":4.0},{"damage":45.0,"enemies":"Champ","floor":33.0,"turns":10.0},{"damage":11.0,"enemies":"3 Darklings","floor":35.0,"turns":6.0},{"damage":17.0,"enemies":"Orb Walker","floor":37.0,"turns":5.0},{"damage":40.0,"enemies":"Jaw Worm Horde","floor":39.0,"turns":6.0},{"damage":22.0,"enemies":"Reptomancer","floor":40.0,"turns":8.0},{"damage":53.0,"enemies":"Giant Head","floor":42.0,"turns":8.0},{"damage":0,"enemies":"Transient","floor":44,"turns":5},{"damage":11,"enemies":"Nemesis","floor":45,"turns":5},{"damage":24,"enemies":"3 Darklings","floor":46,"turns":4},{"damage":65,"enemies":"Awakened One","floor":50,"turns":6}],"seed_played":"9052916267173844212","potions_obtained":[{"floor":2.0,"key":"PowerPotion"},{"floor":16.0,"key":"PowerPotion"},{"floor":18.0,"key":"DistilledChaos"},{"floor":20.0,"key":"Block Potion"},{"floor":24.0,"key":"Ancient Potion"},{"floor":30.0,"key":"LiquidMemories"},{"floor":35.0,"key":"ColorlessPotion"},{"floor":39.0,"key":"Ancient Potion"},{"floor":42.0,"key":"FearPotion"},{"floor":46,"key":"AttackPotion"}],"is_trial":false,"path_per_floor":["M","M","$","?","$","E","R","?","T","M","E","?","R","$","R","B",null,"M","?","M","?","T","R","E","M","T","M","?","$","E","?","R","B",null,"M","$","M","?","M","E","R","E","T","M","E","M","R","$","R","B",null],"character_chosen":"IRONCLAD","items_purchased":["Carnage","Battle Trance","Akabeko","Incense Burner","Membership Card","Ice Cream"],"campfire_rested":7,"item_purchase_floors":[5,5,14,29,36,48],"current_hp_per_floor":[78,69,69,53,53,19,43,80,80,80,39,19,19,19,58,49,72,53,53,14,14,14,53,40,27,27,15,15,30,18,18,57,23,66,66,80,74,74,45,34,73,31,36,47,47,34,73,80,80,21],"gold":16,"neow_bonus":"HUNDRED_GOLD","is_daily":false,"chose_seed":false,"campfire_upgraded":1,"win_rate":0.0,"timestamp":1608203260,"path_taken":["M","M","$","?","$","E","R","?","T","?","E","?","R","?","R","BOSS","M","?","M","?","?","R","E","M","T","?","?","$","E","?","R","BOSS","M","$","M","?","?","E","R","E","T","M","E","M","R","$","R","BOSS"],"items_purchased_type":["Card","Card","Relic","Relic","Relic","Relic"],"build_version":"2020-12-13","purchased_purges":2,"victory":true,"max_hp_per_floor":[80,80,80,80,80,80,80,80,80,80,80,80,80,80,80,80,80,80,80,80,80,80,80,80,80,80,80,80,80,80,80,80,80,80,80,80,80,80,80,80,80,80,80,80,80,80,80,80,80,80],"card_choices":[{"not_picked":["Sword Boomerang","Body Slam"],"picked":"Burning Pact","floor":1.0},{"not_picked":["Anger","Warcry"],"picked":"Headbutt","floor":2.0},{"not_picked":["Clash","Exhume"],"picked":"Ghostly Armor","floor":6.0},{"not_picked":["Thunderclap","Headbutt"],"picked":"Evolve","floor":10.0},{"not_picked":["Heavy Blade","Cleave"],"picked":"Wild Strike","floor":11.0},{"not_picked":["Immolate","Juggernaut"],"picked":"Corruption","floor":16.0},{"not_picked":["Sword Boomerang","Perfected Strike"],"picked":"Feel No Pain","floor":18.0},{"not_picked":["Flame Barrier","Clash"],"picked":"Cleave","floor":20.0},{"not_picked":["Clothesline","Carnage","Flex"],"picked":"SKIP","floor":24.0},{"not_picked":["Armaments","Clothesline+1"],"picked":"Havoc+1","floor":25.0},{"not_picked":["Immolate","Iron Wave"],"picked":"Disarm","floor":27.0},{"not_picked":["Whirlwind","Twin Strike","Bloodletting"],"picked":"SKIP","floor":30.0},{"not_picked":["Fiend Fire","Feed"],"picked":"Exhume","floor":33.0},{"not_picked":["Iron Wave","Havoc"],"picked":"Dual Wield","floor":35.0},{"not_picked":["Battle Trance","Iron Wave"],"picked":"Pommel Strike+1","floor":37.0},{"not_picked":["Blood for Blood+1","Wild Strike+1"],"picked":"Sentinel+1","floor":39.0},{"not_picked":["Perfected Strike+1","Uppercut+1"],"picked":"Dark Embrace","floor":40.0},{"not_picked":["Intimidate","Perfected Strike"],"picked":"Warcry","floor":42.0},{"not_picked":["Infernal Blade","Headbutt+1"],"picked":"Spot Weakness+1","floor":44},{"not_picked":["Flex+1","Perfected Strike"],"picked":"Body Slam+1","floor":45},{"not_picked":["Dual Wield+1","Thunderclap+1","Juggernaut"],"picked":"SKIP","floor":46}],"player_experience":140995,"relics_obtained":[{"floor":6.0,"key":"MawBank"},{"floor":9.0,"key":"Red Skull"},{"floor":11.0,"key":"Regal Pillow"},{"floor":22.0,"key":"Matryoshka"},{"floor":24.0,"key":"Bag of Preparation"},{"floor":26.0,"key":"Ancient Tea Set"},{"floor":26.0,"key":"MealTicket"},{"floor":30.0,"key":"Happy Flower"},{"floor":40.0,"key":"Charon\u0027s Ashes"},{"floor":42.0,"key":"Art of War"},{"floor":43.0,"key":"Centennial Puzzle"},{"floor":43.0,"key":"Bronze Scales"},{"floor":45,"key":"StrikeDummy"}],"event_choices":[{"damage_healed":0.0,"max_hp_gain":0.0,"max_hp_loss":0.0,"gold_gain":0.0,"event_name":"Shining Light","player_choice":"Entered Light","floor":4.0,"gold_loss":0.0,"damage_taken":16.0,"cards_upgraded":["Strike_R","Bash"]},{"damage_healed":37.0,"max_hp_gain":0.0,"max_hp_loss":0.0,"gold_gain":0.0,"event_name":"Wheel of Change","player_choice":"Full Heal","floor":8.0,"gold_loss":0.0,"damage_taken":0.0},{"damage_healed":0.0,"max_hp_gain":0.0,"max_hp_loss":0.0,"gold_gain":0.0,"event_name":"Golden Idol","player_choice":"Take Damage","floor":12.0,"gold_loss":0.0,"damage_taken":20.0,"relics_obtained":["Golden Idol"]},{"damage_healed":0.0,"max_hp_gain":0.0,"max_hp_loss":0.0,"gold_gain":0.0,"event_name":"The Mausoleum","player_choice":"Opened","floor":19.0,"gold_loss":0.0,"damage_taken":0.0,"relics_obtained":["Smiling Mask"],"cards_obtained":["Writhe"]},{"damage_healed":0.0,"max_hp_gain":0.0,"max_hp_loss":0.0,"gold_gain":0.0,"event_name":"The Library","player_choice":"Read","floor":21.0,"gold_loss":0.0,"damage_taken":0.0,"cards_obtained":["Wild Strike"]},{"cards_removed":["Writhe"],"damage_healed":0.0,"max_hp_gain":0.0,"max_hp_loss":0.0,"gold_gain":0.0,"event_name":"Beggar","player_choice":"Gave Gold","floor":28.0,"gold_loss":75.0,"damage_taken":0.0},{"damage_healed":0.0,"max_hp_gain":0.0,"max_hp_loss":0.0,"gold_gain":0.0,"event_name":"Forgotten Altar","player_choice":"Gave Idol","floor":31.0,"relics_lost":["Golden Idol"],"gold_loss":0.0,"damage_taken":0.0,"relics_obtained":["Bloody Idol"]},{"cards_removed":["Strike_R"],"damage_healed":0.0,"max_hp_gain":0.0,"max_hp_loss":0.0,"gold_gain":0.0,"event_name":"Purifier","player_choice":"Purged","floor":38.0,"gold_loss":0.0,"damage_taken":0.0}],"is_beta":false,"boss_relics":[{"not_picked":["Velvet Choker","Coffee Dripper"],"picked":"Fusion Hammer"},{"not_picked":["Runic Cube","SacredBark"],"picked":"Astrolabe"}],"items_purged_floors":[3,48],"is_endless":false,"potions_floor_spawned":[2,16,18,20,24,30,35,39,40,42,46],"ascension_level":5}}