{"host":"pf47v7h0307523iy","time":1608221129,"event":{"mods":["BaseMod","Minty Spire (QoL Compilation)"],"gold_per_floor":[118,136,136,211,227,227,268,287,313,313,351,366,387,427,427,427,427],"floor_reached":16,"playtime":657,"items_purged":[],"score":244,"play_id":"e71cd129-9dba-42b5-9fc6-a6117f453f9c","local_time":"20201217180529","is_ascension_mode":true,"campfire_choices":[{"data":"Noxious Fumes","floor":6,"key":"SMITH"},{"floor":10,"key":"REST"},{"floor":15,"key":"REST"}],"circlet_count":0,"master_deck":["AscendersBane","Strike_G","Strike_G","Strike_G","Strike_G","Defend_G","Defend_G","Defend_G","Defend_G","Defend_G","Survivor","Neutralize","Deadly Poison","Noxious Fumes+1","Dagger Spray","Venomology","Blade Dance","Blade Dance","Dash"],"relics":["Ring of the Snake","NeowsBlessing","CeramicFish","Art of War","Blood Vial","Ancient Tea Set"],"acts_visited":["Exordium"],"potions_floor_usage":[7,11,11,11,12,14,14,14,16],"damage_taken":[{"damage":0,"enemies":"2 Louse","floor":1,"turns":1},{"damage":0,"enemies":"Jaw Worm","floor":2,"turns":1},{"damage":0,"enemies":"Small Slimes","floor":5,"turns":1},{"damage":26,"enemies":"Gremlin Nob","floor":7,"turns":4},{"damage":0,"enemies":"Looter","floor":8,"turns":4},{"damage":15,"enemies":"Lagavulin","floor":11,"turns":5},{"damage":8,"enemies":"Exordium Wildlife","floor":12,"turns":5},{"damage":6,"enemies":"Large Slime","floor":13,"turns":5},{"damage":8,"enemies":"Gremlin Nob","floor":14,"turns":3},{"damage":33,"enemies":"Slime Boss","floor":16,"turns":6}],"seed_played":"-4229555167253171549","potions_obtained":[{"floor":5,"key":"Poison Potion"},{"floor":7,"key":"SteroidPotion"},{"floor":8,"key":"Strength Potion"},{"floor":11,"key":"Strength Potion"},{"floor":14,"key":"FearPotion"}],"is_trial":false,"path_per_floor":["M","M","?","?","M","R","E","M","T","R","E","M","M","E","R","B"],"character_chosen":"THE_SILENT","items_purchased":[],"campfire_rested":2,"item_purchase_floors":[],"current_hp_per_floor":[59,59,52,41,41,41,15,15,15,34,19,13,9,3,22,0,0],"gold":427,"neow_bonus":"THREE_ENEMY_KILL","is_daily":false,"chose_seed":false,"campfire_upgraded":1,"win_rate":0.0,"timestamp":1608221129,"path_taken":["M","M","?","?","?","R","E","M","T","R","E","M","M","E","R","BOSS"],"items_purchased_type":[],"build_version":"2020-12-13","purchased_purges":0,"victory":false,"max_hp_per_floor":[66,66,66,66,66,66,66,66,66,66,66,66,66,66,66,66,66],"card_choices":[{"not_picked":["Blade Dance","Dodge and Roll"],"picked":"Deadly Poison","floor":1},{"not_picked":["Cloak And Dagger","Dagger Throw","Underhanded Strike"],"picked":"SKIP","floor":2},{"not_picked":["Underhanded Strike","Deflect"],"picked":"Noxious Fumes","floor":5},{"not_picked":["Bane","Acrobatics"],"picked":"Dagger Spray","floor":7},{"not_picked":["Bane","Deadly Poison"],"picked":"Venomology","floor":8},{"not_picked":["Skewer","Flying Knee"],"picked":"Blade Dance","floor":11},{"not_picked":["Predator","All Out Attack","Prepared"],"picked":"SKIP","floor":12},{"not_picked":["Backstab","Expertise"],"picked":"Blade Dance","floor":13},{"not_picked":["Masterful Stab","Backstab"],"picked":"Dash","floor":14}],"player_experience":1493158,"relics_obtained":[{"floor":7,"key":"CeramicFish"},{"floor":9,"key":"Art of War"},{"floor":11,"key":"Blood Vial"},{"floor":14,"key":"Ancient Tea Set"}],"event_choices":[{"cards_removed":["Strike_G"],"damage_healed":0,"gold_gain":0,"player_choice":"Card Removal","damage_taken":7,"max_hp_gain":0,"max_hp_loss":0,"event_name":"Golden Wing","floor":3,"gold_loss":0},{"damage_healed":0,"gold_gain":75,"player_choice":"Gather Gold","damage_taken":11,"max_hp_gain":0,"max_hp_loss":0,"event_name":"World of Goop","floor":4,"gold_loss":0}],"is_beta":false,"boss_relics":[],"items_purged_floors":[],"is_endless":false,"potions_floor_spawned":[5,7,8,11,14],"killed_by":"Slime Boss","ascension_level":20}}