{"host":"y89x8uui45kcjy42","time":1608164812,"event":{"mods":["2.2 Compatiblity","BaseMod","CapriCore","Colored Map","Colored Powertips","Custom Start","Friendly Minions","Highlight Path","Keyboard Shortcuts","Minty Spire (QoL Compilation)","Relic Stats","Slay the Relics Exporter","StSLib","SuperFastMode","Waifu the Spire"],"gold_per_floor":[110,120,120,17,17,55,55,80,105,120,120,120,159,182,182,182,182],"floor_reached":16,"playtime":305,"items_purged":["Strike_G"],"score":270,"play_id":"ea4c32dc-57ed-479c-b589-42ce9193225f","local_time":"20201217092652","is_ascension_mode":true,"campfire_choices":[{"data":"Crippling Poison","floor":7,"key":"SMITH"},{"data":"Neutralize","floor":12,"key":"SMITH"},{"data":"Calculated Gamble","floor":15,"key":"SMITH"}],"circlet_count":0,"master_deck":["AscendersBane","Strike_G","Strike_G","Strike_G","Defend_G","Defend_G","Defend_G","Defend_G","Defend_G","Survivor","Neutralize+1","Crippling Poison+1","Dagger Spray","Dagger Throw","Grand Finale","Well Laid Plans","Calculated Gamble+1"],"relics":["Ring of the Snake","NeowsBlessing","Golden Idol","Pen Nib","Snake Skull","TungstenRod"],"acts_visited":["Exordium"],"potions_floor_usage":[13,13,14],"damage_taken":[{"damage":0,"enemies":"2 Louse","floor":1,"turns":1},{"damage":0,"enemies":"Cultist","floor":2,"turns":1},{"damage":0,"enemies":"Lagavulin","floor":6,"turns":1},{"damage":9,"enemies":"Small Slimes","floor":8,"turns":3},{"damage":4,"enemies":"Blue Slaver","floor":10,"turns":4},{"damage":4,"enemies":"3 Sentries","floor":13,"turns":3},{"damage":1,"enemies":"Gremlin Gang","floor":14,"turns":4},{"damage":42,"enemies":"Hexaghost","floor":16,"turns":11}],"seed_played":"6576635514434364551","potions_obtained":[{"floor":1,"key":"SteroidPotion"},{"floor":6,"key":"Strength Potion"},{"floor":13,"key":"GhostInAJar"}],"is_trial":false,"path_per_floor":["M","M","?","$","?","E","R","M","T","M","?","R","E","M","R","B"],"character_chosen":"THE_SILENT","items_purchased":["Dagger Throw"],"campfire_rested":0,"item_purchase_floors":[4],"current_hp_per_floor":[59,59,59,59,59,59,59,50,50,46,46,46,42,41,41,0,0],"gold":182,"neow_bonus":"THREE_ENEMY_KILL","is_daily":false,"chose_seed":false,"campfire_upgraded":3,"win_rate":0.0,"timestamp":1608164812,"path_taken":["M","M","?","?","?","E","R","?","T","?","?","R","E","M","R","BOSS"],"items_purchased_type":["Card"],"build_version":"2020-12-13","purchased_purges":1,"victory":false,"max_hp_per_floor":[66,66,66,66,60,60,60,60,60,60,60,60,60,60,60,60,60],"relic_stats":{"counters":[8,28],"Golden Idol":29,"Pen Nib":[3],"Snake Skull":[8],"obtain_stats":[{"NeowsBlessing":0,"Golden Idol":5,"Pen Nib":6,"Snake Skull":9,"TungstenRod":13,"Ring of the Snake":0},{"NeowsBlessing":0,"Golden Idol":2,"Pen Nib":3,"Snake Skull":4,"TungstenRod":6,"Ring of the Snake":0},{"NeowsBlessing":0,"Golden Idol":2,"Pen Nib":3,"Snake Skull":6,"TungstenRod":13,"Ring of the Snake":0}],"TungstenRod":18,"Ring of the Snake":[16]},"card_choices":[{"not_picked":["Blade Dance","Acrobatics"],"picked":"Crippling Poison","floor":1},{"not_picked":["Endless Agony","Underhanded Strike"],"picked":"Dagger Spray","floor":2},{"not_picked":["Caltrops","Catalyst"],"picked":"Grand Finale","floor":6},{"not_picked":["PiercingWail","Acrobatics","Deflect"],"picked":"SKIP","floor":8},{"not_picked":["Acrobatics","Blade Dance"],"picked":"Well Laid Plans","floor":10},{"not_picked":["Setup","Skewer","Deadly Poison"],"picked":"SKIP","floor":13},{"not_picked":["PiercingWail","Backflip"],"picked":"Calculated Gamble","floor":14}],"player_experience":498326,"relics_obtained":[{"floor":6,"key":"Pen Nib"},{"floor":9,"key":"Snake Skull"},{"floor":13,"key":"TungstenRod"}],"event_choices":[{"cards_removed":["Strike_G"],"damage_healed":0,"gold_gain":0,"player_choice":"Offered Basic","damage_taken":0,"max_hp_gain":0,"max_hp_loss":0,"event_name":"Bonfire Elementals","floor":3,"gold_loss":0},{"damage_healed":0,"gold_gain":0,"player_choice":"Lose Max HP","damage_taken":0,"relics_obtained":["Golden Idol"],"max_hp_gain":0,"max_hp_loss":6,"event_name":"Golden Idol","floor":5,"gold_loss":0},{"damage_healed":0,"gold_gain":0,"player_choice":"Ignored","damage_taken":0,"max_hp_gain":0,"max_hp_loss":0,"event_name":"Liars Game","floor":11,"gold_loss":0}],"is_beta":false,"boss_relics":[],"items_purged_floors":[4],"is_endless":false,"potions_floor_spawned":[1,6,13],"killed_by":"Hexaghost","ascension_level":20}}