{"host":"r5cycnjhcbwgkpkf","time":1608235128,"event":{"mods":["2.2 Compatiblity","AchievementEnabler","BaseMod","Bestiary","Better Match","Better Note","Better Skull","Better Third Choice","BetterRewards","Colored Map","Colored Powertips","Infinite Spire","Minty Spire (QoL Compilation)","Replay The Spire","Robot Space Explorer","Spicy Shops","StSLib","The Gatherer"],"gold_per_floor":[116,5,18,18,18,50,50,68,68,99,122,156,156,156,156,233,233,253,253,253,253,273,273,273,300,300,300,320,336,33,49,49,120,120,138,155,155,168,216,216,249,66,90,90,104,114,114,126,126,126],"floor_reached":51,"playtime":2935,"items_purged":["Burn+1","Decay"],"score":1320,"play_id":"2e46ff52-19b0-48b7-8012-6d6ba5cf965f","local_time":"20201217115848","is_ascension_mode":true,"campfire_choices":[{"floor":7.0,"key":"REST"},{"floor":13.0,"key":"REST"},{"data":"Bash","floor":15.0,"key":"SMITH"},{"floor":24.0,"key":"REST"},{"floor":27.0,"key":"REST"},{"floor":32.0,"key":"REST"},{"floor":40,"key":"REST"},{"floor":44,"key":"REST"},{"floor":49,"key":"DIG"}],"circlet_count":0,"master_deck":["AscendersBane","Strike_R","Strike_R","Strike_R","Strike_R","Strike_R","Defend_R+1","Defend_R","Defend_R+1","Defend_R+1","Bash+1","Metallicize","Rupture","Bloodletting+1","Blood for Blood","Spot Weakness+1","Double Tap","Combust","CurseOfTheBell","Spot Weakness+1","Cleave+1","Pummel","ReplayTheSpireMod:Stacked+1","Hemokinesis","Hemokinesis+1","Evolve","ReplayTheSpireMod:Muscle Training","Flex","Pummel"],"relics":["Black Blood","infinitespire:FocusingShard","Singing Bowl","infinitespire:Blanks Blanky","Sling","Shovel","infinitespire:ShieldingShard","Question Card","infinitespire:Broken Mirror","Simple Rune","King of Hearts","WingedGreaves","Calling Bell","Bag of Marbles","ReplayTheSpireMod:Ninjato","Prayer Wheel","Replay:Bottled Snecko","Replay:Accelerometer","Bird Faced Urn","Gremlin Food","Membership Card","Fusion Hammer","Paper Frog","infinitespire:EmpoweringShard","InkBottle","Darkstone Periapt","Brimstone","ReplayFunnel","Toy Ornithopter","War Paint"],"acts_visited":["Exordium","TheCity","TheBeyond"],"potions_floor_usage":[50],"damage_taken":[{"damage":10.0,"enemies":"Small Slimes","floor":1.0,"turns":4.0},{"damage":10.0,"enemies":"Jaw Worm","floor":3.0,"turns":2.0},{"damage":9.0,"enemies":"Replay:BlueRogue","floor":6.0,"turns":6.0},{"damage":4.0,"enemies":"2 Louse","floor":8.0,"turns":4.0},{"damage":30.0,"enemies":"Lagavulin","floor":10.0,"turns":6.0},{"damage":45.0,"enemies":"3 Sentries","floor":12.0,"turns":8.0},{"damage":49.0,"enemies":"Hexaghost","floor":16.0,"turns":9.0},{"damage":41.0,"enemies":"Shell Parasite","floor":18.0,"turns":6.0},{"damage":24.0,"enemies":"3 Byrds","floor":22.0,"turns":5.0},{"damage":0.0,"enemies":"Book of Stabbing","floor":23.0,"turns":1.0},{"damage":58.0,"enemies":"Replay:Snechameleon","floor":25.0,"turns":7.0},{"damage":22.0,"enemies":"Snake Plant","floor":28.0,"turns":5.0},{"damage":34.0,"enemies":"Chosen and Byrds","floor":29.0,"turns":8.0},{"damage":20.0,"enemies":"Centurion and Healer","floor":31.0,"turns":6.0},{"damage":64.0,"enemies":"Automaton","floor":33.0,"turns":8.0},{"damage":22.0,"enemies":"Orb Walker","floor":35.0,"turns":4.0},{"damage":16.0,"enemies":"3 Shapes","floor":36.0,"turns":3.0},{"damage":31,"enemies":"3 Darklings","floor":38,"turns":5},{"damage":69,"enemies":"Nemesis","floor":41,"turns":7},{"damage":17,"enemies":"Transient","floor":45,"turns":5},{"damage":1,"enemies":"Jaw Worm Horde","floor":46,"turns":2},{"damage":12,"enemies":"Spire Growth","floor":48,"turns":2},{"damage":95,"enemies":"Replay:Hell Engine","floor":50,"turns":8}],"seed_played":"4328572620346154753","potions_obtained":[{"floor":1.0,"key":"LifebloodPotion"},{"floor":3.0,"key":"SmokeBomb"},{"floor":10.0,"key":"SpeedPotion"},{"floor":25.0,"key":"FearPotion"},{"floor":46,"key":"FairyPotion"}],"is_trial":false,"path_per_floor":["M","$","M","?","?","E","R","M","T","E","T","E","R","?","R","B",null,"M","AVR","?","?","M","E","R","E","T","R","M","M","$","M","R","B",null,"M","M","AVR","M","?","R","E","$","T","R","M","M","?","M","R","B",null],"character_chosen":"IRONCLAD","items_purchased":["infinitespire:FocusingShard","Metallicize","Singing Bowl","Regal Pillow","Sling","Shovel","Rupture","Bloodletting","Gremlin Food","Membership Card","Darkstone Periapt","Brimstone","Flex"],"campfire_rested":7,"item_purchase_floors":[0,0,0,0,0,0,0,2,30,30,42,42,42],"current_hp_per_floor":[34,34,32,32,32,29,79,81,81,57,57,20,83,83,83,40,72,43,43,43,43,31,43,83,39,39,85,75,61,61,61,91,43,81,77,81,81,72,31,103,46,46,46,103,107,109,109,113,113,41],"gold":126,"neow_bonus":"","is_daily":false,"chose_seed":false,"campfire_upgraded":1,"win_rate":0.0,"timestamp":1608235128,"path_taken":["M","$","M","?","?","E","R","M","T","E","?","E","R","?","R","BOSS","M","AVR","?","?","M","E","R","E","T","R","M","M","$","?","R","BOSS","M","M","AVR","?","?","R","E","$","T","R","M","M","?","M","R","BOSS"],"items_purchased_type":["Relic","Card","Relic","Relic","Relic","Relic","Card","Card","Relic","Relic","Relic","Relic","Card"],"build_version":"2020-12-13","purchased_purges":2,"victory":true,"max_hp_per_floor":[77,77,79,79,79,79,79,81,81,81,81,83,83,83,83,83,83,83,83,83,83,83,83,83,85,85,85,85,89,89,91,91,93,93,95,99,99,103,103,103,103,103,103,103,107,109,109,113,113,113],"card_choices":[{"not_picked":["Feel No Pain","Sword Boomerang","Abandon"],"picked":"Singing Bowl","floor":1.0},{"not_picked":["Heavy Blade","Dark Embrace","Pommel Strike"],"picked":"Singing Bowl","floor":3.0},{"not_picked":["Armaments","Uppercut"],"picked":"Intimidate","floor":6.0},{"not_picked":["Clash","ReplayTheSpireMod:Strike From Hell","Run Through"],"picked":"Singing Bowl","floor":8.0},{"not_picked":["Wild Strike","Bludgeon","Thunderclap"],"picked":"Blood for Blood","floor":10.0},{"not_picked":["Feel No Pain","Power Through","Disarm","Uppercut"],"picked":"Singing Bowl","floor":12.0},{"not_picked":["Hemogenesis","Exhume","Bludgeon"],"picked":"Double Tap","floor":16.0},{"not_picked":["Inflame","ReplayTheSpireMod:Limb From Limb","ReplayTheSpireMod:LeadingStrike"],"picked":"Combust","floor":18.0},{"not_picked":["Iron Wave+1","Dropkick","Shrug It Off"],"picked":"Spot Weakness","floor":22.0},{"not_picked":["Inflame","Flex","Headbutt"],"picked":"Cleave+1","floor":22.0},{"not_picked":["ReplayTheSpireMod:Limb From Limb","Fiend Fire","Clash","Shockwave"],"picked":"Singing Bowl","floor":25.0},{"not_picked":["Warcry+1","Cleave","Replay:Undeath\u0027s Touch"],"picked":"Pummel","floor":28.0},{"not_picked":["Dark Embrace","Warcry","Havoc"],"picked":"ReplayTheSpireMod:Stacked","floor":28.0},{"not_picked":["Headbutt","Perfected Strike+1","Dark Embrace","Rampage"],"picked":"Singing Bowl","floor":29.0},{"not_picked":["Cleave","True Grit","Pommel Strike","Thunderclap"],"picked":"Singing Bowl","floor":29.0},{"not_picked":["Iron Wave","Carnage","Havoc+1","Anger"],"picked":"Singing Bowl","floor":31.0},{"not_picked":["Ghostly Armor","Run Through","Bludgeon"],"picked":"Hemokinesis","floor":31.0},{"not_picked":["Demonic Infusion","Replay:Many Hands","Bludgeon","Feed"],"picked":"Singing Bowl","floor":33.0},{"not_picked":["Havoc","Body Slam","Iron Wave"],"picked":"Hemokinesis","floor":35.0},{"not_picked":["Armaments+1","Shrug It Off","Anger","Burning Pact"],"picked":"Singing Bowl","floor":35.0},{"not_picked":["Twin Strike","ReplayTheSpireMod:Strike From Hell","infinitespire:OneForAll+1","Bloodletting"],"picked":"Singing Bowl","floor":36.0},{"not_picked":["Armaments","Bloodletting","Thunderclap","ReplayTheSpireMod:Limb From Limb"],"picked":"Singing Bowl","floor":36.0},{"not_picked":["Corruption","Iron Wave","Cleave","Wild Strike"],"picked":"Singing Bowl","floor":38},{"not_picked":["Perfected Strike","Pommel Strike","Dark Embrace","Burning Pact"],"picked":"Singing Bowl","floor":38},{"not_picked":["Rampage","Flex","Iron Wave"],"picked":"Evolve","floor":39},{"not_picked":["Headbutt","Warcry","Feel No Pain"],"picked":"ReplayTheSpireMod:Muscle Training","floor":41},{"not_picked":["Rupture","Intimidate","Fire Breathing","Run Through"],"picked":"Singing Bowl","floor":45},{"not_picked":["Shockwave+1","Searing Blow","Thunderclap+1","Spot Weakness"],"picked":"Singing Bowl","floor":45},{"not_picked":["Shrug It Off","Corruption","Power Through"],"picked":"Pummel","floor":46},{"not_picked":["Wild Strike","Run Through","Intimidate","Warcry"],"picked":"Singing Bowl","floor":46},{"not_picked":["Body Slam","Wild Strike","Warcry","Reckless Charge"],"picked":"Singing Bowl","floor":48},{"not_picked":["Headbutt","True Grit","Shrug It Off","ReplayTheSpireMod:Stacked"],"picked":"Singing Bowl","floor":48}],"player_experience":308440,"relics_obtained":[{"floor":6.0,"key":"infinitespire:ShieldingShard"},{"floor":9.0,"key":"Question Card"},{"floor":10.0,"key":"infinitespire:Broken Mirror"},{"floor":11.0,"key":"Simple Rune"},{"floor":12.0,"key":"King of Hearts"},{"floor":19.0,"key":"Bag of Marbles"},{"floor":19.0,"key":"ReplayTheSpireMod:Ninjato"},{"floor":19.0,"key":"Prayer Wheel"},{"floor":25.0,"key":"Replay:Accelerometer"},{"floor":26.0,"key":"Bird Faced Urn"},{"floor":39,"key":"infinitespire:EmpoweringShard"},{"floor":41,"key":"InkBottle"},{"floor":43,"key":"ReplayFunnel"},{"floor":47,"key":"Toy Ornithopter"},{"floor":49,"key":"War Paint"}],"event_choices":[{"damage_healed":32.0,"max_hp_gain":0.0,"max_hp_loss":79.0,"gold_gain":0.0,"event_name":"betterThird:BetterShining","player_choice":"Embrace Burn","floor":4.0,"gold_loss":0.0,"damage_taken":0.0},{"damage_healed":0.0,"max_hp_gain":0.0,"max_hp_loss":0.0,"gold_gain":0.0,"event_name":"Vampires","player_choice":"Ignored","floor":20.0,"gold_loss":0.0,"damage_taken":0.0},{"damage_healed":0,"gold_gain":0,"player_choice":"Relic","damage_taken":0,"max_hp_gain":0,"max_hp_loss":0,"event_name":"Wheel of Change","floor":47,"gold_loss":0}],"is_beta":false,"boss_relics":[{"not_picked":["Cursed Key","SlaversCollar"],"picked":"Black Blood"},{"not_picked":["Runic Cube","ReplayTheSpireMod:SealedPack"],"picked":"Fusion Hammer"}],"items_purged_floors":[19,37],"is_endless":false,"potions_floor_spawned":[1,3,10,12,25,28,33,38,46,48],"ascension_level":15}}