{"host":"2461dio7vetlq1z3","time":1608224083,"event":{"mods":["2.2 Compatiblity","AchievementEnabler","BaseMod","Better Third Choice","Hermit","Marisa????????","Minty Spire (QoL Compilation)","Relic Stats","Spicy Shops","StSLib","Waifu the Spire"],"gold_per_floor":[119,119,138,150,160,160,195,195,195,212,242,256,256,266,266,338,338,355,374,394,407,419,419,446,446,446,480,480,513,532,551,551,623,623,643,968,968,968,984,1015,156,156,156,169,169,183,217,237,237,237],"floor_reached":51,"playtime":2716,"items_purged":["Strike_G"],"score":1620,"play_id":"fbdab3f2-ca59-49c1-84b1-c584ecba6f90","local_time":"20201217175443","is_ascension_mode":true,"campfire_choices":[{"data":"Neutralize","floor":6,"key":"SMITH"},{"data":"Noxious Fumes","floor":8,"key":"SMITH"},{"floor":13,"key":"REST"},{"data":"Cloak And Dagger","floor":15,"key":"SMITH"},{"floor":23,"key":"REST"},{"data":"Distraction","floor":25,"key":"SMITH"},{"data":"Blade Dance","floor":28,"key":"SMITH"},{"data":"Infinite Blades","floor":32,"key":"SMITH"},{"data":"Madness","floor":42,"key":"SMITH"},{"data":"Panacea","floor":49,"key":"SMITH"}],"circlet_count":0,"master_deck":["AscendersBane","Strike_G","Strike_G","Strike_G","Defend_G","Defend_G","Defend_G","Defend_G","Defend_G","Survivor","Neutralize+1","Noxious Fumes+1","Calculated Gamble","Dagger Spray","Backstab","Adrenaline","Footwork","Catalyst","Endless Agony","Cloak And Dagger+1","Malaise","Cloak And Dagger+1","Distraction+1","PiercingWail","Blade Dance+1","Acrobatics","Infinite Blades+1","Infinite Blades","Storm of Steel","Madness+1","Madness","Blade Dance","Endless Agony","Adrenaline","Panacea+1","Bandage Up","Footwork","Backstab+1"],"relics":["WristBlade","Dead Branch","The Courier","Matryoshka","Philosopher\u0027s Stone","Ice Cream","Bronze Scales","Kunai","Vajra","Gambling Chip","SacredBark","Old Coin","MawBank","DollysMirror","Strawberry","Thread and Needle","Paper Crane","Lantern","Sundial","CaptainsWheel"],"acts_visited":["Exordium","TheCity","TheBeyond"],"potions_floor_usage":[7,11,20,22,24,40,50],"damage_taken":[{"damage":3,"enemies":"2 Louse","floor":1,"turns":3},{"damage":2,"enemies":"Cultist","floor":3,"turns":4},{"damage":0,"enemies":"Jaw Worm","floor":4,"turns":4},{"damage":4,"enemies":"2 Fungi Beasts","floor":5,"turns":3},{"damage":15,"enemies":"3 Sentries","floor":7,"turns":7},{"damage":0,"enemies":"Large Slime","floor":10,"turns":2},{"damage":16,"enemies":"Gremlin Nob","floor":11,"turns":3},{"damage":4,"enemies":"3 Louse","floor":12,"turns":3},{"damage":0,"enemies":"Blue Slaver","floor":14,"turns":2},{"damage":0,"enemies":"Slime Boss","floor":16,"turns":3},{"damage":0,"enemies":"Shell Parasite","floor":18,"turns":3},{"damage":0,"enemies":"Spheric Guardian","floor":19,"turns":1},{"damage":9,"enemies":"Shelled Parasite and Fungi","floor":20,"turns":2},{"damage":0,"enemies":"Snecko","floor":21,"turns":5},{"damage":11,"enemies":"Centurion and Healer","floor":22,"turns":3},{"damage":17,"enemies":"Slavers","floor":24,"turns":4},{"damage":0,"enemies":"Gremlin Leader","floor":27,"turns":4},{"damage":0,"enemies":"Book of Stabbing","floor":29,"turns":3},{"damage":0,"enemies":"Snake Plant","floor":30,"turns":2},{"damage":0,"enemies":"Shelled Parasite and Fungi","floor":31,"turns":2},{"damage":2,"enemies":"Automaton","floor":33,"turns":5},{"damage":1,"enemies":"3 Darklings","floor":35,"turns":2},{"damage":0,"enemies":"Mind Bloom Boss Battle","floor":36,"turns":2},{"damage":5,"enemies":"3 Shapes","floor":39,"turns":3},{"damage":0,"enemies":"Reptomancer","floor":40,"turns":3},{"damage":0,"enemies":"Spire Growth","floor":44,"turns":3},{"damage":0,"enemies":"Transient","floor":46,"turns":5},{"damage":11,"enemies":"Nemesis","floor":47,"turns":3},{"damage":2,"enemies":"Sphere and 2 Shapes","floor":48,"turns":5},{"damage":17,"enemies":"Donu and Deca","floor":50,"turns":6}],"seed_played":"6733746384945661060","potions_obtained":[{"floor":3,"key":"FearPotion"},{"floor":4,"key":"GamblersBrew"},{"floor":5,"key":"SkillPotion"},{"floor":14,"key":"Explosive Potion"},{"floor":16,"key":"DistilledChaos"},{"floor":21,"key":"Weak Potion"},{"floor":24,"key":"CunningPotion"},{"floor":27,"key":"SmokeBomb"},{"floor":31,"key":"Block Potion"},{"floor":35,"key":"Strength Potion"},{"floor":47,"key":"SteroidPotion"}],"is_trial":false,"path_per_floor":["M","?","M","M","M","R","E","R","T","M","E","M","R","M","R","B",null,"M","M","M","M","M","R","E","R","T","E","R","E","M","M","R","B",null,"M","?","?","?","M","E","$","R","T","M","?","M","E","M","R","B",null],"character_chosen":"THE_SILENT","items_purchased":["DollysMirror","Strawberry","Thread and Needle","Paper Crane","Lantern"],"campfire_rested":2,"item_purchase_floors":[41,41,41,41,41],"current_hp_per_floor":[56,56,54,54,50,50,35,35,35,35,19,15,34,34,34,34,58,58,58,49,49,38,57,40,40,40,40,40,40,40,40,40,38,59,58,58,58,46,41,41,48,48,48,48,43,47,36,38,38,25],"gold":237,"neow_bonus":"BOSS_RELIC","is_daily":false,"chose_seed":false,"campfire_upgraded":8,"win_rate":0.0,"timestamp":1608224083,"path_taken":["M","?","M","?","M","R","E","R","T","?","E","M","R","M","R","BOSS","M","M","M","M","M","R","E","R","T","E","R","E","M","M","R","BOSS","M","?","?","?","M","E","$","R","T","M","?","?","E","M","R","BOSS"],"items_purchased_type":["Relic","Relic","Relic","Relic","Relic"],"build_version":"2020-12-13","purchased_purges":1,"victory":true,"max_hp_per_floor":[66,66,66,66,66,66,66,66,66,66,66,66,66,66,66,66,66,66,66,66,66,66,66,66,66,66,66,66,66,66,66,66,66,66,66,66,66,66,66,66,73,73,73,73,73,73,73,73,73,73],"relic_stats":{"counters":[30,100],"Sundial":[0],"Dead Branch":[413],"Bronze Scales":[95],"Gambling Chip":[21],"Kunai":[81],"MawBank":12,"obtain_stats":[{"Ice Cream":24,"Lantern":41,"Dead Branch":7,"SacredBark":34,"Vajra":27,"Thread and Needle":41,"The Courier":9,"Paper Crane":41,"MawBank":40,"Old Coin":36,"CaptainsWheel":47,"Matryoshka":11,"WristBlade":0,"DollysMirror":41,"Sundial":43,"Bronze Scales":26,"Gambling Chip":29,"Strawberry":41,"Philosopher\u0027s Stone":17,"Kunai":26,"Ring of the Snake":0},{"Ice Cream":16,"Lantern":25,"Dead Branch":5,"SacredBark":21,"Vajra":17,"Thread and Needle":25,"The Courier":5,"Paper Crane":25,"MawBank":25,"Old Coin":23,"CaptainsWheel":28,"Matryoshka":7,"WristBlade":0,"DollysMirror":25,"Sundial":25,"Bronze Scales":16,"Gambling Chip":18,"Strawberry":25,"Philosopher\u0027s Stone":10,"Kunai":16,"Ring of the Snake":0},{"Ice Cream":52,"Lantern":78,"Dead Branch":21,"SacredBark":68,"Vajra":56,"Thread and Needle":78,"The Courier":21,"Paper Crane":78,"MawBank":78,"Old Coin":72,"CaptainsWheel":89,"Matryoshka":26,"WristBlade":0,"DollysMirror":78,"Sundial":78,"Bronze Scales":52,"Gambling Chip":59,"Strawberry":78,"Philosopher\u0027s Stone":34,"Kunai":52,"Ring of the Snake":0}]},"card_choices":[{"not_picked":["Cloak And Dagger","Bane"],"picked":"Noxious Fumes","floor":1},{"not_picked":["Setup","Sucker Punch"],"picked":"Calculated Gamble","floor":3},{"not_picked":["Deflect","Poisoned Stab"],"picked":"Dagger Spray","floor":4},{"not_picked":["Well Laid Plans","Crippling Poison"],"picked":"Backstab","floor":5},{"not_picked":["Masterful Stab","Flying Knee"],"picked":"Adrenaline","floor":7},{"not_picked":["Bane","Slice"],"picked":"Footwork","floor":10},{"not_picked":["Underhanded Strike","Dagger Throw"],"picked":"Catalyst","floor":11},{"not_picked":["Poisoned Stab","Bane"],"picked":"Endless Agony","floor":12},{"not_picked":["Backflip","Flechettes"],"picked":"Cloak And Dagger","floor":14},{"not_picked":["Die Die Die","Unload"],"picked":"Malaise","floor":16},{"not_picked":["Riddle With Holes","Slice"],"picked":"Cloak And Dagger+1","floor":18},{"not_picked":["Masterful Stab","Choke"],"picked":"Distraction","floor":19},{"not_picked":["Flying Knee","Crippling Poison"],"picked":"PiercingWail","floor":20},{"not_picked":["Dagger Spray+1","Bane","Deadly Poison"],"picked":"SKIP","floor":21},{"not_picked":["Deflect","Backstab"],"picked":"Blade Dance","floor":22},{"not_picked":["Setup","Grand Finale"],"picked":"Acrobatics","floor":24},{"not_picked":["Catalyst","Underhanded Strike","Setup"],"picked":"SKIP","floor":27},{"not_picked":["Masterful Stab+1","Poisoned Stab"],"picked":"Infinite Blades","floor":29},{"not_picked":["Backflip","Sucker Punch","Deflect"],"picked":"SKIP","floor":30},{"not_picked":["Eviscerate","Acrobatics"],"picked":"Infinite Blades","floor":31},{"not_picked":["Phantasmal Killer","Adrenaline"],"picked":"Storm of Steel","floor":33},{"not_picked":["Acrobatics","Sucker Punch","Blur"],"picked":"SKIP","floor":35},{"not_picked":["Flying Knee+1","Tactician"],"picked":"Blade Dance","floor":39},{"not_picked":["Wraith Form v2","Dagger Spray"],"picked":"Endless Agony","floor":40},{"not_picked":["Prepared","Caltrops+1","PiercingWail"],"picked":"SKIP","floor":44},{"not_picked":["Enlightenment","HandOfGreed"],"picked":"Panacea","floor":45},{"not_picked":["Good Instincts","Swift Strike"],"picked":"Bandage Up","floor":45},{"not_picked":["Dodge and Roll","Backstab"],"picked":"Footwork","floor":46},{"not_picked":["Expertise+1","Noxious Fumes"],"picked":"Backstab+1","floor":47},{"not_picked":["PiercingWail","Terror","Tactician"],"picked":"SKIP","floor":48}],"player_experience":787090,"relics_obtained":[{"floor":7,"key":"Dead Branch"},{"floor":9,"key":"The Courier"},{"floor":11,"key":"Matryoshka"},{"floor":24,"key":"Ice Cream"},{"floor":26,"key":"Bronze Scales"},{"floor":26,"key":"Kunai"},{"floor":27,"key":"Vajra"},{"floor":29,"key":"Gambling Chip"},{"floor":36,"key":"Old Coin"},{"floor":40,"key":"MawBank"},{"floor":43,"key":"Sundial"},{"floor":47,"key":"CaptainsWheel"}],"event_choices":[{"cards_removed":["Strike_G"],"damage_healed":0,"gold_gain":0,"player_choice":"Purged","damage_taken":0,"max_hp_gain":0,"max_hp_loss":0,"event_name":"Purifier","floor":2,"gold_loss":0},{"damage_healed":0,"gold_gain":0,"player_choice":"Fight","damage_taken":0,"max_hp_gain":0,"max_hp_loss":0,"event_name":"MindBloom","floor":36,"gold_loss":0},{"damage_healed":0,"gold_gain":0,"player_choice":"Ignored","damage_taken":0,"max_hp_gain":0,"max_hp_loss":0,"event_name":"Tomb of Lord Red Mask","floor":37,"gold_loss":0},{"damage_healed":0,"gold_gain":0,"player_choice":"Embrace Madness","damage_taken":12,"max_hp_gain":0,"max_hp_loss":0,"event_name":"Winding Halls","floor":38,"gold_loss":0,"cards_obtained":["Madness","Madness"]},{"damage_healed":0,"gold_gain":0,"player_choice":"Memory 2","damage_taken":5,"max_hp_gain":0,"max_hp_loss":0,"event_name":"SensoryStone","floor":45,"gold_loss":0}],"is_beta":false,"boss_relics":[{"not_picked":["Sozu","Snecko Eye"],"picked":"Philosopher\u0027s Stone"},{"not_picked":["Empty Cage","Tiny House"],"picked":"SacredBark"}],"items_purged_floors":[41],"is_endless":false,"potions_floor_spawned":[3,4,5,14,16,18,21,24,27,31,35,36,39,47,48],"ascension_level":15}}