{"host":"8o45mh5p3pp1o2mi","time":1608247139,"event":{"mods":["BaseMod","Downfall","Minty Spire (QoL Compilation)","Replay The Spire","StSLib"],"gold_per_floor":[99,99,99,134,134,134,134,59,87,72,100,17,28,47,60,60,60],"floor_reached":16,"playtime":1310,"items_purged":[],"score":131,"play_id":"55458ef9-c938-4581-8995-7d6a94b54f49","local_time":"20201217231859","is_ascension_mode":false,"campfire_choices":[{"floor":1,"key":"RECALL"},{"data":"champ:Taunt","floor":6,"key":"SMITH"},{"data":"champ:FlashCut","floor":8,"key":"SMITH"}],"circlet_count":0,"master_deck":["champ:Strike","champ:Strike","champ:Strike","champ:Strike","champ:Defend","champ:Defend","champ:Defend","champ:Defend","champ:Execute","champ:Taunt+1","champ:FlashCut+1","champ:SkillfulDodge","champ:Circumvent","champ:StrikeOfGenius","champ:Encircle","champ:BringItOn","champ:IgnorePain","champ:ViciousMockery","champ:CrookedStrike","champ:GladiatorsShout"],"relics":["champ:ChampionCrown","downfall:HeartsMalice","Centennial Puzzle","downfall:BrokenWingStatue","Gremlin Horn","downfall:HeartBlessingRed","Replay:Accelerometer","Odd Mushroom"],"acts_visited":["Exordium"],"potions_floor_usage":[11,13],"damage_taken":[{"damage":0,"enemies":"2 Louse","floor":2,"turns":1},{"damage":0,"enemies":"Jaw Worm","floor":3,"turns":1},{"damage":0,"enemies":"Lagavulin","floor":4,"turns":1},{"damage":61,"enemies":"Gremlin Nob","floor":9,"turns":6},{"damage":5,"enemies":"downfall:FleeingMerchant","floor":10,"turns":4},{"damage":33,"enemies":"The Mushroom Lair","floor":11,"turns":4},{"damage":11,"enemies":"downfall:FleeingMerchant","floor":12,"turns":4},{"damage":0,"enemies":"Small Slimes","floor":13,"turns":3},{"damage":11,"enemies":"Red Slaver","floor":14,"turns":3},{"damage":4,"enemies":"Exordium Thugs","floor":15,"turns":5},{"damage":20,"enemies":"downfall:Defect","floor":16,"turns":4}],"seed_played":"-4939707484750106789","potions_obtained":[{"floor":9,"key":"Reflective Coating"},{"floor":11,"key":"Block Potion"},{"floor":14,"key":"SkillPotion"}],"is_trial":false,"path_per_floor":["R","M","M","E","?","R","T","R","E","$","?","$","M","M","M","B"],"character_chosen":"THE_CHAMP","items_purchased":["champ:ViciousMockery"],"campfire_rested":0,"item_purchase_floors":[12],"current_hp_per_floor":[90,90,90,90,90,90,90,90,34,34,12,12,12,8,11,0,0],"gold":60,"neow_bonus":"THREE_ENEMY_KILL","is_daily":false,"chose_seed":false,"campfire_upgraded":2,"win_rate":0.0,"timestamp":1608247139,"path_taken":["R","M","M","E","?","R","T","R","E","$","?","$","M","M","M","BOSS"],"items_purchased_type":["Card"],"build_version":"2020-12-13","purchased_purges":0,"victory":false,"max_hp_per_floor":[90,90,90,90,90,90,90,90,90,90,90,90,90,90,90,90,90],"card_choices":[{"not_picked":["champ:TornadoPunch","champ:Haymaker"],"picked":"champ:FlashCut","floor":2},{"not_picked":["champ:TornadoPunch","champ:BerserkerStyle"],"picked":"champ:SkillfulDodge","floor":3},{"not_picked":["champ:Backstep","champ:PerfectedStrike"],"picked":"champ:Circumvent","floor":4},{"not_picked":["champ:Haymaker","champ:StanceDance"],"picked":"champ:StrikeOfGenius","floor":9},{"not_picked":["champ:FocusedDefense","champ:RisingSlash"],"picked":"champ:Encircle","floor":10},{"not_picked":["champ:FanOfKnives","champ:Backstep"],"picked":"champ:BringItOn","floor":11},{"not_picked":["champ:Lariat","champ:AdrenalArmor"],"picked":"champ:IgnorePain","floor":12},{"not_picked":["champ:BerserkersShout","champ:Encircle"],"picked":"champ:CrookedStrike","floor":13},{"not_picked":["champ:Circumvent","champ:SkillfulDodge","champ:BladeFlurry"],"picked":"SKIP","floor":14},{"not_picked":["champ:TornadoPunch","champ:FalseCounter"],"picked":"champ:GladiatorsShout","floor":15}],"player_experience":21574,"relics_obtained":[{"floor":4,"key":"Centennial Puzzle"},{"floor":7,"key":"Gremlin Horn"},{"floor":9,"key":"Replay:Accelerometer"},{"floor":11,"key":"Odd Mushroom"}],"event_choices":[{"damage_healed":0,"gold_gain":0,"player_choice":"Fought Mushrooms","damage_taken":0,"max_hp_gain":0,"max_hp_loss":0,"event_name":"Mushrooms","floor":11,"gold_loss":0}],"is_beta":false,"boss_relics":[],"items_purged_floors":[],"is_endless":false,"potions_floor_spawned":[9,11,14],"killed_by":"downfall:Defect","ascension_level":0}}