{"host":"cz3p2o9n3b1gdmkz","time":1608178649,"event":{"mods":["AchievementEnabler","BaseMod","CapriCore","GungeonMod","Hermit","Lobotomy","Minty Spire (QoL Compilation)","Replay The Spire","Shop Mod","StSLib","SuperFastMode","The Cursed","The Dragon Tamer","The Gatherer","The Jungle","The Poker Player","The Runesmith"],"gold_per_floor":[113,113,127,127,200,200,231,231,231,83,119,119,134,134,134,257,257,275,14,14,34,34,34,34,67,91,110,131,175,175,208,208,327,327,347,347,365,209,0,0,0,0,0,0,15,35,56,56,56,56,56],"floor_reached":52,"playtime":2292,"items_purged":[],"score":1013,"play_id":"0dfed06a-6e16-45ee-a0c8-771436a26121","local_time":"20201217131729","is_ascension_mode":true,"campfire_choices":[{"data":"Eruption","floor":6.0,"key":"SMITH"},{"data":"hermit:GoldenBullet","floor":8.0,"key":"SMITH"},{"data":"Pot Of Greed","floor":12.0,"key":"SMITH"},{"data":"Pot Of Greed","floor":15.0,"key":"SMITH"},{"data":"hermit:NoHoldsBarred","floor":23.0,"key":"SMITH"},{"floor":32.0,"key":"REST"},{"data":"hermit:Gambit","floor":40.0,"key":"SMITH"},{"data":"Pot Of Greed","floor":42.0,"key":"SMITH"},{"floor":49.0,"key":"REST"}],"circlet_count":0,"master_deck":["hermit:Strike_Hermit+1","hermit:Strike_Hermit+1","hermit:Strike_Hermit+1","hermit:Strike_Hermit+1","hermit:Defend_Hermit+1","hermit:Defend_Hermit+1","hermit:Defend_Hermit+1","hermit:Defend_Hermit+1","hermit:Snapshot","hermit:Covet","Eruption+1","Strike_G+1","hermit:FinalCanter","hermit:NoHoldsBarred+1","hermit:GoldenBullet+1","Pot Of Greed+1","Pot Of Greed+1","hermit:Determination","hermit:Gambit+1","hermit:CursedWeapon+1","hermit:RoundhouseKick","hermit:CalledShot+1","Flash of Steel+1","Master of Strategy","Pot Of Greed+1"],"relics":["hermit:Momento","Golden Idol","DemoMod:JetPack","Grinning Jar","Kunai","Replay:Baseball","Replay:Bottled Snecko","Runic Pyramid","Snack Pack","MutagenicStrength","Quantum Egg","DemoMod:LamentConfigurum","DemoMod:OrangeGuonStone","Eternal Feather","Lee\u0027s Waffle","Red Mask","Replay:Bottled Eggs","Turnip"],"acts_visited":["Exordium","TheCity","TheBeyond"],"potions_floor_usage":[50,50],"damage_taken":[{"damage":0.0,"enemies":"2 Louse","floor":1.0,"turns":1.0},{"damage":12.0,"enemies":"Small Slimes","floor":3.0,"turns":3.0},{"damage":19.0,"enemies":"3 Sentries","floor":7.0,"turns":2.0},{"damage":15.0,"enemies":"Gremlin Nob","floor":11.0,"turns":3.0},{"damage":0.0,"enemies":"Jaw Worm","floor":13.0,"turns":3.0},{"damage":1.0,"enemies":"Fading Forest","floor":16.0,"turns":11.0},{"damage":21.0,"enemies":"Shell Parasite","floor":18.0,"turns":3.0},{"damage":1.0,"enemies":"Chosen","floor":21.0,"turns":2.0},{"damage":25.0,"enemies":"Replay:Snechameleon","floor":25.0,"turns":3.0},{"damage":6.0,"enemies":"Snake Plant","floor":27.0,"turns":3.0},{"damage":0.0,"enemies":"3 Cultists","floor":28.0,"turns":2.0},{"damage":14.0,"enemies":"Book of Stabbing","floor":29.0,"turns":3.0},{"damage":2.0,"enemies":"Centurion and Healer","floor":31.0,"turns":3.0},{"damage":36.0,"enemies":"Champ","floor":33.0,"turns":5.0},{"damage":7.0,"enemies":"3 Darklings","floor":35.0,"turns":2.0},{"damage":0.0,"enemies":"3 Shapes","floor":37.0,"turns":1.0},{"damage":32.0,"enemies":"Spire Growth","floor":45.0,"turns":4.0},{"damage":28.0,"enemies":"Transient","floor":46.0,"turns":5.0},{"damage":2.0,"enemies":"Jaw Worm Horde","floor":47.0,"turns":2.0},{"damage":0.0,"enemies":"Nemesis","floor":48.0,"turns":2.0},{"damage":113,"enemies":"Awakened One","floor":50,"turns":7}],"seed_played":"-3616285022094688825","potions_obtained":[{"floor":1.0,"key":"EssenceOfSteel"},{"floor":5.0,"key":"Swift Potion"},{"floor":11.0,"key":"DistilledChaos"},{"floor":13.0,"key":"SkillPotion"},{"floor":16.0,"key":"SmokeBomb"},{"floor":18.0,"key":"FearPotion"},{"floor":25.0,"key":"Strength Potion"},{"floor":29.0,"key":"AttackPotion"},{"floor":33.0,"key":"Toxic Potion"},{"floor":37.0,"key":"Regen Potion"},{"floor":45.0,"key":"Fruit Juice"},{"floor":47.0,"key":"SkillPotion"}],"is_trial":false,"path_per_floor":["M","$","M","?","?","R","E","R","T","$","E","R","M","$","R","B",null,"M","$","$","M","?","R","?","E","T","M","M","E","?","M","R","B",null,"M","?","M","$","?","R","?","R","T","?","M","M","M","E","R","B",null,null],"character_chosen":"HERMIT","items_purchased":["Replay:Baseball","Snack Pack","Lee\u0027s Waffle"],"campfire_rested":2,"item_purchase_floors":[10,19,38],"current_hp_per_floor":[68,68,56,56,56,56,37,37,37,37,22,22,22,22,22,45,68,47,47,47,48,48,48,48,27,27,23,25,13,13,15,49,19,61,56,85,85,92,92,92,82,92,92,92,64,44,51,51,95,8,8],"gold":56,"neow_bonus":"THREE_RARE_CARDS","is_daily":false,"chose_seed":false,"campfire_upgraded":7,"win_rate":0.0,"timestamp":1608178649,"path_taken":["M","$","M","?","?","R","E","R","T","$","E","R","M","?","R","BOSS","M","?","$","?","?","R","?","E","T","?","M","E","?","M","R","BOSS","M","?","?","$","?","R","?","R","T","?","?","M","M","E","R","BOSS"],"items_purchased_type":["Relic","Relic","Relic"],"build_version":"2020-12-13","purchased_purges":0,"victory":true,"max_hp_per_floor":[75,75,75,75,75,75,75,75,75,75,75,75,75,75,75,75,75,75,75,75,75,75,75,75,75,75,75,75,75,75,75,75,75,75,75,85,85,92,92,92,92,92,92,92,92,92,97,97,97,97,97],"card_choices":[{"not_picked":["hermit:HeroicBravado","hermit:OverwhelmingPower"],"picked":"hermit:FinalCanter","floor":0.0},{"not_picked":["hermit:HoleUp","hermit:Deadeye"],"picked":"hermit:NoHoldsBarred","floor":1.0},{"not_picked":["hermit:FlashPowder","hermit:HighNoon"],"picked":"hermit:GoldenBullet","floor":3.0},{"not_picked":["hermit:Feint","hermit:Roulette","hermit:ItchyTrigger"],"picked":"SKIP","floor":7.0},{"not_picked":["hermit:EyeOfTheStorm","hermit:Glare","hermit:Spite"],"picked":"SKIP","floor":11.0},{"not_picked":["hermit:Headshot","hermit:PistolWhip"],"picked":"hermit:Determination","floor":13.0},{"not_picked":["hermit:EternalForm","hermit:FinalCanter"],"picked":"hermit:Gambit","floor":16.0},{"not_picked":["hermit:Feint","hermit:BigShot+1"],"picked":"hermit:CursedWeapon+1","floor":18.0},{"not_picked":["hermit:Snipe+1","hermit:Horror","hermit:ItchyTrigger"],"picked":"SKIP","floor":21.0},{"not_picked":["hermit:HoleUp","hermit:ShadowCloak+1"],"picked":"hermit:DeadOrAlive","floor":25.0},{"not_picked":["hermit:NoHoldsBarred","hermit:HighCaliber+1","hermit:Virtue"],"picked":"SKIP","floor":27.0},{"not_picked":["hermit:Misfire","hermit:Spite","hermit:GoldenBullet"],"picked":"SKIP","floor":28.0},{"not_picked":["hermit:WideOpen","hermit:FinalCanter","hermit:ItchyTrigger"],"picked":"SKIP","floor":29.0},{"not_picked":["hermit:Coalescence","hermit:Snipe","hermit:Deadeye+1"],"picked":"SKIP","floor":31.0},{"not_picked":["hermit:Dissolve","hermit:Roughhouse"],"picked":"hermit:RoundhouseKick","floor":33.0},{"not_picked":["hermit:ShadowCloak","hermit:Shortfuse+1"],"picked":"hermit:CalledShot+1","floor":35.0},{"not_picked":["hermit:Quickdraw+1","hermit:Manifest+1","hermit:Snipe+1"],"picked":"SKIP","floor":37.0},{"not_picked":["Mind Blast","Mayhem"],"picked":"Flash of Steel","floor":41.0},{"not_picked":["Crow Ritual","The Bomb"],"picked":"Master of Strategy","floor":41.0},{"not_picked":["hermit:WideOpen","hermit:Dive+1","hermit:TrackingShot+1"],"picked":"SKIP","floor":45.0},{"not_picked":["hermit:Spite+1","hermit:FullyLoaded","hermit:Cheat"],"picked":"SKIP","floor":46.0},{"not_picked":["hermit:GhostlyPresence","hermit:Ricochet+1","hermit:SprayPray"],"picked":"SKIP","floor":47.0}],"player_experience":955843,"relics_obtained":[{"floor":5.0,"key":"DemoMod:JetPack"},{"floor":7.0,"key":"Grinning Jar"},{"floor":9.0,"key":"Kunai"},{"floor":11.0,"key":"Replay:Bottled Snecko"},{"floor":25.0,"key":"Quantum Egg"},{"floor":26.0,"key":"DemoMod:LamentConfigurum"},{"floor":29.0,"key":"Eternal Feather"},{"floor":43.0,"key":"Replay:Bottled Eggs"}],"event_choices":[{"damage_healed":0.0,"max_hp_gain":0.0,"max_hp_loss":0.0,"gold_gain":0.0,"event_name":"Golden Idol","player_choice":"Take Wound","floor":4.0,"gold_loss":0.0,"damage_taken":0.0,"relics_obtained":["Golden Idol"],"cards_obtained":["Injury"]},{"damage_healed":0.0,"max_hp_gain":0.0,"max_hp_loss":0.0,"gold_gain":0.0,"event_name":"Drug Dealer","player_choice":"Inject Mutagens","floor":22.0,"gold_loss":0.0,"damage_taken":0.0,"relics_obtained":["MutagenicStrength"]},{"damage_healed":0.0,"max_hp_gain":0.0,"max_hp_loss":0.0,"gold_gain":0.0,"event_name":"Back to Basics","player_choice":"Simplicity","floor":24.0,"gold_loss":0.0,"damage_taken":0.0,"cards_upgraded":["hermit:Strike_Hermit","hermit:Strike_Hermit","hermit:Strike_Hermit","hermit:Strike_Hermit","hermit:Defend_Hermit","hermit:Defend_Hermit","hermit:Defend_Hermit","hermit:Defend_Hermit","Strike_G"]},{"damage_healed":0.0,"max_hp_gain":0.0,"max_hp_loss":0.0,"gold_gain":0.0,"event_name":"Beggar","player_choice":"Ignored","floor":30.0,"gold_loss":0.0,"damage_taken":0.0},{"cards_removed":["hermit:DeadOrAlive"],"damage_healed":19.0,"max_hp_gain":10.0,"max_hp_loss":0.0,"gold_gain":0.0,"event_name":"Bonfire Elementals","player_choice":"Offered Rare","floor":36.0,"gold_loss":0.0,"damage_taken":0.0},{"damage_healed":0.0,"max_hp_gain":0.0,"max_hp_loss":0.0,"gold_gain":0.0,"event_name":"Tomb of Lord Red Mask","player_choice":"Paid","floor":39.0,"gold_loss":209.0,"damage_taken":0.0,"relics_obtained":["Red Mask"]},{"damage_healed":0.0,"max_hp_gain":0.0,"max_hp_loss":0.0,"gold_gain":0.0,"event_name":"SensoryStone","player_choice":"Memory 3","floor":41.0,"gold_loss":0.0,"damage_taken":10.0},{"cards_removed":["Injury"],"damage_healed":0.0,"max_hp_gain":0.0,"max_hp_loss":0.0,"gold_gain":0.0,"event_name":"Fountain of Cleansing","player_choice":"Removed Curses","floor":44.0,"gold_loss":0.0,"damage_taken":0.0}],"is_beta":false,"boss_relics":[{"not_picked":["Replay:Wanted Poster","Snecko Eye"],"picked":"Runic Pyramid"},{"not_picked":["Painkiller Herb","Runesmith:UraniumAnvil","Kintsugi"]}],"items_purged_floors":[],"is_endless":false,"potions_floor_spawned":[1,11,13,16,18,25,28,29,33,37,45,46,47],"ascension_level":7}}