{"host":"bux1pdxjwq4dkad9","time":1608183462,"event":{"mods":["BaseMod","Colored Map","Minty Spire (QoL Compilation)","Quick Restart","Robot Space Explorer","StSLib","SuperFastMode","°æ“≈ŒÔMod°øºÚµ•”Œœ∑"],"gold_per_floor":[403,369,444,463,489,414,414,449,349,373,373,403,175,205,219,219,294,294,310,310,330,106,106,131,131,162,188,218,218,233,250,164,164,241,241,261,261,261,261,261,261,291,291,291,321,336,350,362,376,376,376,376,376,66,101,101],"floor_reached":56,"playtime":1132,"items_purged":["RobotSpaceExplorer:Strike","RobotSpaceExplorer:Strike","RobotSpaceExplorer:Strike","RobotSpaceExplorer:Defend","RobotSpaceExplorer:Defend"],"score":2832,"play_id":"5db6bade-09b4-46a5-aff7-50153caa1812","local_time":"20201217133742","is_ascension_mode":true,"campfire_choices":[{"data":"RobotSpaceExplorer:MiniLasers","floor":6,"key":"SMITH"},{"data":"RobotSpaceExplorer:DualCore","floor":15,"key":"SMITH"},{"data":"RobotSpaceExplorer:PowerGlove","floor":24,"key":"SMITH"},{"data":"RobotSpaceExplorer:MiniBoosters","floor":32,"key":"SMITH"},{"floor":40,"key":"RECALL"},{"data":"RobotSpaceExplorer:ExhaustFan","floor":49,"key":"SMITH"},{"data":"RobotSpaceExplorer:SwiftStep","floor":52,"key":"SMITH"}],"circlet_count":0,"master_deck":["AscendersBane","RobotSpaceExplorer:Defend","RobotSpaceExplorer:Scan","RobotSpaceExplorer:MiniLasers+1","RobotSpaceExplorer:GearShield","RobotSpaceExplorer:GlueShot","RobotSpaceExplorer:DualCore+1","RobotSpaceExplorer:SwiftStep+1","RobotSpaceExplorer:ExhaustFan+1","RobotSpaceExplorer:PowerGlove+1","RobotSpaceExplorer:MiniBoosters+1","Madness","RobotSpaceExplorer:ExhaustFan"],"relics":["RobotSpaceExplorer:TurboCore","ImprovedEquipment","Turnip","Juzu Bracelet","Toy Ornithopter","PreservedInsect","Membership Card","Smiling Mask","Coffee Dripper","RobotSpaceExplorer:FoglandsKnife","RobotSpaceExplorer:ClockworkSextant","Blood Vial","Bottled Tornado","MealTicket","Ice Cream","Orichalcum","The Courier","Happy Flower","Pen Nib","Bronze Scales","Mummified Hand","Bag of Marbles","Boot"],"acts_visited":["Exordium","TheCity","TheBeyond","TheEnding"],"potions_floor_usage":[],"damage_taken":[{"damage":0.0,"enemies":"Small Slimes","floor":1.0,"turns":2.0},{"damage":0.0,"enemies":"Jaw Worm","floor":3.0,"turns":2.0},{"damage":0,"enemies":"Gremlin Nob","floor":7,"turns":3},{"damage":0,"enemies":"Lagavulin","floor":11,"turns":3},{"damage":0,"enemies":"Gremlin Nob","floor":13,"turns":1},{"damage":0,"enemies":"Cultist","floor":14,"turns":1},{"damage":0,"enemies":"Slime Boss","floor":16,"turns":1},{"damage":0,"enemies":"Chosen","floor":18,"turns":1},{"damage":0,"enemies":"Shell Parasite","floor":20,"turns":1},{"damage":0,"enemies":"Book of Stabbing","floor":23,"turns":1},{"damage":0,"enemies":"Gremlin Leader","floor":25,"turns":1},{"damage":0,"enemies":"Slavers","floor":27,"turns":1},{"damage":0,"enemies":"3 Cultists","floor":29,"turns":1},{"damage":0,"enemies":"Cultist and Chosen","floor":30,"turns":1},{"damage":0,"enemies":"Champ","floor":33,"turns":1},{"damage":0,"enemies":"3 Darklings","floor":35,"turns":1},{"damage":0,"enemies":"Reptomancer","floor":41,"turns":1},{"damage":0,"enemies":"Giant Head","floor":44,"turns":1},{"damage":0,"enemies":"3 Shapes","floor":45,"turns":1},{"damage":0,"enemies":"Maw","floor":46,"turns":1},{"damage":0,"enemies":"3 Darklings","floor":47,"turns":1},{"damage":0,"enemies":"Jaw Worm Horde","floor":48,"turns":1},{"damage":0,"enemies":"Time Eater","floor":50,"turns":3},{"damage":0,"enemies":"Shield and Spear","floor":54,"turns":1},{"damage":0,"enemies":"The Heart","floor":55,"turns":3}],"seed_played":"2230664381866966328","potions_obtained":[{"floor":13,"key":"Fire Potion"},{"floor":14,"key":"DistilledChaos"},{"floor":16,"key":"DistilledChaos"},{"floor":33,"key":"EntropicBrew"}],"is_trial":false,"path_per_floor":["M","?","M","T","$","R","E","$","T","?","E","$","E","M","R","B",null,"M","?","M","$","?","E","R","E","T","E","?","M","M","$","R","B",null,"M","?","?","?","?","R","E","$","T","E","M","M","M","M","R","B",null,"R","$","E","B",null],"character_chosen":"RobotSpaceExplorer","items_purchased":["Membership Card","RobotSpaceExplorer:SwiftStep","RobotSpaceExplorer:ExhaustFan","RobotSpaceExplorer:FoglandsKnife","RobotSpaceExplorer:ClockworkSextant","RobotSpaceExplorer:MiniBoosters","Pen Nib","Bronze Scales","Mummified Hand","Bag of Marbles","RobotSpaceExplorer:ExhaustFan"],"campfire_rested":0,"item_purchase_floors":[12,12,21,21,21,31,53,53,53,53,53],"current_hp_per_floor":[66,64,53,53,53,53,53,53,53,53,35,35,35,35,35,35,35,57,57,57,57,57,57,57,57,59,59,61,61,63,64,64,64,64,64,64,64,64,64,54,54,56,64,64,64,64,64,64,64,64,64,64,64,64,64,64],"gold":101,"neow_bonus":"TWO_FIFTY_GOLD","is_daily":false,"chose_seed":false,"campfire_upgraded":6,"win_rate":0.0,"timestamp":1608183462,"path_taken":["M","?","M","?","$","R","E","$","T","?","E","$","E","M","R","BOSS","M","?","M","$","?","E","R","E","T","E","?","M","M","$","R","BOSS","M","?","?","?","?","R","E","$","T","E","M","M","M","M","R","BOSS","R","$","E","BOSS"],"items_purchased_type":["Relic","Card","Card","Relic","Relic","Card","Relic","Relic","Relic","Relic","Card"],"build_version":"2020-12-13","purchased_purges":5,"victory":true,"max_hp_per_floor":[78,64,64,64,64,64,64,64,64,64,64,64,64,64,64,64,64,64,64,64,64,64,64,64,64,64,64,64,64,64,64,64,64,64,64,64,64,64,64,64,64,64,64,64,64,64,64,64,64,64,64,64,64,64,64,64],"card_choices":[{"not_picked":["RobotSpaceExplorer:Probe","RobotSpaceExplorer:PlasmaMissile"],"picked":"RobotSpaceExplorer:GearShield","floor":1.0},{"not_picked":["RobotSpaceExplorer:ImprovisedAttack","RobotSpaceExplorer:Jetpack"],"picked":"RobotSpaceExplorer:GlueShot","floor":3.0},{"not_picked":["RobotSpaceExplorer:FrostMissile","RobotSpaceExplorer:Ammunition"],"picked":"RobotSpaceExplorer:DualCore","floor":7},{"not_picked":["RobotSpaceExplorer:StarDust","RobotSpaceExplorer:Electroshield","RobotSpaceExplorer:Discharger"],"picked":"SKIP","floor":11},{"not_picked":["RobotSpaceExplorer:Counterblock","RobotSpaceExplorer:ShockKick","RobotSpaceExplorer:ScrapMissile"],"picked":"SKIP","floor":13},{"not_picked":["RobotSpaceExplorer:Autoloader","RobotSpaceExplorer:ScrapMissile","RobotSpaceExplorer:GlueShot"],"picked":"SKIP","floor":14},{"not_picked":["RobotSpaceExplorer:FrostMissile","RobotSpaceExplorer:ImprovisedAttack","RobotSpaceExplorer:SurgingStrike"],"picked":"SKIP","floor":18},{"not_picked":["RobotSpaceExplorer:Pulsar","RobotSpaceExplorer:StunGrenade","RobotSpaceExplorer:TurboDodge"],"picked":"SKIP","floor":20},{"not_picked":["RobotSpaceExplorer:MiniDrones","RobotSpaceExplorer:MetalStrike+1"],"picked":"RobotSpaceExplorer:PowerGlove","floor":23},{"not_picked":["RobotSpaceExplorer:TurboDodge","RobotSpaceExplorer:MiniDrones","RobotSpaceExplorer:ShockKick"],"picked":"SKIP","floor":25},{"not_picked":["RobotSpaceExplorer:MakeshiftVolley","RobotSpaceExplorer:FrostMissile+1","RobotSpaceExplorer:PowerGlove"],"picked":"SKIP","floor":27},{"not_picked":["RobotSpaceExplorer:ScrapToss","RobotSpaceExplorer:Probe+1","RobotSpaceExplorer:SwiftStep"],"picked":"SKIP","floor":29},{"not_picked":["RobotSpaceExplorer:ScrapShield","RobotSpaceExplorer:Probe"],"picked":"RobotSpaceExplorer:PowerGlove+1","floor":30},{"not_picked":["RobotSpaceExplorer:ShovelStrike","RobotSpaceExplorer:StunGrenade+1","RobotSpaceExplorer:Probe"],"picked":"SKIP","floor":35},{"not_picked":["Trip","Flash of Steel"],"picked":"Madness","floor":39},{"not_picked":["RobotSpaceExplorer:MiniDrones+1","RobotSpaceExplorer:ScrapMissile","RobotSpaceExplorer:SwiftStep"],"picked":"SKIP","floor":41},{"not_picked":["RobotSpaceExplorer:RigExplosive","RobotSpaceExplorer:DoubleBlock","RobotSpaceExplorer:Counterblock"],"picked":"SKIP","floor":44},{"not_picked":["RobotSpaceExplorer:LuckyStrike","RobotSpaceExplorer:Ammunition+1","RobotSpaceExplorer:FrostMissile"],"picked":"SKIP","floor":45},{"not_picked":["RobotSpaceExplorer:GearShield","RobotSpaceExplorer:GlueShot","RobotSpaceExplorer:ScrapMissile"],"picked":"SKIP","floor":46},{"not_picked":["RobotSpaceExplorer:StarLightning","RobotSpaceExplorer:FrostMissile","RobotSpaceExplorer:BigMissile"],"picked":"SKIP","floor":47},{"not_picked":["RobotSpaceExplorer:ImprovisedAttack","RobotSpaceExplorer:MiniDrones+1","RobotSpaceExplorer:PowerGlove"],"picked":"SKIP","floor":48},{"not_picked":["RobotSpaceExplorer:FranticSearch+1","RobotSpaceExplorer:TurboDodge","RobotSpaceExplorer:BlastShield"],"picked":"SKIP","floor":54}],"player_experience":2326525,"relics_obtained":[{"floor":7,"key":"Turnip"},{"floor":9,"key":"Juzu Bracelet"},{"floor":11,"key":"PreservedInsect"},{"floor":13,"key":"Smiling Mask"},{"floor":23,"key":"Blood Vial"},{"floor":25,"key":"Bottled Tornado"},{"floor":26,"key":"MealTicket"},{"floor":27,"key":"Ice Cream"},{"floor":41,"key":"Orichalcum"},{"floor":43,"key":"The Courier"},{"floor":44,"key":"Happy Flower"},{"floor":54,"key":"Boot"}],"event_choices":[{"damage_healed":0.0,"max_hp_gain":0.0,"max_hp_loss":0.0,"gold_gain":75.0,"event_name":"World of Goop","player_choice":"Gather Gold","floor":2.0,"gold_loss":0.0,"damage_taken":11.0},{"damage_healed":0,"gold_gain":0,"player_choice":"Success","damage_taken":18,"relics_obtained":["Toy Ornithopter"],"max_hp_gain":0,"max_hp_loss":0,"event_name":"Scrap Ooze","floor":10,"gold_loss":0},{"cards_removed":["RobotSpaceExplorer:Strike"],"damage_healed":0,"gold_gain":0,"player_choice":"Elegance","damage_taken":0,"max_hp_gain":0,"max_hp_loss":0,"event_name":"Back to Basics","floor":19,"gold_loss":0},{"damage_healed":0,"gold_gain":0,"player_choice":"Ignored","damage_taken":0,"max_hp_gain":0,"max_hp_loss":0,"event_name":"The Mausoleum","floor":22,"gold_loss":0},{"cards_removed":["RobotSpaceExplorer:Defend"],"damage_healed":0,"gold_gain":0,"player_choice":"Purged","damage_taken":0,"max_hp_gain":0,"max_hp_loss":0,"event_name":"Purifier","floor":28,"gold_loss":0},{"damage_healed":0,"gold_gain":0,"player_choice":"Ignored","damage_taken":0,"max_hp_gain":0,"max_hp_loss":0,"event_name":"Tomb of Lord Red Mask","floor":36,"gold_loss":0},{"cards_removed":["RobotSpaceExplorer:PowerGlove"],"damage_healed":0,"gold_gain":0,"player_choice":"Removed Power","damage_taken":0,"max_hp_gain":0,"max_hp_loss":0,"event_name":"Falling","floor":37,"gold_loss":0},{"damage_healed":0,"gold_gain":0,"player_choice":"Ignored","damage_taken":0,"max_hp_gain":0,"max_hp_loss":0,"event_name":"Mysterious Sphere","floor":38,"gold_loss":0},{"damage_healed":0,"gold_gain":0,"player_choice":"Memory 3","damage_taken":10,"max_hp_gain":0,"max_hp_loss":0,"event_name":"SensoryStone","floor":39,"gold_loss":0}],"is_beta":false,"boss_relics":[{"not_picked":["RobotSpaceExplorer:SearchSpecs","Calling Bell"],"picked":"Coffee Dripper"},{"not_picked":["Pandora\u0027s Box","Fusion Hammer"],"picked":"RobotSpaceExplorer:TurboCore"}],"items_purged_floors":[5,8,12,21,31],"is_endless":false,"potions_floor_spawned":[13,14,16,27,30,33,45,46,47],"ascension_level":15}}