{"host":"f6qrw2j20oqm58ja","time":1608170187,"event":{"mods":["BaseMod","Better Third Choice","Downfall","Energized Spire","Minty Spire (QoL Compilation)","Quick Restart","Replay The Spire","Shop Mod","Spicy Shops","StSLib","The Cursed","Transform Curses"],"gold_per_floor":[110,110,110,110,131,172,172,172,172],"floor_reached":8,"playtime":302,"items_purged":[],"score":78,"play_id":"928b6c85-7e6d-4906-a75a-83c275bab23c","local_time":"20201216205627","is_ascension_mode":true,"campfire_choices":[{"floor":7,"key":"REST"}],"circlet_count":0,"master_deck":["Strike_R","Strike_R","Strike_R","Strike_R","Strike_R","Defend_R","Defend_R","Defend_R","Defend_R","Bash","Slimebound:Tackle","Strike_G","ReplayTheSpireMod:Brewmster","ReplayTheSpireMod:Corrosion Curse","Injury","Thunderclap","Flex"],"relics":["Burning Blood","Potion Belt","Golden Idol","TungstenRod"],"acts_visited":["Exordium"],"potions_floor_usage":[1,5,5,6,6,6,6],"damage_taken":[{"damage":11,"enemies":"Jaw Worm","floor":1,"turns":4},{"damage":25,"enemies":"2 Louse","floor":5,"turns":3},{"damage":37,"enemies":"Replay:BlueRogue","floor":6,"turns":8},{"damage":67,"enemies":"Gremlin Nob","floor":8,"turns":4}],"seed_played":"-421575861559495067","potions_obtained":[{"floor":1,"key":"Dexterity Potion"}],"is_trial":false,"path_per_floor":["M","?","?","?","M","E","R","E"],"character_chosen":"IRONCLAD","items_purchased":[],"campfire_rested":1,"item_purchase_floors":[],"current_hp_per_floor":[67,60,60,80,61,30,54,0,0],"gold":172,"neow_bonus":"RANDOM_COLORLESS_2","is_daily":false,"chose_seed":false,"campfire_upgraded":0,"win_rate":0.0,"timestamp":1608170187,"path_taken":["M","?","?","?","?","E","R","E"],"items_purchased_type":[],"build_version":"2020-12-13","purchased_purges":0,"victory":false,"max_hp_per_floor":[80,80,80,80,80,80,80,80,80],"card_choices":[{"not_picked":["Panache","Magnetism"],"picked":"ReplayTheSpireMod:Brewmster","floor":0},{"not_picked":["Run Through","ReplayReversal"],"picked":"ReplayTheSpireMod:Corrosion Curse","floor":1},{"not_picked":["Wild Strike","Evolve"],"picked":"Thunderclap","floor":5},{"not_picked":["Iron Wave","Body Slam"],"picked":"Flex","floor":6}],"player_experience":158464,"relics_obtained":[{"floor":6,"key":"TungstenRod"}],"event_choices":[{"damage_healed":0,"gold_gain":0,"player_choice":"Relic ","damage_taken":7,"max_hp_gain":0,"max_hp_loss":0,"event_name":"betterThird:BetterScrap","floor":2,"gold_loss":0,"cards_obtained":["Conclude"]},{"damage_healed":0,"gold_gain":0,"player_choice":"Take Wound","damage_taken":0,"relics_obtained":["Golden Idol"],"max_hp_gain":0,"max_hp_loss":0,"event_name":"Golden Idol","floor":3,"gold_loss":0,"cards_obtained":["Injury"]},{"damage_healed":20,"gold_gain":0,"player_choice":"Full Heal","damage_taken":0,"max_hp_gain":0,"max_hp_loss":0,"event_name":"Wheel of Change","floor":4,"gold_loss":0}],"is_beta":false,"boss_relics":[],"items_purged_floors":[],"is_endless":false,"potions_floor_spawned":[1],"killed_by":"Gremlin Nob","ascension_level":9}}