{"host":"szp1d6dso4pv7ddl","time":1608165611,"event":{"mods":["AchievementEnabler","Alarm Clock","BaseMod","Bestiary","Block Reminder","Colored Map","Colored Powertips","Curses Come First","Displayed Cursed Tome","Highlight Path","Minty Spire (QoL Compilation)","Permanent Neow","Quick Restart","Relic Stats","StSLib"],"gold_per_floor":[115,115,115,135,43,43,43,43,43,43,43,43,68,86,86,86,86],"floor_reached":16,"playtime":511,"items_purged":[],"score":136,"play_id":"2020d712-d888-4385-aa0e-ac973f0bf104","local_time":"20201216164011","is_ascension_mode":true,"campfire_choices":[{"data":"Bash","floor":6.0,"key":"SMITH"},{"data":"Dropkick","floor":11.0,"key":"SMITH"},{"floor":15.0,"key":"RECALL"}],"circlet_count":0,"master_deck":["AscendersBane","Strike_R","Strike_R","Strike_R","Strike_R","Strike_R","Defend_R","Defend_R","Defend_R","Defend_R","Bash+1","Dropkick+1","Flash of Steel"],"relics":["Burning Blood","Golden Idol","Boot","Molten Egg 2"],"acts_visited":["Exordium"],"potions_floor_usage":[16],"damage_taken":[{"damage":8.0,"enemies":"Small Slimes","floor":1.0,"turns":5.0},{"damage":2.0,"enemies":"Jaw Worm","floor":4.0,"turns":4.0},{"damage":9.0,"enemies":"2 Louse","floor":13.0,"turns":3.0},{"damage":7.0,"enemies":"Large Slime","floor":14.0,"turns":5.0},{"damage":47,"enemies":"Slime Boss","floor":16,"turns":10}],"seed_played":"-7846175413734174920","potions_obtained":[{"floor":13.0,"key":"GamblersBrew"}],"is_trial":false,"path_per_floor":["M","?","?","M","$","R","$","?","T","?","R","$","M","M","R","B"],"character_chosen":"IRONCLAD","items_purchased":["Flash of Steel"],"campfire_rested":0,"item_purchase_floors":[5],"current_hp_per_floor":[78,56,61,65,65,65,65,65,65,62,62,62,59,58,58,11,11],"gold":86,"neow_bonus":"TEN_PERCENT_HP_BONUS","is_daily":false,"chose_seed":false,"campfire_upgraded":2,"win_rate":0.0,"timestamp":1608165611,"path_taken":["M","?","?","M","?","R","$","?","T","?","R","$","M","M","R","BOSS"],"items_purchased_type":["Card"],"build_version":"2020-12-13","purchased_purges":0,"victory":false,"max_hp_per_floor":[88,88,93,93,93,93,93,93,93,93,93,93,93,93,93,93,93],"relic_stats":{"counters":[5,27],"Golden Idol":13,"Boot":[24],"obtain_stats":[{"Golden Idol":2,"Molten Egg 2":10,"Boot":9,"Burning Blood":0},{"Golden Idol":1,"Molten Egg 2":2,"Boot":2,"Burning Blood":0},{"Golden Idol":5,"Molten Egg 2":9,"Boot":9,"Burning Blood":0}],"Burning Blood":24},"card_choices":[{"not_picked":["Shrug It Off","Infernal Blade"],"picked":"Dropkick","floor":1.0},{"not_picked":["Fire Breathing","Perfected Strike","True Grit"],"picked":"SKIP","floor":4.0},{"not_picked":["Dual Wield","Shrug It Off","Hemokinesis+1"],"picked":"SKIP","floor":13.0},{"not_picked":["Blood for Blood+1","Power Through","Iron Wave+1"],"picked":"SKIP","floor":14.0}],"player_experience":955893,"relics_obtained":[{"floor":9.0,"key":"Boot"}],"event_choices":[{"damage_healed":0.0,"max_hp_gain":0.0,"max_hp_loss":0.0,"gold_gain":0.0,"event_name":"Golden Idol","player_choice":"Take Damage","floor":2.0,"gold_loss":0.0,"damage_taken":22.0,"relics_obtained":["Golden Idol"]},{"damage_healed":0.0,"max_hp_gain":5.0,"max_hp_loss":0.0,"gold_gain":0.0,"event_name":"Big Fish","player_choice":"Donut","floor":3.0,"gold_loss":0.0,"damage_taken":0.0},{"damage_healed":0.0,"max_hp_gain":0.0,"max_hp_loss":0.0,"gold_gain":0.0,"event_name":"Liars Game","player_choice":"Ignored","floor":8.0,"gold_loss":0.0,"damage_taken":0.0},{"damage_healed":0.0,"max_hp_gain":0.0,"max_hp_loss":0.0,"gold_gain":0.0,"event_name":"Scrap Ooze","player_choice":"Success","floor":10.0,"gold_loss":0.0,"damage_taken":3.0,"relics_obtained":["Molten Egg 2"]}],"is_beta":false,"boss_relics":[],"items_purged_floors":[],"is_endless":false,"potions_floor_spawned":[13],"killed_by":"Slime Boss","ascension_level":11}}