{"host":"qrt7o4dq2qslzw13","time":1608212559,"event":{"mods":["AchievementEnabler","BaseMod","Colored Map","Colored Powertips","Minty Spire (QoL Compilation)","Quick Restart","Rare Cards Sparkle","StSLib","SuperFastMode"],"gold_per_floor":[113,188,200,200,200,200,218,234,308,308,17,17,17,31,31,125,425,450,474,394,319,269,269,285,285,285,325,349,363,33,47,47,138,138,161,161,3,23,39,73,73,98,98,98,98,118,132,132,132],"floor_reached":48,"playtime":1807,"items_purged":[],"score":998,"play_id":"ac9e6a86-302d-43dc-a146-105b3b565345","local_time":"20201217084239","is_ascension_mode":true,"campfire_choices":[{"data":"Second Wind","floor":6.0,"key":"SMITH"},{"data":"Inflame","floor":15.0,"key":"SMITH"},{"floor":23.0,"key":"REST"},{"floor":25.0,"key":"REST"},{"data":"Fire Breathing","floor":32.0,"key":"SMITH"},{"floor":41.0,"key":"REST"},{"floor":45.0,"key":"REST"}],"circlet_count":0,"master_deck":["AscendersBane","Strike_R","Strike_R","Strike_R","Strike_R","Defend_R","Defend_R","Defend_R","Defend_R","Bash","Second Wind+1","Twin Strike","Power Through","Shockwave","Parasite","Immolate","Purity","Intimidate","Inflame+1","Limit Break+1","CurseOfTheBell","Iron Wave+1","Power Through+1","Evolve","Warcry+1","Shrug It Off","Fire Breathing+1","Impervious","Fiend Fire","Fire Breathing","Offering","Body Slam+1","Purity","Warcry","Ghostly Armor+1","Power Through+1","Madness","Madness","Havoc+1"],"relics":["Burning Blood","CaptainsWheel","Golden Idol","Gremlin Horn","Pocketwatch","Calling Bell","Bag of Preparation","Darkstone Periapt","Old Coin","Meat on the Bone","Toy Ornithopter","Runic Pyramid","MealTicket","Shuriken"],"acts_visited":["Exordium","TheCity","TheBeyond"],"potions_floor_usage":[],"damage_taken":[{"damage":14.0,"enemies":"Jaw Worm","floor":1.0,"turns":3.0},{"damage":7.0,"enemies":"2 Louse","floor":3.0,"turns":3.0},{"damage":0.0,"enemies":"Cultist","floor":7.0,"turns":4.0},{"damage":6.0,"enemies":"2 Fungi Beasts","floor":8.0,"turns":4.0},{"damage":17.0,"enemies":"Exordium Thugs","floor":14.0,"turns":2.0},{"damage":41.0,"enemies":"Hexaghost","floor":16.0,"turns":9.0},{"damage":24.0,"enemies":"2 Thieves","floor":18.0,"turns":4.0},{"damage":13.0,"enemies":"Spheric Guardian","floor":19.0,"turns":5.0},{"damage":19.0,"enemies":"Shelled Parasite and Fungi","floor":24.0,"turns":9.0},{"damage":28.0,"enemies":"Book of Stabbing","floor":27.0,"turns":6.0},{"damage":17.0,"enemies":"Chosen and Byrds","floor":28.0,"turns":6.0},{"damage":8.0,"enemies":"Snecko","floor":29.0,"turns":5.0},{"damage":7.0,"enemies":"Snake Plant","floor":31.0,"turns":4.0},{"damage":39.0,"enemies":"Collector","floor":33.0,"turns":8.0},{"damage":10.0,"enemies":"3 Darklings","floor":35.0,"turns":4.0},{"damage":6.0,"enemies":"Orb Walker","floor":38.0,"turns":2.0},{"damage":10.0,"enemies":"Jaw Worm Horde","floor":39.0,"turns":3.0},{"damage":46.0,"enemies":"Nemesis","floor":40.0,"turns":9.0},{"damage":16.0,"enemies":"4 Shapes","floor":42.0,"turns":6.0},{"damage":45.0,"enemies":"Transient","floor":46.0,"turns":6.0},{"damage":15,"enemies":"Sphere and 2 Shapes","floor":47,"turns":5},{"damage":39,"enemies":"4 Shapes","floor":48,"turns":9}],"seed_played":"-2432127696491686970","potions_obtained":[{"floor":1.0,"key":"Dexterity Potion"},{"floor":8.0,"key":"FearPotion"},{"floor":24.0,"key":"EntropicBrew"},{"floor":27.0,"key":"ElixirPotion"},{"floor":28.0,"key":"SkillPotion"},{"floor":33.0,"key":"SteroidPotion"},{"floor":38.0,"key":"SkillPotion"},{"floor":40.0,"key":"Explosive Potion"}],"is_trial":false,"path_per_floor":["M","?","M","?","?","R","M","M","T","?","$","T","$","M","R","B",null,"M","M","$","?","?","R","M","R","T","E","M","M","$","M","R","B",null,"M","?","$","M","M","E","R","M","T","?","R","M","M","M"],"character_chosen":"IRONCLAD","items_purchased":["Immolate","Purity","Intimidate","Evolve","Impervious","Fiend Fire","LiquidMemories","Purity","Warcry"],"campfire_rested":4,"item_purchase_floors":[11,11,11,20,30,30,30,37,37],"current_hp_per_floor":[60,49,48,48,48,48,54,54,54,68,68,68,68,57,57,22,57,39,32,32,32,32,52,39,59,59,49,50,53,53,57,57,36,60,56,56,56,61,62,34,54,49,49,37,57,35,38,0,0],"gold":132,"neow_bonus":"ONE_RARE_RELIC","is_daily":false,"chose_seed":false,"campfire_upgraded":3,"win_rate":0.0,"timestamp":1608212559,"path_taken":["M","?","M","?","?","R","M","?","T","?","$","?","?","M","R","BOSS","M","M","$","?","?","R","M","R","T","E","M","M","$","?","R","BOSS","M","?","$","M","M","E","R","M","T","?","R","M","M","M"],"items_purchased_type":["Card","Card","Card","Card","Card","Card","Potion","Card","Card"],"build_version":"2020-12-13","purchased_purges":0,"victory":false,"max_hp_per_floor":[68,68,68,68,68,68,68,68,68,68,68,68,68,68,68,68,68,68,68,68,68,68,68,68,68,68,68,68,68,68,68,68,68,68,68,68,68,68,68,68,68,68,68,68,68,68,68,68,68],"card_choices":[{"not_picked":["True Grit","Clash"],"picked":"Second Wind","floor":1.0},{"not_picked":["Blood for Blood","Iron Wave"],"picked":"Twin Strike","floor":3.0},{"not_picked":["Clash","Cleave"],"picked":"Power Through","floor":7.0},{"not_picked":["Thunderclap","Iron Wave"],"picked":"Shockwave","floor":8.0},{"not_picked":["Reckless Charge","Battle Trance"],"picked":"Inflame","floor":14.0},{"not_picked":["Exhume","Bludgeon"],"picked":"Limit Break","floor":16.0},{"not_picked":["Infernal Blade","Intimidate"],"picked":"Iron Wave+1","floor":18.0},{"not_picked":["Havoc","Bloodletting"],"picked":"Power Through+1","floor":19.0},{"not_picked":["Sever Soul","Immolate"],"picked":"Warcry+1","floor":24.0},{"not_picked":["Armaments","Combust","Sever Soul"],"picked":"SKIP","floor":27.0},{"not_picked":["True Grit","Clothesline"],"picked":"Shrug It Off","floor":28.0},{"not_picked":["Wild Strike","Anger"],"picked":"Fire Breathing","floor":29.0},{"not_picked":["Armaments","Pommel Strike"],"picked":"Fire Breathing","floor":31.0},{"not_picked":["Corruption","Feed"],"picked":"Offering","floor":33.0},{"not_picked":["Wild Strike","Clash"],"picked":"Body Slam+1","floor":35.0},{"not_picked":["True Grit","Uppercut","Cleave"],"picked":"SKIP","floor":38.0},{"not_picked":["Pommel Strike","Rage"],"picked":"Ghostly Armor+1","floor":39.0},{"not_picked":["Clothesline","Body Slam+1","Cleave"],"picked":"SKIP","floor":40.0},{"not_picked":["Feed","Clothesline"],"picked":"Power Through+1","floor":42.0},{"not_picked":["Pommel Strike","True Grit","Shrug It Off"],"picked":"SKIP","floor":46.0},{"not_picked":["Flame Barrier","Thunderclap"],"picked":"Havoc+1","floor":47}],"player_experience":457527,"relics_obtained":[{"floor":9.0,"key":"Gremlin Horn"},{"floor":12.0,"key":"Pocketwatch"},{"floor":17.0,"key":"Bag of Preparation"},{"floor":17.0,"key":"Darkstone Periapt"},{"floor":17.0,"key":"Old Coin"},{"floor":26.0,"key":"Meat on the Bone"},{"floor":27.0,"key":"Toy Ornithopter"},{"floor":40.0,"key":"MealTicket"},{"floor":43.0,"key":"Shuriken"}],"event_choices":[{"damage_healed":0.0,"max_hp_gain":0.0,"max_hp_loss":0.0,"gold_gain":75.0,"event_name":"World of Goop","player_choice":"Gather Gold","floor":2.0,"gold_loss":0.0,"damage_taken":11.0},{"damage_healed":0.0,"max_hp_gain":0.0,"max_hp_loss":0.0,"gold_gain":0.0,"event_name":"Golden Idol","player_choice":"Take Wound","floor":4.0,"gold_loss":0.0,"damage_taken":0.0,"relics_obtained":["Golden Idol"],"cards_obtained":["Injury"]},{"cards_removed":["Strike_R"],"damage_healed":0.0,"max_hp_gain":0.0,"max_hp_loss":0.0,"gold_gain":0.0,"event_name":"Purifier","player_choice":"Purged","floor":5.0,"gold_loss":0.0,"damage_taken":0.0},{"damage_healed":17.0,"max_hp_gain":0.0,"max_hp_loss":0.0,"gold_gain":0.0,"event_name":"Mushrooms","player_choice":"Healed and dodged fight","floor":10.0,"gold_loss":0.0,"damage_taken":0.0,"cards_obtained":["Parasite"]},{"cards_removed":["Injury"],"damage_healed":0.0,"max_hp_gain":0.0,"max_hp_loss":0.0,"gold_gain":0.0,"event_name":"Beggar","player_choice":"Gave Gold","floor":21.0,"gold_loss":75.0,"damage_taken":0.0},{"damage_healed":0.0,"max_hp_gain":0.0,"max_hp_loss":0.0,"gold_gain":0.0,"event_name":"Designer","player_choice":"Upgrade","floor":22.0,"gold_loss":50.0,"damage_taken":0.0,"cards_upgraded":["Limit Break"]},{"damage_healed":0.0,"max_hp_gain":0.0,"max_hp_loss":0.0,"gold_gain":0.0,"event_name":"Tomb of Lord Red Mask","player_choice":"Ignored","floor":36.0,"gold_loss":0.0,"damage_taken":0.0},{"damage_healed":0.0,"max_hp_gain":0.0,"max_hp_loss":0.0,"gold_gain":0.0,"event_name":"Winding Halls","player_choice":"Embrace Madness","floor":44.0,"gold_loss":0.0,"damage_taken":12.0,"cards_obtained":["Madness","Madness"]}],"is_beta":false,"boss_relics":[{"not_picked":["Snecko Eye","Astrolabe"],"picked":"Calling Bell"},{"not_picked":["Fusion Hammer","Runic Dome"],"picked":"Runic Pyramid"}],"items_purged_floors":[],"is_endless":false,"potions_floor_spawned":[1,8,24,27,28,33,38,40],"killed_by":"4 Shapes","ascension_level":20}}