{"host":"bq4pt811tk9yrmjl","time":1608233573,"event":{"mods":["AchievementEnabler","BaseMod","Colored Map","Colored Powertips","Defuse TimeMaze Blight","Minty Spire (QoL Compilation)","StSLib","SuperFastMode","UnlockEverythingMod"],"gold_per_floor":[112,287,305,305,305,305,331,331,358,358,46,57,91,103,103,199,199,212,247,247,247,91,117,117,117,194,194,194,194,209,222,222,222,222],"floor_reached":33,"playtime":445,"items_purged":[],"score":309,"play_id":"ccb42ab6-1448-4c2d-ad30-c61dc62eacbb","local_time":"20201217173253","is_ascension_mode":true,"campfire_choices":[{"data":"Disarm","floor":6.0,"key":"SMITH"},{"data":"Rampage","floor":8.0,"key":"SMITH"},{"data":"Demon Form","floor":15.0,"key":"SMITH"},{"data":"Limit Break","floor":24.0,"key":"SMITH"},{"data":"Heavy Blade","floor":29.0,"key":"SMITH"},{"data":"Bash","floor":32,"key":"SMITH"}],"circlet_count":0,"master_deck":["Strike_R+1","Strike_R+1","Strike_R+1","Strike_R+1","Strike_R+1","Defend_R+1","Defend_R+1","Defend_R+1","Defend_R+1","Bash+1","Disarm+1","Doubt","Body Slam+1","Rampage+1","Twin Strike","Demon Form+1","Limit Break+1","Heavy Blade+1"],"relics":["Burning Blood","NeowsBlessing","Orichalcum","Mercury Hourglass","Magic Flower","Akabeko","SlaversCollar","Red Mask","Happy Flower","Vajra","Mummified Hand"],"acts_visited":["Exordium","TheCity"],"potions_floor_usage":[31],"damage_taken":[{"damage":0.0,"enemies":"2 Louse","floor":1.0,"turns":1.0},{"damage":0.0,"enemies":"Small Slimes","floor":3.0,"turns":2.0},{"damage":0.0,"enemies":"3 Sentries","floor":7.0,"turns":1.0},{"damage":0.0,"enemies":"Jaw Worm","floor":12.0,"turns":3.0},{"damage":8.0,"enemies":"Gremlin Nob","floor":13.0,"turns":3.0},{"damage":0.0,"enemies":"3 Louse","floor":14.0,"turns":3.0},{"damage":10.0,"enemies":"Slime Boss","floor":16.0,"turns":7.0},{"damage":23.0,"enemies":"Chosen","floor":18.0,"turns":5.0},{"damage":20.0,"enemies":"Masked Bandits","floor":19.0,"turns":4.0},{"damage":15.0,"enemies":"Book of Stabbing","floor":23.0,"turns":5.0},{"damage":4.0,"enemies":"Spheric Guardian","floor":30.0,"turns":3.0},{"damage":9,"enemies":"Centurion and Healer","floor":31,"turns":4},{"damage":62,"enemies":"Collector","floor":33,"turns":6}],"seed_played":"-4125723661747438795","potions_obtained":[{"floor":1.0,"key":"Strength Potion"},{"floor":3.0,"key":"SkillPotion"},{"floor":12.0,"key":"LiquidMemories"},{"floor":18.0,"key":"Strength Potion"},{"floor":30.0,"key":"AttackPotion"}],"is_trial":false,"path_per_floor":["M","?","M","?","?","R","E","R","T","?","$","M","E","M","R","B",null,"M","?","$","?","$","E","R","$","T","?","?","R","M","M","R","B"],"character_chosen":"IRONCLAD","items_purchased":["Magic Flower","Happy Flower"],"campfire_rested":0,"item_purchase_floors":[11,22],"current_hp_per_floor":[80,80,80,68,52,52,58,58,58,58,58,67,68,77,77,76,80,66,55,55,55,55,49,49,49,49,49,49,49,54,54,54,0,0],"gold":222,"neow_bonus":"THREE_ENEMY_KILL","is_daily":false,"chose_seed":false,"campfire_upgraded":6,"win_rate":0.0,"timestamp":1608233573,"path_taken":["M","?","M","?","?","R","E","R","T","?","$","M","E","?","R","BOSS","M","?","$","?","$","E","R","?","T","?","?","R","M","?","R","BOSS"],"items_purchased_type":["Relic","Relic"],"build_version":"2020-12-13","purchased_purges":0,"victory":false,"max_hp_per_floor":[80,80,80,80,80,80,80,80,80,80,80,80,80,80,80,80,80,80,80,80,80,80,80,80,80,80,80,80,80,80,80,80,80,80],"card_choices":[{"not_picked":["Dropkick","Power Through"],"picked":"Disarm","floor":1.0},{"not_picked":["Disarm","Pommel Strike"],"picked":"Body Slam","floor":3.0},{"not_picked":["Double Tap","Pommel Strike"],"picked":"Rampage","floor":7.0},{"not_picked":["Sever Soul","Rupture"],"picked":"Twin Strike","floor":12.0},{"not_picked":["Perfected Strike","Rupture"],"picked":"Demon Form","floor":13.0},{"not_picked":["Headbutt","Warcry","Perfected Strike"],"picked":"SKIP","floor":14.0},{"not_picked":["Brutality","Double Tap"],"picked":"Limit Break","floor":16.0},{"not_picked":["Clothesline","Fire Breathing","Pommel Strike"],"picked":"SKIP","floor":18.0},{"not_picked":["True Grit","Havoc"],"picked":"Heavy Blade","floor":23.0},{"not_picked":["Battle Trance+1","Evolve","True Grit+1"],"picked":"SKIP","floor":30.0},{"not_picked":["Burning Pact","Cleave","Havoc"],"picked":"SKIP","floor":31}],"player_experience":65413,"relics_obtained":[{"floor":7.0,"key":"Mercury Hourglass"},{"floor":13.0,"key":"Akabeko"},{"floor":19.0,"key":"Red Mask"},{"floor":23.0,"key":"Vajra"},{"floor":26.0,"key":"Mummified Hand"}],"event_choices":[{"damage_healed":0.0,"max_hp_gain":0.0,"max_hp_loss":0.0,"gold_gain":175.0,"event_name":"Liars Game","player_choice":"AGREE","floor":2.0,"gold_loss":0.0,"damage_taken":0.0,"cards_obtained":["Doubt"]},{"damage_healed":0.0,"max_hp_gain":0.0,"max_hp_loss":0.0,"gold_gain":0.0,"event_name":"Scrap Ooze","player_choice":"Success","floor":4.0,"gold_loss":0.0,"damage_taken":12.0,"relics_obtained":["Orichalcum"]},{"damage_healed":0.0,"max_hp_gain":0.0,"max_hp_loss":0.0,"gold_gain":0.0,"event_name":"Shining Light","player_choice":"Entered Light","floor":5.0,"gold_loss":0.0,"damage_taken":16.0,"cards_upgraded":["Defend_R","Body Slam"]},{"damage_healed":0.0,"max_hp_gain":0.0,"max_hp_loss":0.0,"gold_gain":0.0,"event_name":"Golden Wing","player_choice":"Ignored","floor":10.0,"gold_loss":0.0,"damage_taken":0.0},{"damage_healed":0.0,"max_hp_gain":0.0,"max_hp_loss":0.0,"gold_gain":0.0,"event_name":"Masked Bandits","player_choice":"Fought Bandits","floor":19.0,"gold_loss":0.0,"damage_taken":0.0},{"damage_healed":0.0,"max_hp_gain":0.0,"max_hp_loss":0.0,"gold_gain":0.0,"event_name":"Beggar","player_choice":"Ignored","floor":21.0,"gold_loss":0.0,"damage_taken":0.0},{"damage_healed":0.0,"max_hp_gain":0.0,"max_hp_loss":0.0,"gold_gain":0.0,"event_name":"Back to Basics","player_choice":"Simplicity","floor":27.0,"gold_loss":0.0,"damage_taken":0.0,"cards_upgraded":["Strike_R","Strike_R","Strike_R","Strike_R","Strike_R","Defend_R","Defend_R","Defend_R"]},{"damage_healed":0.0,"max_hp_gain":0.0,"max_hp_loss":0.0,"gold_gain":0.0,"event_name":"Vampires","player_choice":"Ignored","floor":28.0,"gold_loss":0.0,"damage_taken":0.0}],"is_beta":false,"boss_relics":[{"not_picked":["Pandora\u0027s Box","Black Star"],"picked":"SlaversCollar"}],"items_purged_floors":[],"is_endless":false,"potions_floor_spawned":[1,3,12,18,30],"killed_by":"Collector","ascension_level":1}}