{"host":"j0a1jfichhxu8b8p","time":1608173287,"event":{"mods":["BaseMod","Colored Map","DeckTracker","Keyboard Shortcuts","Minty Spire (QoL Compilation)","Permanent Neow","StSLib"],"gold_per_floor":[112,124,141,156,156,186,186,186,186],"floor_reached":8,"playtime":376,"items_purged":[],"score":113,"play_id":"99d247a1-6455-4f7a-89fc-face0d98a6e7","local_time":"20201217114807","is_ascension_mode":true,"campfire_choices":[{"data":"Armaments","floor":7,"key":"SMITH"}],"circlet_count":0,"master_deck":["AscendersBane","Strike_R","Strike_R","Strike_R","Strike_R","Strike_R","Defend_R","Defend_R","Defend_R","Defend_R","Bash","Impervious","Thunderclap","Flex","Ghostly Armor","Armaments+1"],"relics":["Burning Blood","Eternal Feather"],"acts_visited":["Exordium"],"potions_floor_usage":[8],"damage_taken":[{"damage":12,"enemies":"Cultist","floor":1,"turns":4},{"damage":2,"enemies":"Small Slimes","floor":2,"turns":4},{"damage":0,"enemies":"2 Louse","floor":3,"turns":3},{"damage":0,"enemies":"2 Fungi Beasts","floor":4,"turns":4},{"damage":55,"enemies":"3 Sentries","floor":6,"turns":14},{"damage":51,"enemies":"Gremlin Nob","floor":8,"turns":4}],"seed_played":"-5877471818265259177","potions_obtained":[{"floor":1,"key":"AttackPotion"},{"floor":2,"key":"BloodPotion"},{"floor":5,"key":"SmokeBomb"}],"is_trial":false,"path_per_floor":["M","M","M","M","?","E","R","E"],"character_chosen":"IRONCLAD","items_purchased":[],"campfire_rested":0,"item_purchase_floors":[],"current_hp_per_floor":[62,66,68,68,68,19,28,0,0],"gold":186,"neow_bonus":"THREE_RARE_CARDS","is_daily":false,"chose_seed":false,"campfire_upgraded":1,"win_rate":0.0,"timestamp":1608173287,"path_taken":["M","M","?","M","?","E","R","E"],"items_purchased_type":[],"build_version":"2020-12-13","purchased_purges":0,"victory":false,"max_hp_per_floor":[68,68,68,68,68,68,68,68,68],"card_choices":[{"not_picked":["Double Tap","Exhume"],"picked":"Impervious","floor":0},{"not_picked":["Rupture","Cleave"],"picked":"Thunderclap","floor":1},{"not_picked":["Rage","Dual Wield","Seeing Red"],"picked":"SKIP","floor":2},{"not_picked":["Headbutt","Clothesline"],"picked":"Flex","floor":3},{"not_picked":["Dual Wield","Rampage"],"picked":"Ghostly Armor","floor":4},{"not_picked":["Anger","Iron Wave"],"picked":"Armaments","floor":6}],"player_experience":322885,"relics_obtained":[{"floor":6,"key":"Eternal Feather"}],"event_choices":[{"damage_healed":0,"gold_gain":0,"player_choice":"Got Potions","damage_taken":0,"max_hp_gain":0,"max_hp_loss":0,"event_name":"Lab","floor":5,"gold_loss":0}],"is_beta":false,"boss_relics":[],"items_purged_floors":[],"is_endless":false,"potions_floor_spawned":[1,2,3],"killed_by":"Gremlin Nob","ascension_level":19}}