{"host":"p9t7qd83igtcp2bh","time":1608223326,"event":{"mods":["2.2 Compatiblity","AchievementEnabler","BaseMod","Colored Map","Colored Powertips","Custom Start","DeckTracker","Keyboard Shortcuts","Minty Spire (QoL Compilation)","Permanent Neow","StSLib","SuperFastMode","everything is the same but u backflip on backflip"],"gold_per_floor":[112,126,52,52,65,97,97,129,129,140,140,169,119,119,119,212,212,233,102,102,102,127,127,168,168,238,261,302,302,325,340,340,436,436,459,459,3,28,47,47,80,80,155,155,175,218,242,273,273,273],"floor_reached":51,"playtime":1846,"items_purged":["Strike_B","Strike_B"],"score":1372,"play_id":"1023d64b-c1ac-4c97-b21c-b3db55ade2db","local_time":"20201218014206","is_ascension_mode":true,"campfire_choices":[{"data":"Go for the Eyes","floor":7,"key":"SMITH"},{"floor":15,"key":"REST"},{"data":"Seek","floor":23,"key":"SMITH"},{"data":"Recycle","floor":25,"key":"SMITH"},{"data":"Skim","floor":29,"key":"SMITH"},{"data":"Blizzard","floor":32,"key":"SMITH"},{"data":"Coolheaded","floor":40,"key":"SMITH"},{"data":"Seek","floor":42,"key":"SMITH"},{"data":"Hologram","floor":44,"key":"SMITH"},{"floor":49,"key":"REST"}],"circlet_count":0,"master_deck":["AscendersBane","Defend_B","Defend_B","Defend_B","Zap","Dualcast","Steam","Defragment+1","Doom and Gloom","Blizzard+1","Chill","FTL","Go for the Eyes+1","Cold Snap","Cold Snap+1","Hologram+1","Seek+1","Cold Snap+1","Blizzard+1","Skim+1","Recycle+1","Beam Cell+1","Turbo+1","Seek+1","Coolheaded+1","Capacitor","Cold Snap+1"],"relics":["Cracked Core","Smiling Mask","Symbiotic Virus","Molten Egg 2","Bronze Scales","Golden Idol","Inserter","InkBottle","Meat on the Bone","Bag of Preparation","Busted Crown","Calipers","Lee\u0027s Waffle","Bottled Flame","Pocketwatch","Turnip"],"acts_visited":["Exordium","TheCity","TheBeyond"],"potions_floor_usage":[16,24,33,46,50],"damage_taken":[{"damage":3,"enemies":"Small Slimes","floor":1,"turns":4},{"damage":7,"enemies":"Jaw Worm","floor":2,"turns":3},{"damage":0,"enemies":"Cultist","floor":5,"turns":4},{"damage":6,"enemies":"3 Sentries","floor":6,"turns":8},{"damage":16,"enemies":"Lagavulin","floor":8,"turns":7},{"damage":11,"enemies":"Gremlin Gang","floor":10,"turns":3},{"damage":0,"enemies":"3 Sentries","floor":12,"turns":5},{"damage":12,"enemies":"Slime Boss","floor":16,"turns":9},{"damage":7,"enemies":"Shell Parasite","floor":18,"turns":4},{"damage":0,"enemies":"3 Byrds","floor":22,"turns":2},{"damage":14,"enemies":"Slavers","floor":24,"turns":6},{"damage":0,"enemies":"Cultist and Chosen","floor":27,"turns":4},{"damage":10,"enemies":"Book of Stabbing","floor":28,"turns":6},{"damage":18,"enemies":"Snake Plant","floor":30,"turns":3},{"damage":0,"enemies":"Centurion and Healer","floor":31,"turns":6},{"damage":18,"enemies":"Champ","floor":33,"turns":11},{"damage":17,"enemies":"3 Darklings","floor":35,"turns":2},{"damage":2,"enemies":"3 Shapes","floor":38,"turns":4},{"damage":17,"enemies":"Jaw Worm Horde","floor":39,"turns":4},{"damage":5,"enemies":"Nemesis","floor":41,"turns":7},{"damage":1,"enemies":"4 Shapes","floor":45,"turns":6},{"damage":0,"enemies":"Reptomancer","floor":46,"turns":6},{"damage":14,"enemies":"Transient","floor":47,"turns":5},{"damage":0,"enemies":"Mind Bloom Boss Battle","floor":48,"turns":3},{"damage":32,"enemies":"Donu and Deca","floor":50,"turns":10}],"seed_played":"-268504129767143453","potions_obtained":[{"floor":2,"key":"BlessingOfTheForge"},{"floor":8,"key":"Strength Potion"},{"floor":12,"key":"SkillPotion"},{"floor":16,"key":"Block Potion"},{"floor":18,"key":"CultistPotion"},{"floor":30,"key":"SpeedPotion"},{"floor":35,"key":"AttackPotion"},{"floor":38,"key":"GamblersBrew"},{"floor":41,"key":"Block Potion"}],"is_trial":false,"path_per_floor":["M","M","$","?","M","E","R","E","T","M","?","E","$","?","R","B",null,"M","$","?","?","M","R","E","R","T","M","E","R","M","M","R","B",null,"M","?","$","M","M","R","E","R","T","R","M","E","M","?","R","B",null],"character_chosen":"DEFECT","items_purchased":["Chill","Blizzard+1","Calipers","Lee\u0027s Waffle"],"campfire_rested":2,"item_purchase_floors":[3,19,37,37],"current_hp_per_floor":[61,54,54,54,54,48,48,32,32,21,21,21,21,21,38,26,51,44,44,44,44,44,44,30,30,30,30,32,32,26,38,38,32,52,35,35,66,64,47,47,42,42,42,42,41,41,39,39,58,38],"gold":273,"neow_bonus":"TRANSFORM_TWO_CARDS","is_daily":false,"chose_seed":false,"campfire_upgraded":8,"win_rate":0.0,"timestamp":1608223326,"path_taken":["M","M","$","?","M","E","R","E","T","M","?","E","$","?","R","BOSS","M","$","?","?","M","R","E","R","T","M","E","R","M","M","R","BOSS","M","?","$","M","?","R","E","R","T","R","M","E","?","?","R","BOSS"],"items_purchased_type":["Card","Card","Relic","Relic"],"build_version":"2020-12-13","purchased_purges":2,"victory":true,"max_hp_per_floor":[64,64,64,64,64,64,64,64,64,64,64,64,64,59,59,59,59,59,59,59,59,59,59,59,59,59,59,59,59,59,59,59,59,59,59,59,66,66,66,66,66,66,66,66,66,66,66,66,66,66],"card_choices":[{"not_picked":["Compile Driver","Conserve Battery"],"picked":"Doom and Gloom","floor":1},{"not_picked":["Cold Snap","Genetic Algorithm"],"picked":"Blizzard","floor":2},{"not_picked":["Sweeping Beam","Turbo"],"picked":"FTL","floor":5},{"not_picked":["Streamline","Rainbow"],"picked":"Go for the Eyes","floor":6},{"not_picked":["Echo Form","Hologram"],"picked":"Cold Snap","floor":8},{"not_picked":["Redo","Chill"],"picked":"Cold Snap+1","floor":10},{"not_picked":["Melter+1","Rip and Tear+1"],"picked":"Hologram","floor":12},{"not_picked":["Hyperbeam+1","Reboot"],"picked":"Seek","floor":16},{"not_picked":["Gash+1","Aggregate"],"picked":"Cold Snap+1","floor":18},{"not_picked":["Scrape+1","Gash+1","Doom and Gloom+1"],"picked":"SKIP","floor":22},{"not_picked":["Undo","Hologram"],"picked":"Recycle","floor":24},{"not_picked":["Streamline+1","Multi-Cast","Turbo"],"picked":"SKIP","floor":27},{"not_picked":["Ball Lightning+1","Beam Cell+1","Hyperbeam+1"],"picked":"SKIP","floor":28},{"not_picked":["Ball Lightning+1","Hyperbeam+1"],"picked":"Beam Cell+1","floor":28},{"not_picked":["Chaos","Sweeping Beam+1"],"picked":"Turbo+1","floor":30},{"not_picked":["Darkness","Steam","Hologram"],"picked":"SKIP","floor":31},{"not_picked":["Amplify","Thunder Strike+1"],"picked":"Seek","floor":33},{"not_picked":[],"picked":"Coolheaded","floor":35},{"not_picked":[],"picked":"Capacitor","floor":38},{"not_picked":["Streamline+1"],"picked":"SKIP","floor":39},{"not_picked":["Hologram"],"picked":"SKIP","floor":41},{"not_picked":["Double Energy"],"picked":"SKIP","floor":45},{"not_picked":[],"picked":"Cold Snap+1","floor":46},{"not_picked":["Hologram"],"picked":"SKIP","floor":47}],"player_experience":555123,"relics_obtained":[{"floor":6,"key":"Smiling Mask"},{"floor":8,"key":"Symbiotic Virus"},{"floor":9,"key":"Molten Egg 2"},{"floor":12,"key":"Bronze Scales"},{"floor":24,"key":"InkBottle"},{"floor":26,"key":"Meat on the Bone"},{"floor":28,"key":"Bag of Preparation"},{"floor":43,"key":"Bottled Flame"},{"floor":46,"key":"Pocketwatch"},{"floor":48,"key":"Turnip"}],"event_choices":[{"damage_healed":0,"gold_gain":0,"player_choice":"Grow","damage_taken":0,"max_hp_gain":0,"max_hp_loss":0,"event_name":"Living Wall","floor":4,"gold_loss":0,"cards_upgraded":["Defragment"]},{"damage_healed":0,"gold_gain":0,"player_choice":"Ignored","damage_taken":0,"max_hp_gain":0,"max_hp_loss":0,"event_name":"Shining Light","floor":11,"gold_loss":0},{"damage_healed":0,"gold_gain":0,"player_choice":"Lose Max HP","damage_taken":0,"relics_obtained":["Golden Idol"],"max_hp_gain":0,"max_hp_loss":5,"event_name":"Golden Idol","floor":14,"gold_loss":0},{"damage_healed":0,"gold_gain":0,"player_choice":"Ignored","damage_taken":0,"max_hp_gain":0,"max_hp_loss":0,"event_name":"Ghosts","floor":20,"gold_loss":0},{"damage_healed":0,"gold_gain":0,"player_choice":"Read","damage_taken":0,"max_hp_gain":0,"max_hp_loss":0,"event_name":"The Library","floor":21,"gold_loss":0,"cards_obtained":["Skim"]},{"cards_removed":["Strike_B"],"damage_healed":0,"gold_gain":0,"player_choice":"Purged","damage_taken":0,"max_hp_gain":0,"max_hp_loss":0,"event_name":"Purifier","floor":36,"gold_loss":0},{"damage_healed":0,"gold_gain":0,"player_choice":"Fight","damage_taken":0,"max_hp_gain":0,"max_hp_loss":0,"event_name":"MindBloom","floor":48,"gold_loss":0}],"is_beta":false,"boss_relics":[{"not_picked":["Fusion Hammer","Coffee Dripper"],"picked":"Inserter"},{"not_picked":["Snecko Eye","Tiny House"],"picked":"Busted Crown"}],"items_purged_floors":[13,19],"is_endless":false,"potions_floor_spawned":[2,8,12,16,18,22,30,31,35,38,41],"ascension_level":14}}