{"host":"f5gffvlv6a66yqkd","time":1608225402,"event":{"mods":["2.2 Compatiblity","BaseMod","Colored Map","DeckTracker","Keyboard Shortcuts","Minty Spire (QoL Compilation)","Permanent Neow","Quick Restart","Relic Stats","StSLib","SuperFastMode"],"gold_per_floor":[119,269,269,280,294,294,306,317,372,402,402,429,429,455,467,553,565,590,365,375,375,387,387,312,52,52,52,52,64,83,101,101,176,176,191,243,243,243,253,253,271,321,367,367,381,10,24,55,55,55,55,55,55,1,32,32],"floor_reached":57,"playtime":2420,"items_purged":["Strike_P","Strike_P","Defend_P"],"score":2828,"play_id":"b30f5364-270f-4145-afd9-6c5ce7abf124","local_time":"20201218021642","is_ascension_mode":true,"campfire_choices":[{"data":"Eruption","floor":6.0,"key":"SMITH"},{"floor":13.0,"key":"REST"},{"floor":15.0,"key":"REST"},{"floor":23.0,"key":"REST"},{"data":"Ragnarok","floor":28.0,"key":"SMITH"},{"data":"MentalFortress","floor":32.0,"key":"SMITH"},{"data":"Vault","floor":40.0,"key":"SMITH"},{"floor":44.0,"key":"RECALL"},{"floor":49.0,"key":"REST"},{"data":"MentalFortress","floor":53.0,"key":"SMITH"}],"circlet_count":0,"master_deck":["AscendersBane","Defend_P","Eruption+1","Vigilance","Wallop+1","EmptyMind","FearNoEvil+1","InnerPeace","Ragnarok+1","FlurryOfBlows","Halt","MentalFortress+1","Vault+1","TalkToTheHand","Master of Strategy","Master of Strategy","Master of Strategy","MentalFortress+1","Adaptation+1"],"relics":["PureWater","Pen Nib","Spirit Poop","Centennial Puzzle","HornCleat","Whetstone","MawBank","Empty Cage","Anchor","Medical Kit","Strawberry","VioletLotus","Thread and Needle","Bag of Preparation","Bronze Scales","Damaru"],"acts_visited":["Exordium","TheCity","TheBeyond","TheEnding"],"potions_floor_usage":[56,56],"damage_taken":[{"damage":2.0,"enemies":"2 Louse","floor":1.0,"turns":3.0},{"damage":2.0,"enemies":"Small Slimes","floor":4.0,"turns":3.0},{"damage":7.0,"enemies":"Cultist","floor":5.0,"turns":5.0},{"damage":0.0,"enemies":"Blue Slaver","floor":7.0,"turns":4.0},{"damage":0.0,"enemies":"Lots of Slimes","floor":8.0,"turns":3.0},{"damage":2.0,"enemies":"Lagavulin","floor":10.0,"turns":5.0},{"damage":28.0,"enemies":"Gremlin Nob","floor":12.0,"turns":4.0},{"damage":29.0,"enemies":"3 Sentries","floor":14.0,"turns":9.0},{"damage":30.0,"enemies":"The Guardian","floor":16.0,"turns":11.0},{"damage":17.0,"enemies":"2 Thieves","floor":18.0,"turns":2.0},{"damage":0.0,"enemies":"Shell Parasite","floor":20.0,"turns":1.0},{"damage":3.0,"enemies":"Centurion and Healer","floor":22.0,"turns":3.0},{"damage":2.0,"enemies":"Snake Plant","floor":29.0,"turns":2.0},{"damage":3.0,"enemies":"Shelled Parasite and Fungi","floor":30.0,"turns":2.0},{"damage":0.0,"enemies":"3 Cultists","floor":31.0,"turns":4.0},{"damage":33.0,"enemies":"Champ","floor":33.0,"turns":7.0},{"damage":14.0,"enemies":"3 Darklings","floor":35.0,"turns":6.0},{"damage":7.0,"enemies":"2 Orb Walkers","floor":36.0,"turns":5.0},{"damage":0.0,"enemies":"Orb Walker","floor":39.0,"turns":2.0},{"damage":0.0,"enemies":"Spire Growth","floor":41.0,"turns":4.0},{"damage":12.0,"enemies":"Transient","floor":45.0,"turns":7.0},{"damage":0.0,"enemies":"3 Darklings","floor":47.0,"turns":4.0},{"damage":0.0,"enemies":"Giant Head","floor":48.0,"turns":7.0},{"damage":0.0,"enemies":"Donu and Deca","floor":50.0,"turns":6.0},{"damage":9.0,"enemies":"Awakened One","floor":51.0,"turns":5.0},{"damage":0,"enemies":"Shield and Spear","floor":55,"turns":4},{"damage":6,"enemies":"The Heart","floor":56,"turns":6}],"seed_played":"7090664703836392037","potions_obtained":[{"floor":1.0,"key":"AttackPotion"},{"floor":5.0,"key":"Energy Potion"},{"floor":10.0,"key":"SkillPotion"},{"floor":11.0,"key":"PowerPotion"},{"floor":18.0,"key":"LiquidMemories"},{"floor":20.0,"key":"Fruit Juice"},{"floor":22.0,"key":"FearPotion"},{"floor":39.0,"key":"Dexterity Potion"},{"floor":47.0,"key":"SkillPotion"}],"is_trial":false,"path_per_floor":["M","?","?","M","M","R","M","M","T","E","?","E","R","E","R","B",null,"M","$","M","?","M","R","?","$","T","?","R","M","M","M","R","B",null,"M","?","?","?","M","R","M","?","T","R","M","$","M","E","R","B","B",null,"R","$","E","B",null],"character_chosen":"WATCHER","items_purchased":["Anchor","Medical Kit","Bag of Preparation","MentalFortress","Strength Potion"],"campfire_rested":4,"item_purchase_floors":[19,25,46,46,54],"current_hp_per_floor":[59,59,59,57,50,50,50,50,50,48,48,20,40,11,31,1,51,34,34,34,15,17,40,40,40,47,47,47,45,42,42,42,9,66,52,45,35,35,35,35,35,35,35,35,23,23,23,23,48,48,39,74,74,74,74,68],"gold":32,"neow_bonus":"RANDOM_COMMON_RELIC","is_daily":false,"chose_seed":false,"campfire_upgraded":5,"win_rate":0.0,"timestamp":1608225402,"path_taken":["M","?","?","M","?","R","M","M","T","E","?","E","R","E","R","BOSS","M","?","?","?","M","R","?","$","T","?","R","M","?","M","R","BOSS","M","?","?","?","?","R","M","?","T","R","M","$","M","E","R","BOSS","BOSS","R","$","E","BOSS"],"items_purchased_type":["Relic","Relic","Relic","Card","Potion"],"build_version":"2020-12-13","purchased_purges":3,"victory":true,"max_hp_per_floor":[68,68,68,68,68,68,68,68,68,68,68,68,68,68,68,68,68,68,68,68,73,78,78,78,78,85,85,85,85,85,85,85,85,85,85,85,85,85,85,85,85,85,85,85,85,85,85,85,85,85,85,85,85,85,85,85],"relic_stats":{"Centennial Puzzle":[42],"counters":[27,124],"Bronze Scales":[81],"Pen Nib":[39],"VioletLotus":[103],"Bag of Preparation":[12],"Whetstone":["FearNoEvil","Wallop"],"MawBank":60,"Medical Kit":[12],"obtain_stats":[{"Spirit Poop":3,"Damaru":55,"Thread and Needle":36,"Pen Nib":0,"Bag of Preparation":46,"Whetstone":12,"MawBank":14,"Empty Cage":17,"Medical Kit":25,"Centennial Puzzle":9,"Anchor":19,"HornCleat":10,"Strawberry":26,"Bronze Scales":48,"VioletLotus":34,"PureWater":0},{"Spirit Poop":1,"Damaru":26,"Thread and Needle":18,"Pen Nib":0,"Bag of Preparation":21,"Whetstone":7,"MawBank":8,"Empty Cage":9,"Medical Kit":12,"Centennial Puzzle":5,"Anchor":10,"HornCleat":6,"Strawberry":12,"Bronze Scales":23,"VioletLotus":16,"PureWater":0},{"Spirit Poop":3,"Damaru":118,"Thread and Needle":79,"Pen Nib":0,"Bag of Preparation":92,"Whetstone":27,"MawBank":36,"Empty Cage":47,"Medical Kit":53,"Centennial Puzzle":18,"Anchor":49,"HornCleat":23,"Strawberry":53,"Bronze Scales":103,"VioletLotus":68,"PureWater":0}]},"card_choices":[{"not_picked":["Vengeance","EmptyBody","Halt"],"picked":"SKIP","floor":1.0},{"not_picked":["Crescendo","FlurryOfBlows"],"picked":"Wallop","floor":4.0},{"not_picked":["Protect","Evaluate","ThirdEye"],"picked":"SKIP","floor":5.0},{"not_picked":["EmptyBody","Consecrate","EmptyMind"],"picked":"SKIP","floor":7.0},{"not_picked":["EmptyBody","Consecrate"],"picked":"EmptyMind","floor":7.0},{"not_picked":["EmptyFist","ThirdEye"],"picked":"FearNoEvil","floor":8.0},{"not_picked":["Pray","BattleHymn","Protect"],"picked":"SKIP","floor":10.0},{"not_picked":["Conclude","Consecrate"],"picked":"InnerPeace","floor":12.0},{"not_picked":["Study","WaveOfTheHand","FlyingSleeves"],"picked":"SKIP","floor":14.0},{"not_picked":["Omniscience","MasterReality"],"picked":"Ragnarok","floor":16.0},{"not_picked":["ClearTheMind","CutThroughFate"],"picked":"FlurryOfBlows","floor":18.0},{"not_picked":["Conclude","BowlingBash","Evaluate"],"picked":"SKIP","floor":20.0},{"not_picked":["CarveReality","Swivel"],"picked":"Halt","floor":22.0},{"not_picked":["Prostrate","Crescendo","CutThroughFate"],"picked":"SKIP","floor":29.0},{"not_picked":["Evaluate","CrushJoints"],"picked":"MentalFortress","floor":30.0},{"not_picked":["PathToVictory+1","CutThroughFate"],"picked":"Vault","floor":31.0},{"not_picked":["Prostrate","CrushJoints","WaveOfTheHand"],"picked":"SKIP","floor":35.0},{"not_picked":["Consecrate","EmptyFist"],"picked":"TalkToTheHand","floor":36.0},{"not_picked":["Trip","Jack Of All Trades"],"picked":"Master of Strategy","floor":37.0},{"not_picked":["Finesse","Panache"],"picked":"Master of Strategy","floor":37.0},{"not_picked":["WindmillStrike","SashWhip","BattleHymn"],"picked":"SKIP","floor":39.0},{"not_picked":["Prostrate","EmptyBody","Crescendo"],"picked":"SKIP","floor":41.0},{"not_picked":["WaveOfTheHand","FlyingSleeves","Halt"],"picked":"SKIP","floor":45.0},{"not_picked":["SashWhip","Judgement","Meditate"],"picked":"SKIP","floor":47.0},{"not_picked":["CutThroughFate","Halt+1"],"picked":"Adaptation+1","floor":48.0},{"not_picked":["Tantrum","Evaluate","SashWhip"],"picked":"SKIP","floor":55}],"player_experience":1458218,"relics_obtained":[{"floor":9.0,"key":"Centennial Puzzle"},{"floor":10.0,"key":"HornCleat"},{"floor":12.0,"key":"Whetstone"},{"floor":14.0,"key":"MawBank"},{"floor":26.0,"key":"Strawberry"},{"floor":36.0,"key":"Thread and Needle"},{"floor":48.0,"key":"Bronze Scales"},{"floor":55,"key":"Damaru"}],"event_choices":[{"damage_healed":0.0,"max_hp_gain":0.0,"max_hp_loss":0.0,"gold_gain":150.0,"event_name":"Liars Game","player_choice":"AGREE","floor":2.0,"gold_loss":0.0,"damage_taken":0.0,"cards_obtained":["Doubt"]},{"cards_removed":["Doubt"],"damage_healed":0.0,"max_hp_gain":0.0,"max_hp_loss":0.0,"gold_gain":0.0,"event_name":"Bonfire Elementals","player_choice":"Offered Curse","floor":3.0,"gold_loss":0.0,"damage_taken":0.0,"relics_obtained":["Spirit Poop"]},{"damage_healed":0.0,"max_hp_gain":0.0,"max_hp_loss":0.0,"gold_gain":0.0,"event_name":"Lab","player_choice":"Got Potions","floor":11.0,"gold_loss":0.0,"damage_taken":0.0},{"damage_healed":0.0,"max_hp_gain":5.0,"max_hp_loss":0.0,"gold_gain":0.0,"event_name":"Forgotten Altar","player_choice":"Shed Blood","floor":21.0,"gold_loss":0.0,"damage_taken":24.0},{"cards_removed":["Strike_P"],"damage_healed":0.0,"max_hp_gain":0.0,"max_hp_loss":0.0,"gold_gain":0.0,"event_name":"Beggar","player_choice":"Gave Gold","floor":24.0,"gold_loss":75.0,"damage_taken":0.0},{"cards_removed":["Defend_P"],"damage_healed":0.0,"max_hp_gain":0.0,"max_hp_loss":0.0,"gold_gain":0.0,"event_name":"Back to Basics","player_choice":"Elegance","floor":27.0,"gold_loss":0.0,"damage_taken":0.0},{"damage_healed":0.0,"max_hp_gain":0.0,"max_hp_loss":0.0,"gold_gain":0.0,"event_name":"Mysterious Sphere","player_choice":"Fight","floor":36.0,"gold_loss":0.0,"damage_taken":0.0},{"damage_healed":0.0,"max_hp_gain":0.0,"max_hp_loss":0.0,"gold_gain":0.0,"event_name":"SensoryStone","player_choice":"Memory 3","floor":37.0,"gold_loss":0.0,"damage_taken":10.0},{"damage_healed":0.0,"max_hp_gain":0.0,"max_hp_loss":0.0,"gold_gain":0.0,"event_name":"Duplicator","player_choice":"Copied","floor":38.0,"gold_loss":0.0,"damage_taken":0.0,"cards_obtained":["Master of Strategy"]},{"damage_healed":0.0,"max_hp_gain":0.0,"max_hp_loss":0.0,"gold_gain":50.0,"event_name":"Golden Shrine","player_choice":"Pray","floor":42.0,"gold_loss":0.0,"damage_taken":0.0}],"is_beta":false,"boss_relics":[{"not_picked":["HolyWater","Velvet Choker"],"picked":"Empty Cage"},{"not_picked":["Philosopher\u0027s Stone","Runic Dome"],"picked":"VioletLotus"}],"items_purged_floors":[19,25,46],"is_endless":false,"potions_floor_spawned":[1,5,10,12,18,20,22,30,39,47,55],"ascension_level":20}}