{"host":"l2dnabsh5e0fsksb","time":1608170568,"event":{"mods":["2.2 Compatiblity","BaseMod","Downfall","Minty Spire (QoL Compilation)","Quick Restart","StSLib"],"gold_per_floor":[99,161,207,207,207,132,132,132,132,160,160,176,186,206,222,222,222],"floor_reached":16,"playtime":488,"items_purged":[],"score":98,"play_id":"7f9fcac5-3adf-46ce-a389-ef92e5758e61","local_time":"20201217123248","is_ascension_mode":false,"campfire_choices":[{"floor":1,"key":"RECALL"},{"data":"champ:IronFortress","floor":6,"key":"SMITH"},{"data":"champ:FanOfKnives","floor":8,"key":"SMITH"}],"circlet_count":0,"master_deck":["champ:Strike+1","champ:Strike","champ:Strike+1","champ:Strike","champ:Defend","champ:Defend+1","champ:Defend","champ:Defend","champ:Execute","champ:Taunt","champ:FanOfKnives+1","champ:ArenaPreparation","champ:IronFortress+1","Regret","champ:Improvising","champ:BerserkerStyle","champ:FocusedGladiator"],"relics":["champ:ChampionCrown","downfall:HeartsMalice","TungstenRod","Oddly Smooth Stone","downfall:HeartBlessingRed","Mango","Centennial Puzzle"],"acts_visited":["Exordium"],"potions_floor_usage":[16],"damage_taken":[{"damage":0,"enemies":"3 Sentries","floor":2,"turns":1},{"damage":0,"enemies":"2 Louse","floor":4,"turns":1},{"damage":0,"enemies":"Jaw Worm","floor":5,"turns":1},{"damage":43,"enemies":"3 Sentries","floor":10,"turns":10},{"damage":13,"enemies":"Cultist","floor":12,"turns":3},{"damage":13,"enemies":"Blue Slaver","floor":13,"turns":3},{"damage":8,"enemies":"3 Louse","floor":14,"turns":3},{"damage":15,"enemies":"Red Slaver","floor":15,"turns":4},{"damage":70,"enemies":"downfall:Ironclad","floor":16,"turns":6}],"seed_played":"7286034763673577086","potions_obtained":[{"floor":14,"key":"Ancient Potion"},{"floor":15,"key":"FearPotion"}],"is_trial":false,"path_per_floor":["R","?","T","M","M","R","T","R","?","E","?","M","M","M","M","B"],"character_chosen":"THE_CHAMP","items_purchased":[],"campfire_rested":0,"item_purchase_floors":[],"current_hp_per_floor":[90,90,90,90,90,90,104,104,104,87,55,59,54,56,52,0,0],"gold":222,"neow_bonus":"THREE_ENEMY_KILL","is_daily":false,"chose_seed":false,"campfire_upgraded":2,"win_rate":0.0,"timestamp":1608170568,"path_taken":["R","?","?","M","?","R","T","R","?","E","?","M","M","M","M","BOSS"],"items_purchased_type":[],"build_version":"2020-12-13","purchased_purges":0,"victory":false,"max_hp_per_floor":[90,90,90,90,90,90,104,104,104,104,104,104,104,104,104,104,104],"card_choices":[{"not_picked":["champ:StanceDance","champ:PerfectedStrike"],"picked":"champ:FanOfKnives","floor":2},{"not_picked":["champ:Backstep","champ:AdrenalArmor"],"picked":"champ:ArenaPreparation","floor":4},{"not_picked":["champ:StanceDance","champ:GladiatorsShout"],"picked":"champ:IronFortress","floor":5},{"not_picked":["champ:FanOfKnives","champ:FalseCounter"],"picked":"champ:Improvising","floor":10},{"not_picked":["champ:RisingSlash","champ:Backstep","champ:Shatter"],"picked":"SKIP","floor":12},{"not_picked":["champ:FaceSlap","champ:AdrenalArmor"],"picked":"champ:BerserkerStyle","floor":13},{"not_picked":["champ:Haymaker","champ:Circumvent"],"picked":"champ:FocusedGladiator","floor":14},{"not_picked":["champ:FocusedGladiator","champ:StrikeOfGenius","champ:HeartStrike"],"picked":"SKIP","floor":15}],"player_experience":1695074,"relics_obtained":[{"floor":2,"key":"TungstenRod"},{"floor":3,"key":"Oddly Smooth Stone"},{"floor":7,"key":"Mango"},{"floor":10,"key":"Centennial Puzzle"}],"event_choices":[],"is_beta":false,"boss_relics":[],"items_purged_floors":[],"is_endless":false,"potions_floor_spawned":[14,15],"killed_by":"downfall:Ironclad","ascension_level":0}}