{"host":"mi0eibewekhugwl1","time":1608208407,"event":{"mods":["AchievementEnabler","BaseMod","Colored Map","Colored Powertips","DeckTracker","Keyboard Shortcuts","Minty Spire (QoL Compilation)","Quick Restart","Rare Cards Sparkle","Relic Stats","StSLib","SuperFastMode","everything is the same but u backflip on backflip"],"gold_per_floor":[119,34,34,34,46,80,80,44,44,101,121,121,121,141,141,212,212,226,226,240,286,9,9,9],"floor_reached":23,"playtime":381,"items_purged":["Normality"],"score":424,"play_id":"71cf4146-3216-470a-85b6-1e4005ff9921","local_time":"20201217213327","is_ascension_mode":true,"campfire_choices":[{"data":"Disarm","floor":7,"key":"SMITH"},{"data":"Inflame","floor":15,"key":"SMITH"}],"circlet_count":0,"master_deck":["AscendersBane","Strike_R","Strike_R+1","Strike_R","Strike_R+1","Defend_R","Defend_R","Defend_R","Defend_R","Bash","Shrug It Off","Inflame+1","Cleave","Disarm+1","Fire Breathing","Pommel Strike","Rampage","Impervious","Barricade","Dark Embrace","Master of Strategy"],"relics":["Burning Blood","NeowsBlessing","Toy Ornithopter","Whetstone","InkBottle","Mummified Hand","PreservedInsect","Cursed Key","Anchor"],"acts_visited":["Exordium","TheCity"],"potions_floor_usage":[10,16,20,23],"damage_taken":[{"damage":0,"enemies":"Small Slimes","floor":1,"turns":1},{"damage":0,"enemies":"Jaw Worm","floor":5,"turns":1},{"damage":0,"enemies":"Lagavulin","floor":6,"turns":1},{"damage":24,"enemies":"Gremlin Nob","floor":10,"turns":4},{"damage":0,"enemies":"2 Louse","floor":11,"turns":3},{"damage":8,"enemies":"Blue Slaver","floor":14,"turns":5},{"damage":35,"enemies":"Hexaghost","floor":16,"turns":8},{"damage":17,"enemies":"Shell Parasite","floor":18,"turns":7},{"damage":19,"enemies":"3 Byrds","floor":20,"turns":6},{"damage":62,"enemies":"Gremlin Leader","floor":23,"turns":8}],"seed_played":"-1452739240451224461","potions_obtained":[{"floor":6,"key":"DistilledChaos"},{"floor":11,"key":"Explosive Potion"},{"floor":14,"key":"FearPotion"},{"floor":20,"key":"AttackPotion"}],"is_trial":false,"path_per_floor":["M","$","?","?","M","E","R","$","T","?","M","?","T","M","R","B",null,"M","?","M","T","$","E"],"character_chosen":"IRONCLAD","items_purchased":["Inflame","Fire Breathing","Master of Strategy"],"campfire_rested":0,"item_purchase_floors":[2,8,22],"current_hp_per_floor":[74,74,67,62,68,74,74,74,74,57,63,68,68,66,66,42,71,60,60,52,52,52,0,0],"gold":9,"neow_bonus":"THREE_ENEMY_KILL","is_daily":false,"chose_seed":false,"campfire_upgraded":2,"win_rate":0.0,"timestamp":1608208407,"path_taken":["M","$","?","?","M","E","R","$","T","?","M","?","?","M","R","BOSS","M","?","M","?","$","E"],"items_purchased_type":["Card","Card","Card"],"build_version":"2020-12-13","purchased_purges":1,"victory":false,"max_hp_per_floor":[75,75,75,75,75,75,75,75,75,75,75,80,80,80,80,80,80,80,80,80,80,80,80,80],"relic_stats":{"counters":[10,44],"Mummified Hand":[10],"PreservedInsect":52,"Whetstone":["Strike_R","Strike_R"],"Cursed Key":1,"obtain_stats":[{"Anchor":21,"NeowsBlessing":0,"Mummified Hand":10,"PreservedInsect":13,"Whetstone":6,"Cursed Key":17,"Burning Blood":0,"Toy Ornithopter":4,"InkBottle":9},{"Anchor":9,"NeowsBlessing":0,"Mummified Hand":4,"PreservedInsect":5,"Whetstone":3,"Cursed Key":7,"Burning Blood":0,"Toy Ornithopter":1,"InkBottle":3},{"Anchor":36,"NeowsBlessing":0,"Mummified Hand":7,"PreservedInsect":10,"Whetstone":3,"Cursed Key":23,"Burning Blood":0,"Toy Ornithopter":1,"InkBottle":3}],"Burning Blood":54,"Toy Ornithopter":16,"InkBottle":[13]},"card_choices":[{"not_picked":["Clash","Warcry"],"picked":"Shrug It Off","floor":1},{"not_picked":["Thunderclap","Dual Wield"],"picked":"Cleave","floor":5},{"not_picked":["Seeing Red","Combust"],"picked":"Disarm","floor":6},{"not_picked":["Rage","Dropkick"],"picked":"Pommel Strike","floor":10},{"not_picked":["Sever Soul","Carnage"],"picked":"Rampage","floor":11},{"not_picked":["Shockwave","True Grit"],"picked":"Impervious","floor":14},{"not_picked":["Bludgeon","Offering"],"picked":"Barricade","floor":16},{"not_picked":["Clash","Wild Strike+1","Headbutt"],"picked":"SKIP","floor":18},{"not_picked":["Anger+1","Shrug It Off"],"picked":"Dark Embrace","floor":20}],"player_experience":1685087,"relics_obtained":[{"floor":6,"key":"Whetstone"},{"floor":9,"key":"InkBottle"},{"floor":10,"key":"Mummified Hand"},{"floor":13,"key":"PreservedInsect"},{"floor":21,"key":"Anchor"}],"event_choices":[{"cards_removed":["Strike_R"],"damage_healed":0,"gold_gain":0,"player_choice":"Card Removal","damage_taken":7,"max_hp_gain":0,"max_hp_loss":0,"event_name":"Golden Wing","floor":3,"gold_loss":0},{"damage_healed":0,"gold_gain":0,"player_choice":"Success","damage_taken":5,"relics_obtained":["Toy Ornithopter"],"max_hp_gain":0,"max_hp_loss":0,"event_name":"Scrap Ooze","floor":4,"gold_loss":0},{"damage_healed":0,"gold_gain":0,"player_choice":"Searched \u00271\u0027 times","damage_taken":0,"max_hp_gain":0,"max_hp_loss":0,"event_name":"Dead Adventurer","floor":10,"gold_loss":0},{"damage_healed":0,"gold_gain":0,"player_choice":"Donut","damage_taken":0,"max_hp_gain":5,"max_hp_loss":0,"event_name":"Big Fish","floor":12,"gold_loss":0},{"damage_healed":0,"gold_gain":0,"player_choice":"Ignored","damage_taken":0,"max_hp_gain":0,"max_hp_loss":0,"event_name":"The Mausoleum","floor":19,"gold_loss":0}],"is_beta":false,"boss_relics":[{"not_picked":["Snecko Eye","Black Star"],"picked":"Cursed Key"}],"items_purged_floors":[22],"is_endless":false,"potions_floor_spawned":[6,11,14,20],"killed_by":"Gremlin Leader","ascension_level":20}}