{"host":"x1qj4d8ympd5jdqh","time":1608209505,"event":{"mods":["AchievementEnabler","AlwaysNeverKeys","BaseMod","Colored Map","Custom Start","DeckTracker","Highlight Path","Minty Spire (QoL Compilation)","StSLib","SuperFastMode"],"gold_per_floor":[361,374,47,47,47,81,81,108,181,191,191,207,207,241,241,315,315,331,25,41,41,52,52,84,84,84,104,63,63,74,101,101,174,174,190,203,203,34,89,117,144,172,172,183,194,119,119,134,134,134],"floor_reached":51,"playtime":2285,"items_purged":["Strike_B"],"score":1451,"play_id":"d0ca607d-2755-45c9-9647-9ca99b9ab2c8","local_time":"20201217215145","is_ascension_mode":true,"campfire_choices":[{"floor":7.0,"key":"REST"},{"floor":11.0,"key":"REST"},{"data":"Beam Cell","floor":15.0,"key":"SMITH"},{"data":"Coolheaded","floor":23.0,"key":"SMITH"},{"data":"Hologram","floor":25.0,"key":"SMITH"},{"floor":29.0,"key":"REST"},{"data":"Multi-Cast","floor":32,"key":"SMITH"},{"floor":47,"key":"DIG"},{"floor":49,"key":"DIG"}],"circlet_count":0,"master_deck":["AscendersBane","Strike_B","Strike_B","Defend_B","Defend_B","Defend_B","Zap","Dualcast","Conserve Battery","Hologram+1","Multi-Cast+1","Beam Cell+1","Recycle","Coolheaded+1","Compile Driver","Turbo","Meteor Strike","Undo","Apotheosis","Compile Driver","Electrodynamics","Conserve Battery","Self Repair","Force Field","Fission","Coolheaded","Turbo","Discovery","Skim+1","Doom and Gloom","Compile Driver"],"relics":["Cracked Core","Dead Branch","Strawberry","Pantograph","Pear","Darkstone Periapt","Snecko Eye","Spirit Poop","Ice Cream","Bag of Marbles","Mummified Hand","Fusion Hammer","Peace Pipe","Turnip","DataDisk","Shovel","StrikeDummy","Ornamental Fan"],"acts_visited":["Exordium","TheCity","TheBeyond"],"potions_floor_usage":[33,36,42,50],"damage_taken":[{"damage":8.0,"enemies":"Small Slimes","floor":1.0,"turns":3.0},{"damage":0.0,"enemies":"2 Louse","floor":2.0,"turns":2.0},{"damage":43.0,"enemies":"Gremlin Nob","floor":6.0,"turns":4.0},{"damage":33.0,"enemies":"3 Sentries","floor":8.0,"turns":7.0},{"damage":0.0,"enemies":"Cultist","floor":10.0,"turns":3.0},{"damage":7.0,"enemies":"2 Fungi Beasts","floor":12.0,"turns":4.0},{"damage":2.0,"enemies":"Lagavulin","floor":14.0,"turns":6.0},{"damage":36.0,"enemies":"Hexaghost","floor":16.0,"turns":9.0},{"damage":0.0,"enemies":"Spheric Guardian","floor":18.0,"turns":3.0},{"damage":0.0,"enemies":"Chosen","floor":20.0,"turns":3.0},{"damage":16.0,"enemies":"Snake Plant","floor":22.0,"turns":3.0},{"damage":7.0,"enemies":"Book of Stabbing","floor":24.0,"turns":2.0},{"damage":22.0,"enemies":"Sentry and Sphere","floor":27.0,"turns":4.0},{"damage":2,"enemies":"Centurion and Healer","floor":30,"turns":3},{"damage":18,"enemies":"Gremlin Leader","floor":31,"turns":4},{"damage":3,"enemies":"Automaton","floor":33,"turns":7},{"damage":11,"enemies":"Orb Walker","floor":35,"turns":2},{"damage":0,"enemies":"3 Darklings","floor":36,"turns":4},{"damage":0,"enemies":"2 Orb Walkers","floor":39,"turns":3},{"damage":19,"enemies":"Giant Head","floor":40,"turns":6},{"damage":22,"enemies":"Reptomancer","floor":42,"turns":5},{"damage":0,"enemies":"Maw","floor":44,"turns":8},{"damage":0,"enemies":"Writhing Mass","floor":45,"turns":4},{"damage":13,"enemies":"4 Shapes","floor":48,"turns":3},{"damage":36,"enemies":"Awakened One","floor":50,"turns":8}],"seed_played":"519194026307092254","potions_obtained":[{"floor":8.0,"key":"Weak Potion"},{"floor":10.0,"key":"DistilledChaos"},{"floor":20.0,"key":"PowerPotion"},{"floor":27.0,"key":"Fire Potion"},{"floor":36,"key":"Explosive Potion"},{"floor":42,"key":"SkillPotion"},{"floor":45,"key":"BlessingOfTheForge"},{"floor":48,"key":"CultistPotion"}],"is_trial":false,"path_per_floor":["M","M","$","?","?","E","R","E","T","M","R","M","?","E","R","B",null,"M","$","M","?","M","R","E","R","T","M","$","R","M","E","R","B",null,"M","M","?","$","?","E","T","E","T","M","M","$","R","M","R","B",null],"character_chosen":"DEFECT","items_purchased":["Dead Branch","Apotheosis","CultistPotion","Self Repair","Discovery","Doom and Gloom"],"campfire_rested":3,"item_purchase_floors":[3,19,19,28,38,46],"current_hp_per_floor":[56,56,56,49,49,13,36,3,13,13,39,32,32,30,30,19,71,71,71,71,71,55,55,48,48,48,26,26,52,60,49,49,71,84,83,88,88,88,88,76,76,64,64,74,84,84,84,78,78,59],"gold":134,"neow_bonus":"TWO_FIFTY_GOLD","is_daily":false,"chose_seed":false,"campfire_upgraded":4,"win_rate":0.0,"timestamp":1608209505,"path_taken":["M","M","$","?","?","E","R","E","T","M","R","M","?","E","R","BOSS","M","$","M","?","?","R","E","R","T","M","$","R","M","E","R","BOSS","M","M","?","$","?","E","?","E","T","M","M","$","R","M","R","BOSS"],"items_purchased_type":["Relic","Card","Potion","Card","Card","Card"],"build_version":"2020-12-13","purchased_purges":1,"victory":true,"max_hp_per_floor":[71,71,71,71,71,78,78,78,88,88,88,88,88,88,88,88,88,88,88,88,88,88,88,88,88,88,88,88,88,88,88,88,88,88,88,88,88,88,88,88,88,88,88,88,88,88,88,88,88,88],"card_choices":[{"not_picked":["Leap","Barrage"],"picked":"Conserve Battery","floor":1.0},{"not_picked":["Ball Lightning","Glacier"],"picked":"Hologram","floor":2.0},{"not_picked":["Biased Cognition","Stack"],"picked":"Multi-Cast","floor":6.0},{"not_picked":["Conserve Battery","Tempest"],"picked":"Beam Cell","floor":8.0},{"not_picked":["Hologram","Conserve Battery"],"picked":"Recycle","floor":10.0},{"not_picked":["Beam Cell","Tempest"],"picked":"Coolheaded","floor":12.0},{"not_picked":["Steam","Heatsinks"],"picked":"Turbo","floor":14.0},{"not_picked":["Hyperbeam","Rainbow"],"picked":"Meteor Strike","floor":16.0},{"not_picked":["Go for the Eyes","Leap"],"picked":"Undo","floor":18.0},{"not_picked":["Sweeping Beam","Conserve Battery","Rebound"],"picked":"SKIP","floor":20.0},{"not_picked":["Leap","Coolheaded"],"picked":"Compile Driver","floor":22.0},{"not_picked":["Hologram","Biased Cognition"],"picked":"Electrodynamics","floor":24.0},{"not_picked":["Barrage","Compile Driver+1"],"picked":"Conserve Battery","floor":27.0},{"not_picked":["Steam","Rebound"],"picked":"Go for the Eyes","floor":30},{"not_picked":["Rebound","Sweeping Beam"],"picked":"Force Field","floor":31},{"not_picked":["Hyperbeam","Thunder Strike"],"picked":"Fission","floor":33},{"not_picked":["Redo","Hologram+1"],"picked":"Coolheaded","floor":35},{"not_picked":["Redo","Rip and Tear"],"picked":"Turbo","floor":36},{"not_picked":["Conserve Battery+1","Steam","Gash"],"picked":"SKIP","floor":40},{"not_picked":["Beam Cell","Leap","Self Repair"],"picked":"SKIP","floor":42},{"not_picked":["Doom and Gloom","Sweeping Beam"],"picked":"Skim+1","floor":44},{"not_picked":["Rebound","Beam Cell","Leap"],"picked":"SKIP","floor":45},{"not_picked":["Consume","Blizzard"],"picked":"Compile Driver","floor":48}],"player_experience":1231688,"relics_obtained":[{"floor":6.0,"key":"Strawberry"},{"floor":8.0,"key":"Pantograph"},{"floor":9.0,"key":"Pear"},{"floor":14.0,"key":"Darkstone Periapt"},{"floor":24.0,"key":"Ice Cream"},{"floor":26.0,"key":"Bag of Marbles"},{"floor":31,"key":"Mummified Hand"},{"floor":39,"key":"Peace Pipe"},{"floor":40,"key":"Turnip"},{"floor":42,"key":"DataDisk"},{"floor":43,"key":"Shovel"},{"floor":47,"key":"StrikeDummy"},{"floor":49,"key":"Ornamental Fan"}],"event_choices":[{"cards_removed":["Defend_B"],"damage_healed":0.0,"max_hp_gain":0.0,"max_hp_loss":0.0,"gold_gain":0.0,"event_name":"Golden Wing","player_choice":"Card Removal","floor":4.0,"gold_loss":0.0,"damage_taken":7.0},{"damage_healed":0.0,"max_hp_gain":0.0,"max_hp_loss":0.0,"gold_gain":0.0,"event_name":"Shining Light","player_choice":"Ignored","floor":5.0,"gold_loss":0.0,"damage_taken":0.0},{"damage_healed":0.0,"max_hp_gain":0.0,"max_hp_loss":0.0,"gold_gain":0.0,"cards_transformed":["Strike_B"],"event_name":"Living Wall","player_choice":"Change","floor":13.0,"gold_loss":0.0,"damage_taken":0.0,"cards_obtained":["Compile Driver"]},{"cards_removed":["Clumsy"],"damage_healed":0.0,"max_hp_gain":0.0,"max_hp_loss":0.0,"gold_gain":0.0,"event_name":"Bonfire Elementals","player_choice":"Offered Curse","floor":21.0,"gold_loss":0.0,"damage_taken":0.0,"relics_obtained":["Spirit Poop"]},{"cards_removed":["Go for the Eyes"],"damage_healed":0,"gold_gain":0,"player_choice":"Removed Attack","damage_taken":0,"max_hp_gain":0,"max_hp_loss":0,"event_name":"Falling","floor":37,"gold_loss":0},{"damage_healed":0,"gold_gain":0,"player_choice":"Fight","damage_taken":0,"max_hp_gain":0,"max_hp_loss":0,"event_name":"Mysterious Sphere","floor":39,"gold_loss":0}],"is_beta":false,"boss_relics":[{"not_picked":["SacredBark","Philosopher\u0027s Stone"],"picked":"Snecko Eye"},{"not_picked":["Coffee Dripper","Inserter"],"picked":"Fusion Hammer"}],"items_purged_floors":[38],"is_endless":false,"potions_floor_spawned":[8,10,12,20,27,30,36,42,45,48],"ascension_level":18}}