{"host":"usewcu4ohw2wtmxk","time":1608199359,"event":{"mods":["AchievementEnabler","BaseMod","BetterRewards","Colored Powertips","Minty Spire (QoL Compilation)","Permanent Neow","Quick Restart","Relic Sorter","Relic Stats","Shop Mod","StSLib"],"gold_per_floor":[112,128,128,53,71,96,96,96,96],"floor_reached":8,"playtime":144,"items_purged":["Defend_P"],"score":112,"play_id":"899512ba-96b2-4c54-a1f4-9bc9e430c55b","local_time":"20201217180239","is_ascension_mode":true,"campfire_choices":[{"data":"Eruption","floor":7.0,"key":"SMITH"}],"circlet_count":0,"master_deck":["AscendersBane","Strike_P","Strike_P","Strike_P","Strike_P","Defend_P","Defend_P","Defend_P","Eruption+1","Vigilance","Collect","BowlingBash"],"relics":["PureWater","Omamori","WarpedTongs","Bag of Preparation"],"acts_visited":["Exordium"],"potions_floor_usage":[],"damage_taken":[{"damage":14.0,"enemies":"Small Slimes","floor":1.0,"turns":5.0},{"damage":7.0,"enemies":"Cultist","floor":2.0,"turns":3.0},{"damage":2.0,"enemies":"Jaw Worm","floor":5.0,"turns":3.0},{"damage":16.0,"enemies":"Gremlin Nob","floor":6.0,"turns":3.0},{"damage":25,"enemies":"3 Sentries","floor":8,"turns":2}],"seed_played":"2106040257325318136","potions_obtained":[{"floor":6.0,"key":"BottledMiracle"}],"is_trial":false,"path_per_floor":["M","M","?","$","M","E","R","E"],"character_chosen":"WATCHER","items_purchased":[],"campfire_rested":0,"item_purchase_floors":[],"current_hp_per_floor":[47,40,40,40,38,22,22,0,0],"gold":96,"neow_bonus":"RANDOM_COMMON_RELIC","is_daily":false,"chose_seed":false,"campfire_upgraded":1,"win_rate":0.0,"timestamp":1608199359,"path_taken":["M","M","?","$","?","E","R","E"],"items_purchased_type":[],"build_version":"2020-12-13","purchased_purges":1,"victory":false,"max_hp_per_floor":[68,68,68,68,68,68,68,68,68],"relic_stats":{"counters":[5,16],"Bag of Preparation":[2],"obtain_stats":[{"Omamori":0,"Bag of Preparation":6,"PureWater":0,"WarpedTongs":3},{"Omamori":0,"Bag of Preparation":4,"PureWater":0,"WarpedTongs":2},{"Omamori":0,"Bag of Preparation":14,"PureWater":0,"WarpedTongs":8}],"WarpedTongs":[8]},"card_choices":[{"not_picked":["FollowUp","FlurryOfBlows","SignatureMove"],"picked":"SKIP","floor":1.0},{"not_picked":["DeceiveReality","PathToVictory"],"picked":"Collect","floor":2.0},{"not_picked":["EmptyBody","FollowUp"],"picked":"BowlingBash","floor":5.0},{"not_picked":["PathToVictory","Evaluate","WreathOfFlame"],"picked":"SKIP","floor":6.0}],"player_experience":281257,"relics_obtained":[{"floor":6.0,"key":"Bag of Preparation"}],"event_choices":[{"damage_healed":0.0,"max_hp_gain":0.0,"max_hp_loss":0.0,"gold_gain":0.0,"event_name":"Accursed Blacksmith","player_choice":"Rummage","floor":3.0,"gold_loss":0.0,"damage_taken":0.0,"relics_obtained":["WarpedTongs"],"cards_obtained":["Pain"]}],"is_beta":false,"boss_relics":[],"items_purged_floors":[4],"is_endless":false,"potions_floor_spawned":[6],"killed_by":"3 Sentries","ascension_level":20}}