{"host":"r0ye8pdzuq6zwfvs","time":1608249458,"event":{"mods":["AchievementEnabler","BaseMod","BetterRewards","CapriCore","Card Forge","Colored Map","Colored Powertips","Custom Start","DeckTracker","HololiveMod","Luminous","Minty Spire (QoL Compilation)","Permanent Neow","Prisma Mod","Quick Restart","Relic Stats","Robot Space Explorer","Shop Mod","Spicy Shops","StSLib","SuperFastMode","Swap Starting Deck Mod","The Alterego","The Immortal","Uncapped"],"gold_per_floor":[213,226,226,240,256,256,284,284,284,316,333,333,344,379,379,477,477,491,31,345,357,383,425,449,471,483,513,525,569,601,639,651,762,774,802,830,892,920,932,958,995,1027,1086,1117,1146,1173,1185,1224,1236,1250,1262,1274,1167,1199,1199],"floor_reached":56,"playtime":3840,"items_purged":[],"score":1827,"play_id":"cc1ef013-9828-4121-a4b2-2b6e7588ac55","local_time":"20201217165738","is_ascension_mode":false,"campfire_choices":[{"floor":6,"key":"RECALL"},{"floor":12,"key":"REST"},{"floor":15,"key":"REST"},{"data":"1","floor":28,"key":"LIFT"},{"data":"2","floor":32,"key":"LIFT"},{"data":"3","floor":47,"key":"LIFT"},{"floor":49,"key":"REST"},{"floor":52,"key":"REST"}],"circlet_count":26,"master_deck":["PrismaMod:ChloeRuleBreaker","PrismaMod:ChloeAnySkillTrace+1","PrismaMod:ChloeUnlimitedBladeWorks+1","PrismaMod:ChloeAnyPowerTrace+1"],"relics":["PrismaMod:PrismaTraceOn","Hammer of Thor","Seething Fire","Anvil of the Gods","Meat on the Bone","Toxic Egg 2","CaptainsWheel","Frozen Egg 2","The Courier","Kunai","HornCleat","Darkstone Periapt","Bag of Preparation","InkBottle","Orichalcum","Whetstone","Bottled Lightning","Regal Pillow","Shuriken","Eternal Feather","MealTicket","Blood Vial","Pear","Runic Dome","Bottled Flame","Strawberry","Ornamental Fan","Pantograph","Bronze Scales","Molten Egg 2","Pocketwatch","Sundial","Potion Belt","Singing Bowl","Lantern","Gremlin Horn","Mercury Hourglass","Nunchaku","Bag of Marbles","Omamori","FossilizedHelix","Membership Card","Dream Catcher","PreservedInsect","Anchor","War Paint","Matryoshka","Letter Opener","Torii","Boot","Ginger","Ice Cream","Thread and Needle","Centennial Puzzle","Tiny Chest","Unceasing Top","Happy Flower","Du-Vu Doll","Bird Faced Urn","Art of War","Ancient Tea Set","Hololive_LightStick","MawBank","Toy Ornithopter","Lizard Tail","Girya","Prayer Wheel","StoneCalendar","Old Coin","Peace Pipe","Incense Burner","Vajra","Pen Nib","Mango","TungstenRod","WingedGreaves","Turnip","Oddly Smooth Stone","Smiling Mask","Calipers","Circlet","Red Mask","Philosopher\u0027s Stone","HandDrill","Chemical X"],"acts_visited":["Exordium","TheCity","TheBeyond","TheEnding"],"potions_floor_usage":[5],"damage_taken":[{"damage":0,"enemies":"Jaw Worm","floor":1,"turns":3},{"damage":0,"enemies":"Small Slimes","floor":2,"turns":4},{"damage":1,"enemies":"2 Louse","floor":4,"turns":3},{"damage":0,"enemies":"Exordium Thugs","floor":5,"turns":6},{"damage":27,"enemies":"3 Sentries","floor":7,"turns":20},{"damage":20,"enemies":"Gremlin Nob","floor":10,"turns":8},{"damage":28,"enemies":"3 Louse","floor":11,"turns":7},{"damage":1,"enemies":"Red Slaver","floor":13,"turns":4},{"damage":0,"enemies":"Lagavulin","floor":14,"turns":21},{"damage":0,"enemies":"The Guardian","floor":16,"turns":15},{"damage":0,"enemies":"Spheric Guardian","floor":18,"turns":1},{"damage":0,"enemies":"Shell Parasite","floor":20,"turns":8},{"damage":0,"enemies":"Snecko","floor":22,"turns":4},{"damage":0,"enemies":"Slavers","floor":23,"turns":2},{"damage":0,"enemies":"Centurion and Healer","floor":24,"turns":1},{"damage":0,"enemies":"Chosen and Byrds","floor":25,"turns":1},{"damage":0,"enemies":"Shelled Parasite and Fungi","floor":27,"turns":1},{"damage":0,"enemies":"Masked Bandits","floor":29,"turns":1},{"damage":0,"enemies":"Centurion and Healer","floor":30,"turns":1},{"damage":0,"enemies":"Book of Stabbing","floor":31,"turns":1},{"damage":0,"enemies":"Champ","floor":33,"turns":1},{"damage":0,"enemies":"Orb Walker","floor":35,"turns":1},{"damage":0,"enemies":"3 Shapes","floor":36,"turns":1},{"damage":0,"enemies":"Mind Bloom Boss Battle","floor":37,"turns":1},{"damage":0,"enemies":"Writhing Mass","floor":38,"turns":1},{"damage":0,"enemies":"4 Shapes","floor":40,"turns":1},{"damage":0,"enemies":"Giant Head","floor":41,"turns":1},{"damage":0,"enemies":"Sphere and 2 Shapes","floor":42,"turns":1},{"damage":0,"enemies":"Jaw Worm Horde","floor":44,"turns":1},{"damage":0,"enemies":"Writhing Mass","floor":45,"turns":1},{"damage":0,"enemies":"Sphere and 2 Shapes","floor":46,"turns":1},{"damage":0,"enemies":"Nemesis","floor":48,"turns":1},{"damage":0,"enemies":"Time Eater","floor":50,"turns":3},{"damage":0,"enemies":"Shield and Spear","floor":54,"turns":1},{"damage":0,"enemies":"The Heart","floor":55,"turns":3}],"seed_played":"-5997369183563917079","potions_obtained":[{"floor":2,"key":"Swift Potion"},{"floor":4,"key":"SteroidPotion"},{"floor":11,"key":"BlessingOfTheForge"},{"floor":23,"key":"SkillPotion"},{"floor":24,"key":"ColorlessPotion"}],"is_trial":false,"path_per_floor":["M","M","?","M","M","R","E","?","T","E","M","R","M","E","R","B",null,"M","$","M","?","M","E","M","M","T","M","R","?","M","E","R","B",null,"M","M","?","M","T","M","E","M","T","M","M","M","R","E","R","B",null,"R","$","E","B",null],"character_chosen":"CHLOE","items_purchased":["Membership Card","Dream Catcher","PreservedInsect","Anchor","War Paint","Matryoshka","HandDrill","Chemical X"],"campfire_rested":4,"item_purchase_floors":[19,19,19,19,19,19,53,53],"current_hp_per_floor":[75,75,75,74,74,74,49,49,49,41,25,47,46,62,78,88,88,97,97,113,113,117,123,135,143,143,147,147,149,153,155,155,155,155,159,163,165,169,169,173,175,179,179,183,187,191,191,193,195,195,195,197,197,199,199],"gold":1199,"neow_bonus":"HUNDRED_GOLD","is_daily":false,"chose_seed":false,"campfire_upgraded":0,"win_rate":0.0,"timestamp":1608249458,"path_taken":["M","M","?","M","M","R","E","?","T","E","M","R","M","E","R","BOSS","M","$","M","?","M","E","M","M","T","M","R","?","M","E","R","BOSS","M","M","?","M","?","?","E","M","T","M","M","M","R","E","R","BOSS","R","$","E","BOSS"],"items_purchased_type":["Relic","Relic","Relic","Relic","Relic","Relic","Relic","Relic"],"build_version":"2020-12-13","purchased_purges":0,"victory":true,"max_hp_per_floor":[75,75,75,75,75,75,75,75,75,75,75,75,75,78,78,88,88,97,97,113,113,117,123,135,143,143,147,147,149,153,155,155,155,155,159,163,165,169,169,173,175,179,179,183,187,191,191,193,195,195,195,197,197,199,199],"relic_stats":{"Darkstone Periapt":0,"Regal Pillow":0,"Singing Bowl":74,"Gremlin Horn":[14,15],"Torii":0,"StoneCalendar":[0],"Bag of Preparation":[2],"Whetstone":["PrismaMod:ChloeCommonAttack","PrismaMod:ChloeCheapAttack"],"Ginger":[0],"Boot":[4],"Smiling Mask":0,"Blood Vial":0,"Nunchaku":[9],"Dream Catcher":2,"Centennial Puzzle":[0],"Lizard Tail":0,"Sundial":[110],"Pantograph":0,"MealTicket":0,"Tiny Chest":1,"Prayer Wheel":13,"HandDrill":[0],"Kunai":[24],"Chemical X":[1],"InkBottle":[27],"Happy Flower":[10],"counters":[35,131],"Eternal Feather":0,"PreservedInsect":321,"Pen Nib":[8],"Letter Opener":[364],"Orichalcum":[84],"War Paint":[],"MawBank":396,"Mercury Hourglass":[162],"Peace Pipe":0,"Shuriken":[20],"Ornamental Fan":[72],"Bronze Scales":[0],"Bird Faced Urn":[0],"Turnip":[0],"Art of War":[4],"obtain_stats":[{"Ice Cream":20,"Calipers":22,"Gremlin Horn":18,"Vajra":20,"Hammer of Thor":0,"Whetstone":14,"Ginger":20,"Boot":20,"PrismaMod:PrismaTraceOn":0,"Old Coin":20,"Blood Vial":16,"Centennial Puzzle":20,"Lizard Tail":20,"HornCleat":14,"Sundial":18,"Strawberry":18,"MealTicket":16,"Prayer Wheel":20,"Philosopher\u0027s Stone":34,"HandDrill":53,"Kunai":14,"Toxic Egg 2":9,"Girya":20,"Pear":16,"Happy Flower":20,"Oddly Smooth Stone":22,"Eternal Feather":16,"Pen Nib":20,"Letter Opener":20,"War Paint":19,"Du-Vu Doll":20,"Runic Dome":17,"Bottled Flame":18,"Anvil of the Gods":0,"Shuriken":16,"Bronze Scales":18,"Bird Faced Urn":20,"Molten Egg 2":18,"Unceasing Top":20,"Meat on the Bone":7,"Pocketwatch":18,"Darkstone Periapt":14,"Regal Pillow":16,"Lantern":18,"Singing Bowl":18,"Torii":20,"StoneCalendar":20,"Mango":20,"Bag of Preparation":14,"Incense Burner":20,"Ancient Tea Set":20,"Smiling Mask":22,"Nunchaku":18,"Dream Catcher":19,"Matryoshka":19,"Pantograph":18,"Tiny Chest":20,"WingedGreaves":20,"Red Mask":29,"Chemical X":53,"InkBottle":14,"Potion Belt":18,"Circlet":22,"Thread and Needle":20,"The Courier":11,"PreservedInsect":19,"Omamori":18,"Seething Fire":0,"Frozen Egg 2":11,"Orichalcum":14,"MawBank":20,"Mercury Hourglass":18,"Peace Pipe":20,"CaptainsWheel":10,"Anchor":19,"Hololive_LightStick":20,"Ornamental Fan":18,"Turnip":22,"Bag of Marbles":18,"Art of War":20,"Bottled Lightning":16,"Membership Card":19,"FossilizedHelix":18,"Toy Ornithopter":20,"TungstenRod":20},{"Ice Cream":12,"Calipers":13,"Gremlin Horn":11,"Vajra":12,"Hammer of Thor":0,"Whetstone":9,"Ginger":12,"Boot":12,"PrismaMod:PrismaTraceOn":0,"Old Coin":12,"Blood Vial":10,"Centennial Puzzle":12,"Lizard Tail":12,"HornCleat":9,"Sundial":11,"Strawberry":11,"MealTicket":10,"Prayer Wheel":12,"Philosopher\u0027s Stone":21,"HandDrill":33,"Kunai":9,"Toxic Egg 2":5,"Girya":12,"Pear":10,"Happy Flower":12,"Oddly Smooth Stone":13,"Eternal Feather":10,"Pen Nib":12,"Letter Opener":12,"War Paint":11,"Du-Vu Doll":12,"Runic Dome":10,"Bottled Flame":11,"Anvil of the Gods":0,"Shuriken":10,"Bronze Scales":11,"Bird Faced Urn":12,"Molten Egg 2":11,"Unceasing Top":12,"Meat on the Bone":5,"Pocketwatch":11,"Darkstone Periapt":9,"Regal Pillow":10,"Lantern":11,"Singing Bowl":11,"Torii":12,"StoneCalendar":12,"Mango":12,"Bag of Preparation":9,"Incense Burner":12,"Ancient Tea Set":12,"Smiling Mask":13,"Nunchaku":11,"Dream Catcher":11,"Matryoshka":11,"Pantograph":11,"Tiny Chest":12,"WingedGreaves":12,"Red Mask":18,"Chemical X":33,"InkBottle":9,"Potion Belt":11,"Circlet":13,"Thread and Needle":12,"The Courier":7,"PreservedInsect":11,"Omamori":11,"Seething Fire":0,"Frozen Egg 2":7,"Orichalcum":9,"MawBank":12,"Mercury Hourglass":11,"Peace Pipe":12,"CaptainsWheel":6,"Anchor":11,"Hololive_LightStick":12,"Ornamental Fan":11,"Turnip":13,"Bag of Marbles":11,"Art of War":12,"Bottled Lightning":10,"Membership Card":11,"FossilizedHelix":11,"Toy Ornithopter":12,"TungstenRod":12},{"Ice Cream":100,"Calipers":104,"Gremlin Horn":92,"Vajra":100,"Hammer of Thor":0,"Whetstone":76,"Ginger":100,"Boot":100,"PrismaMod:PrismaTraceOn":0,"Old Coin":100,"Blood Vial":91,"Centennial Puzzle":100,"Lizard Tail":100,"HornCleat":76,"Sundial":92,"Strawberry":92,"MealTicket":91,"Prayer Wheel":100,"Philosopher\u0027s Stone":113,"HandDrill":127,"Kunai":76,"Toxic Egg 2":36,"Girya":100,"Pear":91,"Happy Flower":100,"Oddly Smooth Stone":104,"Eternal Feather":91,"Pen Nib":100,"Letter Opener":100,"War Paint":92,"Du-Vu Doll":100,"Runic Dome":91,"Bottled Flame":92,"Anvil of the Gods":0,"Shuriken":91,"Bronze Scales":92,"Bird Faced Urn":100,"Molten Egg 2":92,"Unceasing Top":100,"Meat on the Bone":36,"Pocketwatch":92,"Darkstone Periapt":76,"Regal Pillow":91,"Lantern":92,"Singing Bowl":92,"Torii":100,"StoneCalendar":100,"Mango":100,"Bag of Preparation":76,"Incense Burner":100,"Ancient Tea Set":100,"Smiling Mask":104,"Nunchaku":92,"Dream Catcher":92,"Matryoshka":92,"Pantograph":92,"Tiny Chest":100,"WingedGreaves":100,"Red Mask":110,"Chemical X":127,"InkBottle":76,"Potion Belt":92,"Circlet":104,"Thread and Needle":100,"The Courier":51,"PreservedInsect":92,"Omamori":92,"Seething Fire":0,"Frozen Egg 2":51,"Orichalcum":76,"MawBank":100,"Mercury Hourglass":92,"Peace Pipe":100,"CaptainsWheel":44,"Anchor":92,"Hololive_LightStick":100,"Ornamental Fan":92,"Turnip":104,"Bag of Marbles":92,"Art of War":100,"Bottled Lightning":91,"Membership Card":92,"FossilizedHelix":92,"Toy Ornithopter":100,"TungstenRod":100}],"Unceasing Top":[0],"Toy Ornithopter":0,"TungstenRod":0,"Meat on the Bone":24,"Pocketwatch":[0]},"card_choices":[{"not_picked":["PrismaMod:ChloeCheapAttack","PrismaMod:ChloeExhaustOne","PrismaMod:ChloeCheapAttackTwo"],"picked":"SKIP","floor":1},{"not_picked":["PrismaMod:ChloeCheapDefend","PrismaMod:ChloeExhaustOne","PrismaMod:ChloeExhaustTwo"],"picked":"SKIP","floor":2},{"not_picked":["PrismaMod:ChloeCommonAOEAttack","PrismaMod:ChloeCheapAttackTwo"],"picked":"PrismaMod:ChloeRuleBreaker","floor":4},{"not_picked":["PrismaMod:ChloeCheapDefendTwo","PrismaMod:ChloeExhaustOne","PrismaMod:ChloeExhaustTwo"],"picked":"SKIP","floor":5},{"not_picked":["PrismaMod:ChloeRuleBreaker","PrismaMod:ChloeRitsuka","PrismaMod:ChloeCheapDefendTwo"],"picked":"SKIP","floor":7},{"not_picked":["PrismaMod:ChloeCheapDefendTwo+1","PrismaMod:ChloeGaeBolg"],"picked":"PrismaMod:ChloeAnySkillTrace+1","floor":10},{"not_picked":["PrismaMod:ChloeExhaustTwo+1","PrismaMod:ChloeCheapAttackTwo"],"picked":"PrismaMod:ChloeDiscardRecovery+1","floor":11},{"not_picked":["PrismaMod:ChloeCheapDefend+1","PrismaMod:ChloeExhaustOne+1"],"picked":"PrismaMod:ChloeUnlimitedBladeWorks+1","floor":13},{"not_picked":["PrismaMod:ChloeExhaustOne+1","PrismaMod:ChloeCaladbolg","PrismaMod:ChloeCheapAttackTwo"],"picked":"SKIP","floor":14},{"not_picked":["PrismaMod:ChloeCarnivalAttack","PrismaMod:ChloeDevil"],"picked":"PrismaMod:ChloeReshuffleDiscard+1","floor":16},{"not_picked":["PrismaMod:ChloeExcalibur+1","PrismaMod:ChloeChristmas+1","PrismaMod:ChloeEyeOfTheEuryale+1"],"picked":"Singing Bowl","floor":18},{"not_picked":["PrismaMod:ChloeCheapDefend+1","PrismaMod:ChloeCommonAOEAttack+1","PrismaMod:ChloeCaladbolg+1"],"picked":"Singing Bowl","floor":20},{"not_picked":["PrismaMod:ChloeExhaustOne+1","PrismaMod:ChloeCaladbolg+1","PrismaMod:ChloeUncommonAOEAttack+1"],"picked":"Singing Bowl","floor":22},{"not_picked":["PrismaMod:ChloeDiscardRecovery+1","PrismaMod:ChloeMaid+1","PrismaMod:ChloeCheapAttackTwo+1"],"picked":"Singing Bowl","floor":22},{"not_picked":["PrismaMod:ChloeDiscardRecovery+1","PrismaMod:ChloeCheapDefend+1","PrismaMod:ChloeHalloween+1"],"picked":"Singing Bowl","floor":23},{"not_picked":["PrismaMod:ChloeCaladbolg+1","PrismaMod:ChloeCheapAttack+1","PrismaMod:ChloeCommonAOEAttack+1"],"picked":"Singing Bowl","floor":24},{"not_picked":["PrismaMod:ChloeCheapAttackTwo+1","PrismaMod:ChloeCheapAttack+1","PrismaMod:ChloeCheapDefend+1"],"picked":"Singing Bowl","floor":24},{"not_picked":["PrismaMod:ChloeMaid+1","PrismaMod:ChloeBetterTracePools+1","PrismaMod:ChloeCheapAttackTwo+1"],"picked":"Singing Bowl","floor":25},{"not_picked":["PrismaMod:ChloeCaladbolg+1","PrismaMod:ChloeMordred+1","PrismaMod:ChloeRhongomyniad+1"],"picked":"Singing Bowl","floor":25},{"not_picked":["PrismaMod:ChloeCheapAttack+1","PrismaMod:ChloeCheapDefendTwo+1","PrismaMod:ChloeRuleBreaker+1"],"picked":"Singing Bowl","floor":27},{"not_picked":["PrismaMod:ChloeCheapDefendTwo+1","PrismaMod:ChloeRitsuka+1","PrismaMod:ChloeDiscardRecovery+1"],"picked":"Singing Bowl","floor":27},{"not_picked":["PrismaMod:ChloeAnySkillTrace+1","PrismaMod:ChloeDiscardRecovery+1","PrismaMod:ChloeCheapDefend+1"],"picked":"Singing Bowl","floor":29},{"not_picked":["PrismaMod:ChloeCheapDefendTwo+1","PrismaMod:ChloeCheapDefend+1","PrismaMod:ChloeDiscardRecovery+1"],"picked":"Singing Bowl","floor":30},{"not_picked":["PrismaMod:ChloeGaeBolg+1","PrismaMod:ChloeUncommonAttack+1","PrismaMod:ChloeExhaustOne+1"],"picked":"Singing Bowl","floor":30},{"not_picked":["PrismaMod:ChloeRitsuka+1","PrismaMod:ChloeExhaustOne+1","PrismaMod:ChloeExcalibur+1"],"picked":"Singing Bowl","floor":31},{"not_picked":["PrismaMod:ChloeExhaustThree+1","PrismaMod:ChloeAnyUncommonTrace+1"],"picked":"PrismaMod:ChloeAnyPowerTrace+1","floor":33},{"not_picked":["PrismaMod:ChloeCheapAttackTwo+1","PrismaMod:ChloeDiscardRecovery+1","PrismaMod:ChloeUncommonAOEAttack+1"],"picked":"Singing Bowl","floor":35},{"not_picked":["PrismaMod:ChloeCommonAOEAttack+1","PrismaMod:ChloeDiscardRecovery+1","PrismaMod:ChloeCheapDefend+1"],"picked":"Singing Bowl","floor":35},{"not_picked":["PrismaMod:ChloeCheapDefend+1","PrismaMod:ChloeCheapAttack+1","PrismaMod:ChloeCheapDefendTwo+1"],"picked":"Singing Bowl","floor":36},{"not_picked":["PrismaMod:ChloeCheapAttack+1","PrismaMod:ChloeRitsuka+1","PrismaMod:ChloeExhaustOne+1"],"picked":"Singing Bowl","floor":36},{"not_picked":["PrismaMod:ChloeCheapDefend+1","PrismaMod:ChloeCommonAOEAttack+1","PrismaMod:ChloeCheapAttackTwo+1"],"picked":"Singing Bowl","floor":37},{"not_picked":["PrismaMod:ChloeDiscardRecovery+1","PrismaMod:ChloeGaeBolg+1","PrismaMod:ChloeRhongomyniad+1"],"picked":"Singing Bowl","floor":38},{"not_picked":["PrismaMod:ChloeCheapDefend+1","PrismaMod:ChloeGaeBolg+1","PrismaMod:ChloeCheapAttack+1"],"picked":"Singing Bowl","floor":38},{"not_picked":["PrismaMod:ChloeCheapDefendTwo+1","PrismaMod:ChloeCheapAttackTwo+1","PrismaMod:ChloeDiscardRecovery+1"],"picked":"Singing Bowl","floor":40},{"not_picked":["PrismaMod:ChloeCheapAttackTwo+1","PrismaMod:ChloeRhongomyniad+1","PrismaMod:ChloeCheapAttack+1"],"picked":"Singing Bowl","floor":40},{"not_picked":["PrismaMod:ChloeCheapAttackTwo+1","PrismaMod:ChloeCommonAOEAttack+1","PrismaMod:ChloeExhaustOne+1"],"picked":"Singing Bowl","floor":41},{"not_picked":["PrismaMod:ChloeRitsuka+1","PrismaMod:ChloeExhaustOne+1","PrismaMod:ChloeCheapDefend+1"],"picked":"Singing Bowl","floor":42},{"not_picked":["PrismaMod:ChloeUncommonAttack+1","PrismaMod:ChloeChristmas+1","PrismaMod:ChloeCheapAttack+1"],"picked":"Singing Bowl","floor":42},{"not_picked":["PrismaMod:ChloeChristmas+1","PrismaMod:ChloeBetterTracePools+1","PrismaMod:ChloeCarnivalDefend+1"],"picked":"Singing Bowl","floor":44},{"not_picked":["PrismaMod:ChloeEyeOfTheEuryale+1","PrismaMod:ChloeCheapDefend+1","PrismaMod:ChloeCheapAttackTwo+1"],"picked":"Singing Bowl","floor":44},{"not_picked":["PrismaMod:ChloeGaeBolg+1","PrismaMod:ChloeCheapDefendTwo+1","PrismaMod:ChloeCheapDefend+1"],"picked":"Singing Bowl","floor":45},{"not_picked":["PrismaMod:ChloeRitsuka+1","PrismaMod:ChloeCheapAttack+1","PrismaMod:ChloeExhaustTwo+1"],"picked":"Singing Bowl","floor":45},{"not_picked":["PrismaMod:ChloeExhaustOne+1","PrismaMod:ChloeDiscardRecovery+1","PrismaMod:ChloeAnySkillTrace+1"],"picked":"Singing Bowl","floor":46},{"not_picked":["PrismaMod:ChloeExhaustOne+1","PrismaMod:ChloeCheapAttack+1","PrismaMod:ChloeMordred+1"],"picked":"Singing Bowl","floor":46},{"not_picked":["PrismaMod:ChloeCommonAOEAttack+1","PrismaMod:ChloeCheapDefend+1","PrismaMod:ChloeExhaustOne+1"],"picked":"Singing Bowl","floor":48},{"not_picked":["PrismaMod:ChloeCheapDefendTwo+1","PrismaMod:ChloeDiscardRecovery+1","PrismaMod:ChloeDemonicTutor+1"],"picked":"Singing Bowl","floor":49},{"not_picked":["PrismaMod:ChloeGaeBolg+1","PrismaMod:ChloeCarnivalAOEAttack+1","PrismaMod:ChloeUncommonAOEAttack+1"],"picked":"Singing Bowl","floor":52},{"not_picked":["PrismaMod:ChloeGaeBolg+1","PrismaMod:ChloeBetterTracePools+1","PrismaMod:ChloeRhongomyniad+1"],"picked":"Singing Bowl","floor":54}],"player_experience":202203,"relics_obtained":[{"floor":7,"key":"Meat on the Bone"},{"floor":9,"key":"Toxic Egg 2"},{"floor":10,"key":"CaptainsWheel"},{"floor":11,"key":"Frozen Egg 2"},{"floor":11,"key":"The Courier"},{"floor":14,"key":"Kunai"},{"floor":14,"key":"HornCleat"},{"floor":14,"key":"Darkstone Periapt"},{"floor":14,"key":"Bag of Preparation"},{"floor":14,"key":"InkBottle"},{"floor":14,"key":"Orichalcum"},{"floor":14,"key":"Whetstone"},{"floor":16,"key":"Bottled Lightning"},{"floor":16,"key":"Regal Pillow"},{"floor":16,"key":"Shuriken"},{"floor":16,"key":"Eternal Feather"},{"floor":16,"key":"MealTicket"},{"floor":16,"key":"Blood Vial"},{"floor":16,"key":"Pear"},{"floor":18,"key":"Bottled Flame"},{"floor":18,"key":"Strawberry"},{"floor":18,"key":"Ornamental Fan"},{"floor":18,"key":"Pantograph"},{"floor":18,"key":"Bronze Scales"},{"floor":18,"key":"Molten Egg 2"},{"floor":18,"key":"Pocketwatch"},{"floor":18,"key":"Sundial"},{"floor":18,"key":"Potion Belt"},{"floor":18,"key":"Singing Bowl"},{"floor":18,"key":"Lantern"},{"floor":18,"key":"Gremlin Horn"},{"floor":18,"key":"Mercury Hourglass"},{"floor":18,"key":"Nunchaku"},{"floor":18,"key":"Bag of Marbles"},{"floor":18,"key":"Omamori"},{"floor":18,"key":"FossilizedHelix"},{"floor":20,"key":"Letter Opener"},{"floor":20,"key":"Torii"},{"floor":20,"key":"Boot"},{"floor":20,"key":"Ginger"},{"floor":20,"key":"Ice Cream"},{"floor":20,"key":"Thread and Needle"},{"floor":20,"key":"Centennial Puzzle"},{"floor":20,"key":"Tiny Chest"},{"floor":20,"key":"Unceasing Top"},{"floor":20,"key":"Happy Flower"},{"floor":20,"key":"Du-Vu Doll"},{"floor":20,"key":"Bird Faced Urn"},{"floor":20,"key":"Art of War"},{"floor":20,"key":"Ancient Tea Set"},{"floor":20,"key":"Hololive_LightStick"},{"floor":20,"key":"MawBank"},{"floor":20,"key":"Toy Ornithopter"},{"floor":20,"key":"Lizard Tail"},{"floor":20,"key":"Girya"},{"floor":20,"key":"Prayer Wheel"},{"floor":20,"key":"StoneCalendar"},{"floor":20,"key":"Old Coin"},{"floor":20,"key":"Peace Pipe"},{"floor":20,"key":"Incense Burner"},{"floor":20,"key":"Vajra"},{"floor":20,"key":"Pen Nib"},{"floor":20,"key":"Mango"},{"floor":20,"key":"TungstenRod"},{"floor":20,"key":"WingedGreaves"},{"floor":22,"key":"Turnip"},{"floor":22,"key":"Oddly Smooth Stone"},{"floor":22,"key":"Smiling Mask"},{"floor":22,"key":"Calipers"},{"floor":22,"key":"Circlet"},{"floor":22,"key":"Circlet"},{"floor":22,"key":"Circlet"},{"floor":22,"key":"Circlet"},{"floor":22,"key":"Circlet"},{"floor":22,"key":"Circlet"},{"floor":22,"key":"Circlet"},{"floor":22,"key":"Circlet"},{"floor":22,"key":"Circlet"},{"floor":22,"key":"Circlet"},{"floor":22,"key":"Circlet"},{"floor":22,"key":"Circlet"},{"floor":22,"key":"Circlet"},{"floor":22,"key":"Circlet"},{"floor":22,"key":"Circlet"},{"floor":22,"key":"Circlet"},{"floor":23,"key":"Circlet"},{"floor":26,"key":"Circlet"},{"floor":29,"key":"Red Mask"},{"floor":31,"key":"Circlet"},{"floor":37,"key":"Circlet"},{"floor":39,"key":"Circlet"},{"floor":39,"key":"Circlet"},{"floor":41,"key":"Circlet"},{"floor":43,"key":"Circlet"},{"floor":48,"key":"Circlet"},{"floor":54,"key":"Circlet"}],"event_choices":[{"damage_healed":0,"gold_gain":0,"player_choice":"Ignored","damage_taken":0,"max_hp_gain":0,"max_hp_loss":0,"event_name":"Golden Idol","floor":3,"gold_loss":0},{"cards_removed":["PrismaMod:ChloeCommonAttack"],"damage_healed":0,"gold_gain":0,"player_choice":"Forget","damage_taken":0,"max_hp_gain":0,"max_hp_loss":0,"event_name":"Living Wall","floor":8,"gold_loss":0},{"damage_healed":0,"gold_gain":0,"player_choice":"Ignored","damage_taken":0,"max_hp_gain":0,"max_hp_loss":0,"event_name":"Vampires","floor":21,"gold_loss":0},{"damage_healed":0,"gold_gain":0,"player_choice":"Fought Bandits","damage_taken":0,"max_hp_gain":0,"max_hp_loss":0,"event_name":"Masked Bandits","floor":29,"gold_loss":0},{"damage_healed":0,"gold_gain":0,"player_choice":"Fight","damage_taken":0,"max_hp_gain":0,"max_hp_loss":0,"event_name":"MindBloom","floor":37,"gold_loss":0}],"is_beta":false,"boss_relics":[{"not_picked":["SlaversCollar","Snecko Eye"],"picked":"Runic Dome"},{"not_picked":["Calling Bell","Hololive_TopUpMoneyS"],"picked":"Philosopher\u0027s Stone"}],"items_purged_floors":[],"is_endless":false,"potions_floor_spawned":[2,4,11,13,23,24,33,37,38,41,42,48],"ascension_level":0}}