{"host":"kdxx03a4p3nl7qnm","time":1608189094,"event":{"mods":["AchievementEnabler","Act Like it!","BaseMod","Better Altar","Better Third Choice","Better Vampires","Conspire","Defuse TimeMaze Blight","Downfall","Elementarium","Hallownest","Infinite Spire","Luminous","Mimic Mod","Minty Spire (QoL Compilation)","Quick Restart","StSLib","The Alterego","The Jungle","The Kombatant","TheBandit","TheSwordswoman","TheVacant","Waifu the Spire"],"gold_per_floor":[118,137,148,148,148,148,148,148,201,231,244,244,257,267,267,369,369,388,399,359,98,108,133,133,147,220,220,245,170,170,186,186,286,286,299,299,313,333,343,374,387,387,387,397,397,415,415,415],"floor_reached":47,"playtime":1725,"items_purged":["Wild Strike"],"score":526,"play_id":"20013949-29f0-44ab-b0ee-71f2453900de","local_time":"20201217011134","is_ascension_mode":false,"campfire_choices":[{"data":"Iron Wave","floor":6,"key":"SMITH"},{"data":"Flex","floor":8,"key":"SMITH"},{"data":"Double Tap","floor":12,"key":"SMITH"},{"data":"Armaments","floor":15,"key":"SMITH"},{"floor":24,"key":"REST"},{"data":"Feed","floor":27,"key":"SMITH"},{"data":"Sword Boomerang","floor":32,"key":"SMITH"},{"floor":45,"key":"REST"}],"circlet_count":0,"master_deck":["Strike_R","Strike_R","Strike_R","Strike_R","Strike_R","Defend_R","Defend_R","Defend_R","Defend_R","Bash","Iron Wave+1","Flex+1","conspire:Charge","Whirlwind","Carnage","Spot Weakness","Double Tap+1","Spot Weakness","Armaments+1","conspire:HitWhereItHurts","Rampage","Sword Boomerang+1","Feed+1","Disarm+1","Limit Break+1","Demon Form","Bloodletting+1","infinitespire:Starlight+1"],"relics":["Burning Blood","FossilizedHelix","conspire:Flyswatter","infinitespire:Lucky Rock","Happy Flower","infinitespire:Burning Sword","Vajra","Thread and Needle","Shuriken","Toxic Egg 2","Black Star","Anchor","Sundial","Pear","Bronze Scales"],"acts_visited":["Exordium","TheCity","TheBeyond"],"potions_floor_usage":[23,40,46],"damage_taken":[{"damage":0,"enemies":"Small Slimes","floor":1,"turns":3},{"damage":0,"enemies":"2 Louse","floor":2,"turns":3},{"damage":0,"enemies":"Jaw Worm","floor":3,"turns":2},{"damage":11,"enemies":"Lagavulin","floor":10,"turns":5},{"damage":0,"enemies":"Blue Slaver","floor":11,"turns":3},{"damage":0,"enemies":"3 Louse","floor":13,"turns":1},{"damage":0,"enemies":"Looter","floor":14,"turns":2},{"damage":49,"enemies":"Hexaghost","floor":16,"turns":8},{"damage":0,"enemies":"Spheric Guardian","floor":18,"turns":3},{"damage":2,"enemies":"3 Byrds","floor":19,"turns":3},{"damage":0,"enemies":"Snake Plant","floor":22,"turns":2},{"damage":35,"enemies":"Book of Stabbing","floor":23,"turns":3},{"damage":5,"enemies":"Chosen and Byrds","floor":25,"turns":2},{"damage":12,"enemies":"Gremlin Leader","floor":28,"turns":4},{"damage":0,"enemies":"Snecko","floor":31,"turns":3},{"damage":11,"enemies":"conspire:MysteriousRune","floor":33,"turns":5},{"damage":16,"enemies":"3 Darklings","floor":35,"turns":4},{"damage":2,"enemies":"3 Shapes","floor":37,"turns":5},{"damage":0,"enemies":"Transient","floor":38,"turns":5},{"damage":26,"enemies":"4 Shapes","floor":39,"turns":4},{"damage":67,"enemies":"Giant Head","floor":40,"turns":7},{"damage":7,"enemies":"3 Darklings","floor":41,"turns":6},{"damage":0,"enemies":"Sphere and 2 Shapes","floor":44,"turns":3},{"damage":47,"enemies":"Writhing Mass","floor":46,"turns":5},{"damage":39,"enemies":"Reptomancer","floor":47,"turns":5}],"seed_played":"7655588103206148281","potions_obtained":[{"floor":1,"key":"Fire Potion"},{"floor":13,"key":"Explosive Potion"},{"floor":14,"key":"champ:CounterPotion"},{"floor":16,"key":"Strength Potion"},{"floor":23,"key":"Block Potion"},{"floor":31,"key":"Dexterity Potion"},{"floor":39,"key":"BloodPotion"},{"floor":44,"key":"Weak Potion"},{"floor":46,"key":"SkillPotion"}],"is_trial":false,"path_per_floor":["M","M","M","?","?","R","?","R","T","E","M","R","M","M","R","B",null,"M","M","?","$","M","E","R","M","T","R","E","?","?","M","R","B",null,"M","?","M","M","M","E","M","AVR","T","M","R","M","E"],"character_chosen":"IRONCLAD","items_purchased":["Vajra","Rampage"],"campfire_rested":2,"item_purchase_floors":[21,21],"current_hp_per_floor":[72,72,72,72,72,72,72,72,72,67,72,72,72,72,72,29,72,72,72,72,72,72,43,64,65,65,65,59,59,59,69,69,64,76,66,66,70,76,56,10,9,19,19,25,50,24,0,0],"gold":415,"neow_bonus":"ONE_RARE_RELIC","is_daily":false,"chose_seed":false,"campfire_upgraded":6,"win_rate":0.0,"timestamp":1608189094,"path_taken":["M","M","M","?","?","R","?","R","T","E","M","R","M","M","R","BOSS","M","M","?","$","M","E","R","M","T","R","E","?","?","M","R","BOSS","M","?","M","M","M","E","M","AVR","T","M","R","M","E"],"items_purchased_type":["Relic","Card"],"build_version":"2020-12-13","purchased_purges":1,"victory":false,"max_hp_per_floor":[72,72,72,72,72,72,72,72,72,72,72,72,72,72,72,72,72,72,72,72,72,72,72,72,72,72,72,72,72,72,76,76,76,76,76,76,76,76,76,76,76,86,86,86,86,86,86,86],"card_choices":[{"not_picked":["Power Through","Clothesline"],"picked":"Iron Wave","floor":1},{"not_picked":["Burning Pact","Clash"],"picked":"Flex","floor":2},{"not_picked":["Cleave","Sever Soul"],"picked":"conspire:Charge","floor":3},{"not_picked":["Flex","Warcry","Cleave"],"picked":"SKIP","floor":10},{"not_picked":["Twin Strike","Infernal Blade"],"picked":"Double Tap","floor":11},{"not_picked":["Perfected Strike","Clothesline"],"picked":"Spot Weakness","floor":13},{"not_picked":["Dark Embrace","Infernal Blade"],"picked":"Armaments","floor":14},{"not_picked":["Barricade","Brutality"],"picked":"conspire:HitWhereItHurts","floor":16},{"not_picked":["Thunderclap+1","Flex","Carnage"],"picked":"SKIP","floor":18},{"not_picked":["Iron Wave","Flex","Wild Strike+1"],"picked":"SKIP","floor":19},{"not_picked":["Body Slam","Armaments+1"],"picked":"Sword Boomerang","floor":22},{"not_picked":["Second Wind","conspire:ExplosiveBarrier","Warcry"],"picked":"SKIP","floor":23},{"not_picked":["Dark Embrace","Thunderclap"],"picked":"Feed","floor":25},{"not_picked":["Iron Wave+1","Cleave+1","Sentinel+1"],"picked":"SKIP","floor":28},{"not_picked":["Headbutt+1","Blood for Blood+1","Twin Strike"],"picked":"SKIP","floor":31},{"not_picked":["conspire:Purge+1","Feed"],"picked":"Limit Break+1","floor":33},{"not_picked":["Twin Strike+1","Wild Strike","Blood for Blood"],"picked":"SKIP","floor":35},{"not_picked":["Iron Wave+1","Body Slam","Cleave+1"],"picked":"SKIP","floor":37},{"not_picked":["Havoc+1","Headbutt+1"],"picked":"Demon Form","floor":38},{"not_picked":["True Grit+1","Rampage+1"],"picked":"Bloodletting+1","floor":39},{"not_picked":["Dropkick+1","conspire:HitWhereItHurts","Twin Strike"],"picked":"SKIP","floor":40},{"not_picked":["Evolve+1","Perfected Strike","Carnage"],"picked":"SKIP","floor":41},{"not_picked":["Armaments+1","Clothesline+1","Warcry+1"],"picked":"SKIP","floor":44},{"not_picked":["Power Through+1","True Grit+1","Rupture+1"],"picked":"SKIP","floor":46}],"player_experience":76310,"relics_obtained":[{"floor":4,"key":"conspire:Flyswatter"},{"floor":9,"key":"infinitespire:Lucky Rock"},{"floor":10,"key":"Happy Flower"},{"floor":23,"key":"Thread and Needle"},{"floor":26,"key":"Shuriken"},{"floor":28,"key":"Toxic Egg 2"},{"floor":40,"key":"Anchor"},{"floor":40,"key":"Sundial"},{"floor":43,"key":"Bronze Scales"}],"event_choices":[{"cards_removed":["Thunderclap"],"damage_healed":0,"gold_gain":0,"player_choice":"Gave Gold","damage_taken":0,"max_hp_gain":0,"max_hp_loss":0,"event_name":"Beggar","floor":29,"gold_loss":75},{"damage_healed":0,"gold_gain":0,"player_choice":"Read","damage_taken":0,"max_hp_gain":0,"max_hp_loss":0,"event_name":"The Library","floor":30,"gold_loss":0,"cards_obtained":["Disarm"]},{"damage_healed":0,"gold_gain":0,"player_choice":"Memory 1","damage_taken":0,"max_hp_gain":0,"max_hp_loss":0,"event_name":"SensoryStone","floor":36,"gold_loss":0}],"is_beta":false,"boss_relics":[{"not_picked":["Empty Cage","Runic Cube"],"picked":"infinitespire:Burning Sword"},{"not_picked":["Astrolabe","Sozu"],"picked":"Black Star"}],"items_purged_floors":[21],"is_endless":false,"potions_floor_spawned":[1,13,14,16,18,23,28,31,33,39,44,46],"killed_by":"Reptomancer","ascension_level":0}}