{"host":"kstmajdnxm8lto3o","time":1608228722,"event":{"mods":["Aspiration","BaseMod","Better Third Choice","BetterRewards","CCEM","Conspire","Downfall","Gremlin Skip","Highlight Path","Hubris","Minty Spire (QoL Compilation)","Replay The Spire","Shop Mod","Spicy Shops","StSLib"],"gold_per_floor":[112,132,147,161,185,214,214,214,214,225,260,260,260,277,310,277,277,375,375,392,392,4,14,27,27,55,101,125,152,152,167,178,211,211,311,311,327,377,46,46,66,93,93,127,127,127,147,147,162,179,179,179,179,179,6,35,35],"floor_reached":58,"playtime":4885,"items_purged":["Injury"],"score":1164,"play_id":"b5e53399-0f9f-4d0f-a7e8-b4ae46824640","local_time":"20201217131202","is_ascension_mode":true,"campfire_choices":[{"data":"Dagger Spray","floor":8,"key":"SMITH"},{"floor":17,"key":"REST"},{"data":"Noxious Fumes","floor":25,"key":"SMITH"},{"data":"Footwork","floor":30,"key":"SMITH"},{"floor":34,"key":"REST"},{"data":"ReplayTheSpireMod:From All Sides","floor":43,"key":"SMITH"},{"floor":46,"key":"RECALL"},{"data":"Tools of the Trade","floor":51,"key":"SMITH"},{"data":"Acrobatics","floor":54,"key":"SMITH"}],"circlet_count":0,"master_deck":["Strike_G","Strike_G","Strike_G","Strike_G","Strike_G","Defend_G","Defend_G","Defend_G","Defend_G+1","Defend_G+1","Survivor","Neutralize+1","Acrobatics+1","Dagger Spray+1","Backstab","PiercingWail+1","Noxious Fumes+1","Tactician+1","Cloak And Dagger+1","ReplayTheSpireMod:From All Sides+1","Quick Slash+1","Neutralize+1","Deflect+1","Dagger Throw+1","Tactician+1","ReplayTheSpireMod:Speed Training+1","Footwork+1","Cloak And Dagger+1","Blade Dance+1","Deflect+1","Tools of the Trade+1","Flying Knee+1","Finesse+1","Acrobatics+1","Phantasmal Killer+1","Parasite","Backflip+1","Dagger Spray+1"],"relics":["Ring of the Snake","Lantern","Lizard Tail","Toxic Egg 2","Replay:Towering Pillar of Hats","Toy Ornithopter","CCEMRelics:FryingPan","betterThird:SlimedRelic","Ring of Chaos","PreservedInsect","Onion Ring","The Courier","hubris:TinFlute","Nunchaku","Paper Crane","conspire:DecoderRing","hubris:ScarierMask","Bird Faced Urn","conspire:DeflatedDodgeball","CCEMRelics:WhiteRose","Kunai","War Paint","Anchor"],"acts_visited":[],"potions_floor_usage":[15,24,37,42,49,50,57,57,57],"damage_taken":[{"damage":0,"enemies":"Cultist","floor":1,"turns":3},{"damage":4,"enemies":"Small Slimes","floor":2,"turns":6},{"damage":0,"enemies":"2 Louse","floor":3,"turns":3},{"damage":0,"enemies":"2 Fungi Beasts","floor":4,"turns":3},{"damage":17,"enemies":"Replay:BlueRogue","floor":6,"turns":12},{"damage":11,"enemies":"Exordium Thugs","floor":10,"turns":5},{"damage":1,"enemies":"3 Sentries","floor":11,"turns":6},{"damage":2,"enemies":"Exordium Wildlife","floor":14,"turns":4},{"damage":19,"enemies":"Gremlin Nob","floor":15,"turns":4},{"damage":12,"enemies":"The Guardian","floor":18,"turns":13},{"damage":0,"enemies":"Chosen","floor":20,"turns":6},{"damage":0,"enemies":"3 Byrds","floor":23,"turns":3},{"damage":1,"enemies":"3 Cultists","floor":24,"turns":5},{"damage":0,"enemies":"conspire:Head Lice","floor":26,"turns":6},{"damage":8,"enemies":"Slavers","floor":29,"turns":4},{"damage":8,"enemies":"Snake Plant","floor":31,"turns":4},{"damage":2,"enemies":"conspire:HollyBat","floor":32,"turns":10},{"damage":0,"enemies":"Replay:Snechameleon","floor":33,"turns":4},{"damage":19,"enemies":"Automaton","floor":35,"turns":11},{"damage":28,"enemies":"3 Shapes","floor":37,"turns":6},{"damage":8,"enemies":"Mind Bloom Boss Battle","floor":38,"turns":7},{"damage":0,"enemies":"3 Darklings","floor":41,"turns":3},{"damage":18,"enemies":"R_Hoarder","floor":42,"turns":7},{"damage":1,"enemies":"Nemesis","floor":44,"turns":5},{"damage":0,"enemies":"Maw","floor":47,"turns":7},{"damage":13,"enemies":"Writhing Mass","floor":49,"turns":9},{"damage":6,"enemies":"Transient","floor":50,"turns":5},{"damage":91,"enemies":"Replay:Hell Engine","floor":52,"turns":14},{"damage":0,"enemies":"Shield and Spear","floor":56,"turns":2},{"damage":49,"enemies":"The Heart","floor":57,"turns":14}],"seed_played":"4415934039541630057","potions_obtained":[{"floor":6,"key":"Poison Potion"},{"floor":10,"key":"FearPotion"},{"floor":14,"key":"Swift Potion"},{"floor":18,"key":"conspire:TimeTravelPotion"},{"floor":20,"key":"Fruit Juice"},{"floor":32,"key":"BlessingOfTheForge"},{"floor":37,"key":"Block Potion"},{"floor":42,"key":"Energy Potion"},{"floor":56,"key":"Adrenaline Potion"}],"is_trial":false,"path_per_floor":["M","M","M","M","T","E","?","R","T","M","E","PTL","PTL","M","E","?","R","B",null,"M","?","$","M","M","R","E","?","T","E","R","M","M","E","R","B",null,"M","?","$","?","M","E","R","E","T","R","M","R","M","M","R","B",null,"R","$","E","B",null],"character_chosen":"THE_SILENT","items_purchased":["PreservedInsect","Onion Ring","conspire:DeflatedDodgeball","Finesse+1","War Paint","Dexterity Potion"],"campfire_rested":2,"item_purchase_floors":[22,22,39,39,55,55],"current_hp_per_floor":[70,66,66,66,66,49,49,49,49,38,37,37,37,35,21,10,31,19,70,70,70,70,70,75,75,75,45,45,37,37,29,27,27,49,30,75,71,63,63,63,67,57,57,58,58,58,64,64,62,65,65,20,75,75,75,75,32],"gold":35,"neow_bonus":"RANDOM_EVENT","is_daily":false,"chose_seed":false,"campfire_upgraded":6,"win_rate":0.0,"timestamp":1608228722,"path_taken":["M","M","M","?","?","E","?","R","T","M","E","PTL","PTL","M","E","?","R","BOSS","M","?","?","M","M","R","E","?","T","E","R","M","?","E","R","BOSS","M","?","$","?","M","E","R","E","T","R","M","R","M","?","R","BOSS","R","$","E","BOSS"],"items_purchased_type":["Relic","Relic","Relic","Card","Relic","Potion"],"build_version":"2020-12-13","purchased_purges":1,"victory":true,"max_hp_per_floor":[70,70,70,70,70,70,70,70,70,70,70,70,70,70,70,70,70,70,70,70,70,70,70,75,75,75,75,75,75,75,75,75,75,75,75,75,75,75,75,75,75,75,75,75,75,75,75,75,75,75,75,75,75,75,75,75,75],"card_choices":[{"not_picked":["Slice","ReplayTheSpireMod:Speed Training"],"picked":"Acrobatics","floor":1},{"not_picked":["Dodge and Roll","conspire:PoisonWeapons"],"picked":"Dagger Spray","floor":2},{"not_picked":["Bane","Catalyst","Sucker Punch"],"picked":"SKIP","floor":3},{"not_picked":["Terror","Acrobatics"],"picked":"Backstab","floor":4},{"not_picked":["Setup","Concentrate","hubris:TrickCloak"],"picked":"SKIP","floor":6},{"not_picked":["Quick Slash","Slice"],"picked":"PiercingWail+1","floor":10},{"not_picked":["Draining Mist+1","Blade Dance+1"],"picked":"Noxious Fumes","floor":11},{"not_picked":["Infinite Blades","Heel Hook"],"picked":"Tactician+1","floor":14},{"not_picked":["Draining Mist+1","ReplayTheSpireMod:Tripwire+1"],"picked":"Cloak And Dagger+1","floor":15},{"not_picked":["Night Terror+1","Atom Bomb"],"picked":"ReplayTheSpireMod:From All Sides","floor":18},{"not_picked":["Acrobatics+1","Noxious Fumes"],"picked":"Quick Slash+1","floor":20},{"not_picked":["Bane","Blur+1"],"picked":"Deflect+1","floor":23},{"not_picked":["Distraction+1","Dagger Spray+1","Tactician+1"],"picked":"SKIP","floor":24},{"not_picked":["Setup+1","Slice+1"],"picked":"Dagger Throw+1","floor":26},{"not_picked":["Deflect+1","Quick Slash"],"picked":"Tactician+1","floor":27},{"not_picked":["Deflect+1","Prepared+1"],"picked":"ReplayTheSpireMod:Speed Training+1","floor":27},{"not_picked":["Replay:Poison Smokescreen+1","ReplayTheSpireMod:The Works+1"],"picked":"Footwork","floor":29},{"not_picked":["Deflect+1","Poisoned Stab+1"],"picked":"Cloak And Dagger+1","floor":31},{"not_picked":["Accuracy","PiercingWail+1"],"picked":"Blade Dance+1","floor":32},{"not_picked":["Draining Mist+1","ReplayTheSpireMod:Tripwire+1"],"picked":"Deflect+1","floor":33},{"not_picked":["Phantasmal Killer+1","Storm of Steel+1"],"picked":"Tools of the Trade","floor":35},{"not_picked":["Infinite Blades+1","Outmaneuver+1"],"picked":"Flying Knee+1","floor":37},{"not_picked":["Deadly Poison+1","Underhanded Strike+1"],"picked":"Acrobatics+1","floor":41},{"not_picked":["Riddle With Holes","ReplayTheSpireMod:Shiv Toss+1"],"picked":"Phantasmal Killer+1","floor":42},{"not_picked":["Dash+1","Sneak Up+1","Riddle With Holes+1"],"picked":"SKIP","floor":44},{"not_picked":["Bane","Cloak And Dagger+1","Deadly Poison+1"],"picked":"SKIP","floor":47},{"not_picked":["Prepared+1","Hidden Blade+1","Endless Agony"],"picked":"SKIP","floor":49},{"not_picked":["Reflex+1","conspire:DoublingDagger+1"],"picked":"Backflip+1","floor":50},{"not_picked":["Heel Hook+1","Flying Knee"],"picked":"Dagger Spray+1","floor":56}],"player_experience":445466,"relics_obtained":[{"floor":5,"key":"Lantern"},{"floor":6,"key":"Lizard Tail"},{"floor":9,"key":"Replay:Towering Pillar of Hats"},{"floor":11,"key":"Toy Ornithopter"},{"floor":15,"key":"CCEMRelics:FryingPan"},{"floor":26,"key":"The Courier"},{"floor":27,"key":"hubris:TinFlute"},{"floor":28,"key":"Nunchaku"},{"floor":29,"key":"Paper Crane"},{"floor":33,"key":"conspire:DecoderRing"},{"floor":38,"key":"Bird Faced Urn"},{"floor":42,"key":"CCEMRelics:WhiteRose"},{"floor":44,"key":"Kunai"},{"floor":56,"key":"Anchor"}],"event_choices":[{"damage_healed":0,"gold_gain":0,"player_choice":"Slimed","damage_taken":11,"max_hp_gain":0,"max_hp_loss":0,"event_name":"betterThird:BetterGoop","floor":16,"gold_loss":33},{"damage_healed":0,"gold_gain":0,"player_choice":"Copied","damage_taken":0,"max_hp_gain":0,"max_hp_loss":0,"event_name":"Duplicator","floor":21,"gold_loss":0,"cards_obtained":["Neutralize"]},{"damage_healed":0,"gold_gain":0,"player_choice":"Fight","damage_taken":0,"max_hp_gain":0,"max_hp_loss":0,"event_name":"MindBloom","floor":38,"gold_loss":0},{"damage_healed":0,"gold_gain":0,"player_choice":"Leave","damage_taken":0,"max_hp_gain":0,"max_hp_loss":0,"event_name":"conspire:Investor","floor":40,"gold_loss":0}],"is_beta":false,"boss_relics":[{"not_picked":["aspiration:RunicSpoon","ChewingGum"],"picked":"Ring of Chaos"},{"not_picked":["Honey Jar","hubris:RunicObelisk"],"picked":"hubris:ScarierMask"}],"items_purged_floors":[39],"is_endless":false,"potions_floor_spawned":[6,10,14,18,20,23,32,37,38,41,42,56],"ascension_level":1}}