{"host":"esx1hwjnbftf3eqj","time":1608164032,"event":{"mods":["BaseMod","Colored Map","Minty Spire (QoL Compilation)","StSLib","Wandering Minibosses"],"gold_per_floor":[117,137,150,169,185,185,218,218,218,218,218],"floor_reached":10,"playtime":510,"items_purged":[],"score":81,"play_id":"d8507518-cea8-47c5-9ac2-ae17d77cd1f4","local_time":"20201216161352","is_ascension_mode":true,"campfire_choices":[{"data":"Tempest","floor":6,"key":"SMITH"},{"data":"Creative AI","floor":8,"key":"SMITH"}],"circlet_count":0,"master_deck":["Strike_B","Strike_B","Strike_B","Strike_B","Defend_B","Defend_B","Defend_B","Defend_B","Zap","Dualcast","Amplify","Genetic Algorithm","Melter","White Noise","Gash","Tempest+1","Creative AI+1"],"relics":["Cracked Core","Eternal Feather","Matryoshka"],"acts_visited":["Exordium"],"potions_floor_usage":[7],"damage_taken":[{"damage":8,"enemies":"Jaw Worm","floor":1,"turns":4},{"damage":11,"enemies":"Small Slimes","floor":2,"turns":4},{"damage":0,"enemies":"2 Louse","floor":3,"turns":2},{"damage":30,"enemies":"Exordium Thugs","floor":4,"turns":6},{"damage":6,"enemies":"3 Louse","floor":5,"turns":3},{"damage":18,"enemies":"Lagavulin","floor":7,"turns":4},{"damage":20,"enemies":"3 Sentries","floor":10,"turns":2}],"seed_played":"-2034440699726279734","potions_obtained":[{"floor":1,"key":"DistilledChaos"},{"floor":7,"key":"Ancient Potion"}],"is_trial":false,"path_per_floor":["M","M","M","M","M","R","E","R","T","E"],"character_chosen":"DEFECT","items_purchased":[],"campfire_rested":0,"item_purchase_floors":[],"current_hp_per_floor":[67,56,56,26,20,20,2,11,11,0,0],"gold":218,"neow_bonus":"ONE_RANDOM_RARE_CARD","is_daily":false,"chose_seed":false,"campfire_upgraded":2,"win_rate":0.0,"timestamp":1608164032,"path_taken":["M","M","M","M","M","R","E","R","T","E"],"items_purchased_type":[],"build_version":"2020-12-13","purchased_purges":0,"victory":false,"max_hp_per_floor":[75,75,75,75,75,75,75,75,75,75,75],"card_choices":[{"not_picked":["FTL","Gash"],"picked":"Genetic Algorithm","floor":1},{"not_picked":["Auto Shields","Turbo"],"picked":"Melter","floor":2},{"not_picked":["Double Energy","Sweeping Beam"],"picked":"White Noise","floor":3},{"not_picked":["Skim","Cold Snap"],"picked":"Gash","floor":4},{"not_picked":["Ball Lightning","Cold Snap"],"picked":"Tempest","floor":5},{"not_picked":["Hello World","Capacitor"],"picked":"Creative AI","floor":7}],"player_experience":412753,"relics_obtained":[{"floor":7,"key":"Eternal Feather"},{"floor":9,"key":"Matryoshka"}],"event_choices":[],"is_beta":false,"boss_relics":[],"items_purged_floors":[],"is_endless":false,"potions_floor_spawned":[1,7],"killed_by":"3 Sentries","ascension_level":3}}