{"host":"esx1hwjnbftf3eqj","time":1608235484,"event":{"mods":["BaseMod","Colored Map","Minty Spire (QoL Compilation)","StSLib","Wandering Minibosses"],"gold_per_floor":[110,124,135,310,385,385,417,417,471,522,522,296,296,314,314,419,419,438,458,458,458,468,468,493,510,558,582,611,634,672,793,805,929,950,982,1012,585,585,594,594,628,628,628,672,697,697,112,162,162,162],"floor_reached":51,"playtime":7940,"items_purged":["Doubt","Strike_R","Strike_R"],"score":958,"play_id":"4ccc744a-ad4b-4008-a5d0-2ba703585c04","local_time":"20201217120444","is_ascension_mode":true,"campfire_choices":[{"data":"Apotheosis","floor":6,"key":"SMITH"},{"data":"Seeing Red","floor":8,"key":"SMITH"},{"data":"Metallicize","floor":13,"key":"SMITH"},{"data":"Shockwave","floor":15,"key":"SMITH"},{"data":"Barricade","floor":23,"key":"SMITH"},{"data":"Metallicize","floor":32,"key":"SMITH"},{"data":"Limit Break","floor":40,"key":"SMITH"},{"data":"Demon Form","floor":42,"key":"SMITH"},{"data":"Magnetism","floor":49,"key":"SMITH"}],"circlet_count":0,"master_deck":["Strike_R+1","Defend_R","Defend_R","Defend_R","Defend_R+1","Bash+1","Apotheosis+1","Seeing Red+1","Shrug It Off","Cleave","Metallicize+1","Clash","Shockwave+1","Barricade+1","Metallicize+1","Warcry","Metallicize+1","Metallicize+1","Disarm","Clothesline+1","Thunderclap+1","Heavy Blade+1","Pommel Strike+1","Shrug It Off+1","Juggernaut","CurseOfTheBell","Iron Wave+1","Demon Form+1","Pommel Strike+1","Twin Strike+1","Twin Strike+1","Limit Break+1","Magnetism+1","Sword Boomerang+1","Whirlwind+1","Heavy Blade+1","Secret Technique"],"relics":["Burning Blood","PreservedInsect","Tiny Chest","Anchor","Orichalcum","Coffee Dripper","Molten Egg 2","Whetstone","MawBank","CeramicFish","CaptainsWheel","Gremlin Horn","Calling Bell","Lantern","Eternal Feather","Bird Faced Urn","Omamori","Orrery","Ornamental Fan","Shuriken","War Paint","Toy Ornithopter","Letter Opener","Calipers"],"acts_visited":["Exordium","TheCity","TheBeyond"],"potions_floor_usage":[22,31,48,48,48],"damage_taken":[{"damage":0,"enemies":"Small Slimes","floor":1,"turns":3},{"damage":2,"enemies":"Jaw Worm","floor":2,"turns":4},{"damage":5,"enemies":"2 Louse","floor":3,"turns":4},{"damage":2,"enemies":"Lagavulin","floor":7,"turns":7},{"damage":0,"enemies":"Looter","floor":14,"turns":2},{"damage":30,"enemies":"The Guardian","floor":16,"turns":10},{"damage":0,"enemies":"Chosen","floor":18,"turns":6},{"damage":2,"enemies":"2 Thieves","floor":19,"turns":4},{"damage":0,"enemies":"Centurion and Healer","floor":22,"turns":12},{"damage":23,"enemies":"Gremlin Leader","floor":24,"turns":6},{"damage":14,"enemies":"Sentry and Sphere","floor":25,"turns":9},{"damage":0,"enemies":"Snecko","floor":27,"turns":6},{"damage":3,"enemies":"3 Cultists","floor":28,"turns":6},{"damage":6,"enemies":"Centurion and Healer","floor":29,"turns":8},{"damage":3,"enemies":"Colosseum Slavers","floor":31,"turns":6},{"damage":0,"enemies":"Colosseum Nobs","floor":31,"turns":3},{"damage":0,"enemies":"Automaton","floor":33,"turns":12},{"damage":16,"enemies":"3 Darklings","floor":35,"turns":6},{"damage":9,"enemies":"Orb Walker","floor":36,"turns":4},{"damage":11,"enemies":"Reptomancer","floor":41,"turns":7},{"damage":15,"enemies":"Nemesis","floor":44,"turns":7},{"damage":21,"enemies":"2 Orb Walkers","floor":48,"turns":6},{"damage":33,"enemies":"Time Eater","floor":50,"turns":10}],"seed_played":"-1043506949814298134","potions_obtained":[{"floor":1,"key":"BlessingOfTheForge"},{"floor":3,"key":"Swift Potion"},{"floor":14,"key":"Fire Potion"},{"floor":18,"key":"Strength Potion"},{"floor":24,"key":"SkillPotion"},{"floor":29,"key":"DistilledChaos"},{"floor":31,"key":"Fruit Juice"},{"floor":36,"key":"Weak Potion"}],"is_trial":false,"path_per_floor":["M","M","M","?","?","R","E","R","T","T","?","$","R","M","R","B",null,"M","M","T","?","M","R","E","M","T","M","M","M","T","?","R","B",null,"M","M","$","?","?","R","E","R","T","E","T","?","$","?","R","B",null],"character_chosen":"IRONCLAD","items_purchased":["Orichalcum","Omamori","Orrery","Limit Break","Heavy Blade+1","Secret Technique","Letter Opener"],"campfire_rested":0,"item_purchase_floors":[12,37,37,37,47,47,47],"current_hp_per_floor":[62,66,67,67,56,56,60,60,60,60,60,60,60,66,66,42,80,80,80,80,80,80,80,63,55,55,61,64,64,64,73,73,79,80,79,79,79,79,79,80,80,80,80,77,77,77,77,80,80,69],"gold":162,"neow_bonus":"RANDOM_COLORLESS_2","is_daily":false,"chose_seed":false,"campfire_upgraded":9,"win_rate":0.0,"timestamp":1608235484,"path_taken":["M","M","M","?","?","R","E","R","T","?","?","?","R","M","R","BOSS","M","M","?","?","?","R","E","M","T","M","?","M","?","?","R","BOSS","M","M","$","?","?","R","E","R","T","E","?","?","$","?","R","BOSS"],"items_purchased_type":["Relic","Relic","Relic","Card","Card","Card","Relic"],"build_version":"2020-12-13","purchased_purges":3,"victory":true,"max_hp_per_floor":[80,80,80,80,80,80,80,80,80,80,80,80,80,80,80,80,80,80,80,80,80,80,80,80,80,80,80,80,80,80,80,80,80,80,80,80,80,80,80,80,80,80,80,80,80,80,80,80,80,80],"card_choices":[{"not_picked":["Secret Technique","Violence"],"picked":"Apotheosis","floor":0},{"not_picked":["Disarm","Perfected Strike"],"picked":"Seeing Red","floor":1},{"not_picked":["Perfected Strike","Warcry"],"picked":"Shrug It Off","floor":2},{"not_picked":["Infernal Blade","Second Wind"],"picked":"Cleave","floor":3},{"not_picked":["Rupture","Rage"],"picked":"Metallicize","floor":7},{"not_picked":["Clothesline","Bloodletting"],"picked":"Shockwave","floor":14},{"not_picked":["Double Tap","Berserk"],"picked":"Barricade","floor":16},{"not_picked":["Wild Strike+1","Headbutt"],"picked":"Metallicize+1","floor":18},{"not_picked":["Sword Boomerang+1","Pummel"],"picked":"Warcry","floor":19},{"not_picked":["Fire Breathing","Brutality"],"picked":"Metallicize","floor":22},{"not_picked":["Clash+1","Seeing Red"],"picked":"Disarm","floor":24},{"not_picked":["Flex","True Grit"],"picked":"Clothesline+1","floor":25},{"not_picked":["Seeing Red","Rupture"],"picked":"Thunderclap+1","floor":27},{"not_picked":["Inflame","Flex+1"],"picked":"Heavy Blade+1","floor":28},{"not_picked":["Perfected Strike+1","Wild Strike+1"],"picked":"Pommel Strike+1","floor":29},{"not_picked":["Clash+1","Pommel Strike+1"],"picked":"Shrug It Off","floor":31},{"not_picked":["Fiend Fire+1","Feed+1"],"picked":"Juggernaut","floor":33},{"not_picked":["Armaments","Reckless Charge+1"],"picked":"Iron Wave+1","floor":35},{"not_picked":["Anger+1","Fire Breathing+1","Sword Boomerang+1"],"picked":"SKIP","floor":36},{"not_picked":["Wild Strike+1","Pommel Strike+1"],"picked":"Demon Form","floor":37},{"not_picked":["Wild Strike+1","Feed+1"],"picked":"Pommel Strike+1","floor":37},{"not_picked":["Cleave+1","Clash+1"],"picked":"Twin Strike+1","floor":37},{"not_picked":["True Grit+1","Spot Weakness"],"picked":"Twin Strike+1","floor":37},{"not_picked":["Discovery","Sadistic Nature"],"picked":"Magnetism","floor":39},{"not_picked":["True Grit+1","Seeing Red"],"picked":"Sword Boomerang+1","floor":41},{"not_picked":["Spot Weakness+1","Clash+1"],"picked":"Whirlwind+1","floor":44}],"player_experience":423898,"relics_obtained":[{"floor":7,"key":"PreservedInsect"},{"floor":9,"key":"Tiny Chest"},{"floor":10,"key":"Anchor"},{"floor":20,"key":"Molten Egg 2"},{"floor":24,"key":"Whetstone"},{"floor":26,"key":"MawBank"},{"floor":30,"key":"CeramicFish"},{"floor":31,"key":"CaptainsWheel"},{"floor":31,"key":"Gremlin Horn"},{"floor":34,"key":"Lantern"},{"floor":34,"key":"Eternal Feather"},{"floor":34,"key":"Bird Faced Urn"},{"floor":41,"key":"Ornamental Fan"},{"floor":43,"key":"Shuriken"},{"floor":44,"key":"War Paint"},{"floor":45,"key":"Toy Ornithopter"},{"floor":48,"key":"Calipers"}],"event_choices":[{"damage_healed":0,"gold_gain":175,"player_choice":"AGREE","damage_taken":0,"max_hp_gain":0,"max_hp_loss":0,"event_name":"Liars Game","floor":4,"gold_loss":0,"cards_obtained":["Doubt"]},{"damage_healed":0,"gold_gain":75,"player_choice":"Gather Gold","damage_taken":11,"max_hp_gain":0,"max_hp_loss":0,"event_name":"World of Goop","floor":5,"gold_loss":0},{"damage_healed":0,"gold_gain":0,"cards_transformed":["Strike_R"],"player_choice":"Change","damage_taken":0,"max_hp_gain":0,"max_hp_loss":0,"event_name":"Living Wall","floor":11,"gold_loss":0,"cards_obtained":["Clash"]},{"damage_healed":0,"gold_gain":0,"player_choice":"Copied","damage_taken":0,"max_hp_gain":0,"max_hp_loss":0,"event_name":"Duplicator","floor":21,"gold_loss":0,"cards_obtained":["Metallicize"]},{"damage_healed":0,"gold_gain":0,"player_choice":"Fight","damage_taken":0,"max_hp_gain":0,"max_hp_loss":0,"event_name":"Colosseum","floor":31,"gold_loss":0},{"damage_healed":0,"gold_gain":0,"player_choice":"Fought Nobs","damage_taken":0,"max_hp_gain":0,"max_hp_loss":0,"event_name":"Colosseum","floor":31,"gold_loss":0},{"cards_removed":["Strike_R"],"damage_healed":0,"gold_gain":0,"player_choice":"Removed Attack","damage_taken":0,"max_hp_gain":0,"max_hp_loss":0,"event_name":"Falling","floor":38,"gold_loss":0},{"damage_healed":0,"gold_gain":0,"player_choice":"Memory 1","damage_taken":0,"max_hp_gain":0,"max_hp_loss":0,"event_name":"SensoryStone","floor":39,"gold_loss":0},{"damage_healed":0,"gold_gain":0,"player_choice":"Ignored","damage_taken":0,"max_hp_gain":0,"max_hp_loss":0,"event_name":"Tomb of Lord Red Mask","floor":46,"gold_loss":0},{"damage_healed":0,"gold_gain":0,"player_choice":"Fight","damage_taken":0,"max_hp_gain":0,"max_hp_loss":0,"event_name":"Mysterious Sphere","floor":48,"gold_loss":0}],"is_beta":false,"boss_relics":[{"not_picked":["Philosopher\u0027s Stone","Velvet Choker"],"picked":"Coffee Dripper"},{"not_picked":["Fusion Hammer","Busted Crown"],"picked":"Calling Bell"}],"items_purged_floors":[12,37,47],"is_endless":false,"potions_floor_spawned":[1,3,14,18,19,24,29,31,36],"ascension_level":3}}