{"host":"s41rn2jhghpwfrvz","time":1608175629,"event":{"mods":["BaseMod","Minty Spire (QoL Compilation)","Quick Restart","Relic Stats","SuperFastMode"],"gold_per_floor":[111,36,49,49,66,100,100,130,130,157,173,173,173,200,200,276,276,295,315,315,315,327,358,358,387,387,414,424,80,115,127,127,202,202,212,222,235,249,265,295,295,320,344,375,400,435,445,474,474,474,474,474,474,8,43,43],"floor_reached":57,"playtime":2457,"items_purged":["Caltrops","Normality"],"score":4070,"play_id":"ea19f504-a62e-4efc-a710-94a4d7747e0e","local_time":"20201217052709","daily_mods":["SealedDeck","Diverse","Elite Swarm"],"is_ascension_mode":true,"campfire_choices":[{"data":"WreathOfFlame","floor":7,"key":"SMITH"},{"data":"Scrawl","floor":13,"key":"SMITH"},{"data":"Sword Boomerang","floor":15,"key":"SMITH"},{"floor":24,"key":"RECALL"},{"data":"Turbo","floor":32,"key":"SMITH"},{"data":"Backflip","floor":41,"key":"SMITH"},{"data":"Sanctity","floor":49,"key":"SMITH"},{"floor":53,"key":"REST"}],"circlet_count":0,"master_deck":["AscendersBane","Sanctity+1","Prepared","WreathOfFlame+1","Sword Boomerang+1","PiercingWail","Calculated Gamble","Chill","Expertise+1","Scrawl+1","Master of Strategy+1","Turbo+1","Backflip+1","Barricade+1","Body Slam"],"relics":["Burning Blood","Happy Flower","White Beast Statue","Akabeko","Letter Opener","Blue Candle","Dream Catcher","Black Star","Kunai","Frozen Egg 2","Eternal Feather","Incense Burner","Self Forming Clay","StoneCalendar","Blood Vial","War Paint","Thread and Needle","Bronze Scales","Cursed Key","The Courier","Pen Nib","Centennial Puzzle","Magic Flower","Smiling Mask","Torii","Ice Cream","Anchor","Paper Frog","Calipers","Bag of Marbles","Bag of Preparation","TungstenRod","Art of War","Nunchaku"],"acts_visited":["Exordium","TheCity","TheBeyond","TheEnding"],"potions_floor_usage":[19,56,56],"damage_taken":[{"damage":0,"enemies":"Cultist","floor":1,"turns":3},{"damage":4,"enemies":"Jaw Worm","floor":3,"turns":3},{"damage":4,"enemies":"Small Slimes","floor":5,"turns":4},{"damage":12,"enemies":"Lagavulin","floor":6,"turns":5},{"damage":28,"enemies":"3 Sentries","floor":8,"turns":5},{"damage":0,"enemies":"Lagavulin","floor":10,"turns":3},{"damage":5,"enemies":"Blue Slaver","floor":11,"turns":2},{"damage":0,"enemies":"Gremlin Nob","floor":14,"turns":2},{"damage":0,"enemies":"The Guardian","floor":16,"turns":5},{"damage":9,"enemies":"Shell Parasite","floor":18,"turns":3},{"damage":0,"enemies":"2 Thieves","floor":19,"turns":1},{"damage":8,"enemies":"Shelled Parasite and Fungi","floor":22,"turns":2},{"damage":0,"enemies":"Book of Stabbing","floor":23,"turns":2},{"damage":10,"enemies":"Gremlin Leader","floor":25,"turns":3},{"damage":21,"enemies":"Book of Stabbing","floor":27,"turns":4},{"damage":0,"enemies":"Snake Plant","floor":28,"turns":3},{"damage":3,"enemies":"Slavers","floor":30,"turns":2},{"damage":0,"enemies":"Centurion and Healer","floor":31,"turns":3},{"damage":9,"enemies":"Collector","floor":33,"turns":4},{"damage":0,"enemies":"Orb Walker","floor":35,"turns":1},{"damage":0,"enemies":"3 Shapes","floor":36,"turns":1},{"damage":0,"enemies":"Maw","floor":37,"turns":4},{"damage":0,"enemies":"4 Shapes","floor":38,"turns":1},{"damage":0,"enemies":"Jaw Worm Horde","floor":39,"turns":1},{"damage":0,"enemies":"Giant Head","floor":40,"turns":3},{"damage":0,"enemies":"Nemesis","floor":42,"turns":3},{"damage":1,"enemies":"Reptomancer","floor":44,"turns":2},{"damage":1,"enemies":"Mind Bloom Boss Battle","floor":45,"turns":2},{"damage":1,"enemies":"Giant Head","floor":46,"turns":2},{"damage":1,"enemies":"3 Darklings","floor":47,"turns":1},{"damage":1,"enemies":"Reptomancer","floor":48,"turns":3},{"damage":1,"enemies":"Donu and Deca","floor":50,"turns":4},{"damage":1,"enemies":"Time Eater","floor":51,"turns":7},{"damage":0,"enemies":"Shield and Spear","floor":55,"turns":3},{"damage":9,"enemies":"The Heart","floor":56,"turns":7}],"seed_played":"7080546234444711326","potions_obtained":[{"floor":8,"key":"GamblersBrew"},{"floor":10,"key":"PowerPotion"},{"floor":11,"key":"FearPotion"},{"floor":14,"key":"SpeedPotion"},{"floor":16,"key":"EntropicBrew"},{"floor":19,"key":"Fruit Juice"},{"floor":22,"key":"BlessingOfTheForge"},{"floor":25,"key":"Swift Potion"},{"floor":27,"key":"DuplicationPotion"},{"floor":45,"key":"SteroidPotion"},{"floor":55,"key":"ElixirPotion"}],"is_trial":true,"path_per_floor":["M","$","M","?","M","E","R","E","T","E","M","?","R","E","R","B",null,"M","M","?","?","M","E","R","E","T","E","M","$","E","M","R","B",null,"M","M","M","M","M","E","R","E","T","E","?","E","M","E","R","B","B",null,"R","$","E","B",null],"character_chosen":"IRONCLAD","items_purchased":["Master of Strategy","War Paint","Bag of Preparation","Body Slam","TungstenRod"],"campfire_rested":1,"item_purchase_floors":[29,29,54,54,54],"current_hp_per_floor":[74,74,75,68,70,64,64,42,42,48,49,44,44,50,50,56,70,67,78,78,78,76,80,80,76,76,61,69,69,74,80,80,77,79,80,80,80,80,80,80,80,80,80,80,80,80,80,80,80,80,80,80,80,80,80,80],"gold":43,"neow_bonus":"","is_daily":false,"chose_seed":false,"campfire_upgraded":6,"win_rate":0.0,"timestamp":1608175629,"path_taken":["M","?","M","?","M","E","R","E","T","E","M","?","R","E","R","BOSS","M","M","?","?","M","E","R","E","T","E","M","$","E","M","R","BOSS","M","M","M","M","M","E","R","E","T","E","?","E","M","E","R","BOSS","BOSS","R","$","E","BOSS"],"items_purchased_type":["Card","Relic","Relic","Card","Relic"],"build_version":"2020-12-13","purchased_purges":2,"victory":true,"max_hp_per_floor":[75,75,75,75,75,75,75,75,75,75,75,75,75,75,75,75,75,75,80,80,80,80,80,80,80,80,80,80,80,80,80,80,80,80,80,80,80,80,80,80,80,80,80,80,80,80,80,80,80,80,80,80,80,80,80,80],"relic_stats":{"Torii":0,"Magic Flower":[3],"StoneCalendar":[0],"Bag of Preparation":[4],"Cursed Key":1,"Smiling Mask":30,"Burning Blood":125,"Blood Vial":7,"Dream Catcher":1,"Centennial Puzzle":[23],"Nunchaku":[1],"Kunai":[4],"Happy Flower":[29],"counters":[35,104],"Self Forming Clay":[39],"Blue Candle":[7],"Eternal Feather":0,"Pen Nib":[3],"Letter Opener":[1492],"War Paint":["Expertise","Master of Strategy"],"Bronze Scales":[166],"Black Star":10,"Art of War":[2],"obtain_stats":[{"Ice Cream":45,"Calipers":48,"Torii":44,"Magic Flower":42,"StoneCalendar":27,"Incense Burner":25,"Bag of Preparation":54,"Cursed Key":34,"Smiling Mask":44,"Burning Blood":0,"Blood Vial":27,"Dream Catcher":14,"Centennial Puzzle":42,"Nunchaku":55,"Kunai":23,"Paper Frog":46,"Happy Flower":6,"Self Forming Clay":26,"Blue Candle":12,"Eternal Feather":25,"Thread and Needle":30,"The Courier":40,"Pen Nib":40,"Letter Opener":10,"Frozen Egg 2":23,"War Paint":29,"White Beast Statue":8,"Akabeko":9,"Anchor":46,"Bronze Scales":30,"Black Star":17,"Bag of Marbles":48,"Art of War":55,"TungstenRod":54},{"Ice Cream":28,"Calipers":31,"Torii":27,"Magic Flower":26,"StoneCalendar":15,"Incense Burner":14,"Bag of Preparation":33,"Cursed Key":19,"Smiling Mask":27,"Burning Blood":0,"Blood Vial":15,"Dream Catcher":8,"Centennial Puzzle":26,"Nunchaku":34,"Kunai":13,"Paper Frog":29,"Happy Flower":4,"Self Forming Clay":14,"Blue Candle":7,"Eternal Feather":14,"Thread and Needle":17,"The Courier":25,"Pen Nib":25,"Letter Opener":6,"Frozen Egg 2":13,"War Paint":16,"White Beast Statue":5,"Akabeko":5,"Anchor":29,"Bronze Scales":17,"Black Star":9,"Bag of Marbles":31,"Art of War":34,"TungstenRod":33},{"Ice Cream":77,"Calipers":83,"Torii":75,"Magic Flower":73,"StoneCalendar":47,"Incense Burner":43,"Bag of Preparation":94,"Cursed Key":59,"Smiling Mask":75,"Burning Blood":0,"Blood Vial":47,"Dream Catcher":27,"Centennial Puzzle":73,"Nunchaku":97,"Kunai":40,"Paper Frog":79,"Happy Flower":15,"Self Forming Clay":43,"Blue Candle":25,"Eternal Feather":43,"Thread and Needle":52,"The Courier":70,"Pen Nib":70,"Letter Opener":23,"Frozen Egg 2":40,"War Paint":50,"White Beast Statue":20,"Akabeko":20,"Anchor":79,"Bronze Scales":52,"Black Star":32,"Bag of Marbles":83,"Art of War":97,"TungstenRod":94}],"TungstenRod":1},"card_choices":[{"not_picked":["Reflex","Stack","Weave"],"picked":"SKIP","floor":1},{"not_picked":["Wireheading","Calculated Gamble","Burning Pact"],"picked":"SKIP","floor":3},{"not_picked":["Conserve Battery","Slice","Adaptation"],"picked":"SKIP","floor":5},{"not_picked":["Omniscience","Electrodynamics"],"picked":"Scrawl","floor":6},{"not_picked":["Buffer","Wish","After Image"],"picked":"SKIP","floor":8},{"not_picked":["Creative AI","Impervious","All For One"],"picked":"SKIP","floor":10},{"not_picked":["Heavy Blade","Deflect","Halt"],"picked":"SKIP","floor":11},{"not_picked":["Doppelganger","Alpha","Amplify"],"picked":"SKIP","floor":14},{"not_picked":["Slice","Wild Strike","Glacier"],"picked":"SKIP","floor":18},{"not_picked":["Heel Hook","Hemokinesis","Footwork"],"picked":"SKIP","floor":19},{"not_picked":["Perseverance","Dagger Spray","Havoc"],"picked":"SKIP","floor":22},{"not_picked":["Storm of Steel","Devotion+1","Fiend Fire"],"picked":"SKIP","floor":23},{"not_picked":["Demon Form+1","Machine Learning+1","Thunder Strike"],"picked":"SKIP","floor":25},{"not_picked":["Creative AI+1","Juggernaut+1","Wish"],"picked":"SKIP","floor":27},{"not_picked":["Sweeping Beam","Stack","Havoc"],"picked":"SKIP","floor":28},{"not_picked":["Machine Learning+1","Multi-Cast","Night Terror"],"picked":"SKIP","floor":30},{"not_picked":["Leap+1","JustLucky"],"picked":"Turbo","floor":31},{"not_picked":["Fusion","Cold Snap","Burning Pact"],"picked":"SKIP","floor":35},{"not_picked":["Perfected Strike","Warcry"],"picked":"Backflip","floor":36},{"not_picked":["Adaptation+1","Infinite Blades+1","Nirvana+1"],"picked":"SKIP","floor":37},{"not_picked":["Vengeance","ThirdEye","Dagger Throw"],"picked":"SKIP","floor":38},{"not_picked":["Compile Driver","EmptyFist","Caltrops+1"],"picked":"SKIP","floor":39},{"not_picked":["ConjureBlade","Multi-Cast","Burst"],"picked":"SKIP","floor":40},{"not_picked":["DeusExMachina","Immolate","Fission"],"picked":"SKIP","floor":42},{"not_picked":["Blasphemy","Biased Cognition+1","Die Die Die"],"picked":"SKIP","floor":44},{"not_picked":["Feed","Thunder Strike"],"picked":"Barricade+1","floor":46},{"not_picked":["Infernal Blade","Clash","CutThroughFate"],"picked":"SKIP","floor":47},{"not_picked":["Berserk+1","Feed","Unload"],"picked":"SKIP","floor":48},{"not_picked":["Brilliance","Berserk+1","Feed"],"picked":"SKIP","floor":55}],"player_experience":1587901,"relics_obtained":[{"floor":6,"key":"Happy Flower"},{"floor":8,"key":"White Beast Statue"},{"floor":9,"key":"Akabeko"},{"floor":10,"key":"Letter Opener"},{"floor":14,"key":"Dream Catcher"},{"floor":23,"key":"Kunai"},{"floor":23,"key":"Frozen Egg 2"},{"floor":25,"key":"Eternal Feather"},{"floor":25,"key":"Incense Burner"},{"floor":26,"key":"Self Forming Clay"},{"floor":27,"key":"StoneCalendar"},{"floor":27,"key":"Blood Vial"},{"floor":30,"key":"Thread and Needle"},{"floor":30,"key":"Bronze Scales"},{"floor":40,"key":"The Courier"},{"floor":40,"key":"Pen Nib"},{"floor":42,"key":"Centennial Puzzle"},{"floor":42,"key":"Magic Flower"},{"floor":44,"key":"Smiling Mask"},{"floor":44,"key":"Torii"},{"floor":45,"key":"Ice Cream"},{"floor":46,"key":"Anchor"},{"floor":46,"key":"Paper Frog"},{"floor":48,"key":"Calipers"},{"floor":48,"key":"Bag of Marbles"},{"floor":55,"key":"Art of War"},{"floor":55,"key":"Nunchaku"}],"event_choices":[{"cards_removed":["Reinforced Body"],"damage_healed":0,"gold_gain":0,"player_choice":"Card Removal","damage_taken":7,"max_hp_gain":0,"max_hp_loss":0,"event_name":"Golden Wing","floor":4,"gold_loss":0},{"damage_healed":0,"gold_gain":0,"player_choice":"Success","damage_taken":5,"relics_obtained":["Blue Candle"],"max_hp_gain":0,"max_hp_loss":0,"event_name":"Scrap Ooze","floor":12,"gold_loss":0},{"damage_healed":0,"gold_gain":0,"player_choice":"Ignored","damage_taken":0,"max_hp_gain":0,"max_hp_loss":0,"event_name":"Ghosts","floor":20,"gold_loss":0},{"damage_healed":0,"gold_gain":0,"player_choice":"Ignored","damage_taken":0,"max_hp_gain":0,"max_hp_loss":0,"event_name":"Vampires","floor":21,"gold_loss":0},{"damage_healed":0,"gold_gain":0,"player_choice":"Fight","damage_taken":0,"max_hp_gain":0,"max_hp_loss":0,"event_name":"MindBloom","floor":45,"gold_loss":0}],"is_beta":false,"boss_relics":[{"not_picked":["Mark of Pain","Astrolabe"],"picked":"Black Star"},{"not_picked":["Philosopher\u0027s Stone","Black Blood"],"picked":"Cursed Key"}],"items_purged_floors":[2,54],"is_endless":false,"potions_floor_spawned":[8,10,11,14,16,18,19,22,23,25,27,28,30,31,33,35,36,37,38,39,40,42,44,45,46,47,48,55],"ascension_level":20}}