{"host":"9d9dhukr2jywmy0f","time":1608230250,"event":{"mods":["2.2 Compatiblity","Alarm Clock","BaseMod","Bestiary","Block Reminder","Colored Map","Colored Powertips","Conspire","Curses Come First","DeckTracker","Displayed Cursed Tome","Highlight Path","Key Reminder","Keyboard Shortcuts","Minty Spire (QoL Compilation)","MonsterHotkey","Potion Indicator Mod","Quick Restart","RNG Fix","Rare Cards Sparkle","Relic Sorter","Relic Stats","Spire Birthday Party","StSLib","Synergy Search","Unceasing Turn Reminder","Unknown Chances","vexMod"],"gold_per_floor":[110,110,110,120,45,45,62,89,160,160,160,178,178,196,196,275,275,288,300,17,28,28,59,59,89,89,89,109,109,109,127,127,204,204,215,215,240,34,57,82,94,472,511,592,620,645,657,76,76,116],"floor_reached":51,"playtime":4681,"items_purged":["Strike_B","Strike_B","Strike_B+1"],"score":1418,"play_id":"5dcf7c90-b443-47be-90b0-43e75448eb61","local_time":"20201218023730","is_ascension_mode":true,"campfire_choices":[{"data":"Fission","floor":6.0,"key":"SMITH"},{"data":"Scrape","floor":11.0,"key":"SMITH"},{"data":"Go for the Eyes","floor":13.0,"key":"SMITH"},{"data":"Gash","floor":15.0,"key":"SMITH"},{"floor":24.0,"key":"REST"},{"data":"Apotheosis","floor":27.0,"key":"SMITH"},{"data":"Self Repair","floor":29.0,"key":"SMITH"},{"floor":32.0,"key":"REST"},{"data":"Echo Form","floor":41.0,"key":"SMITH"},{"data":"Impatience","floor":49,"key":"SMITH"}],"circlet_count":0,"master_deck":["AscendersBane","Defend_B","Defend_B","Defend_B","Defend_B","Zap+1","Dualcast+1","Fission+1","Hologram","Scrape+1","Gash+1","Go for the Eyes+1","Turbo","Echo Form+1","Undo+1","White Noise","Apotheosis+1","Impatience+1","Beam Cell+1","Hologram+1","White Noise","Conserve Battery+1"],"relics":["Cracked Core","Smiling Mask","conspire:Flyswatter","Black Star","DataDisk","Bottled Tornado","vexMod:MemoryStick","Singing Bowl","Whetstone","Runic Pyramid","Lizard Tail","Toy Ornithopter","Bag of Preparation","vexMod:ConsolationPrize","MawBank","White Beast Statue","Old Coin","MealTicket","conspire:TopHat","Dead Branch","vexMod:InvisibilityCloak","Gambling Chip"],"acts_visited":["Exordium","TheCity","TheBeyond"],"potions_floor_usage":[50,50,50],"damage_taken":[{"damage":7.0,"enemies":"Jaw Worm","floor":1.0,"turns":3.0},{"damage":1.0,"enemies":"Small Slimes","floor":4.0,"turns":4.0},{"damage":0.0,"enemies":"conspire:RoseBush","floor":7.0,"turns":2.0},{"damage":14.0,"enemies":"Gremlin Nob","floor":8.0,"turns":3.0},{"damage":0.0,"enemies":"Large Slime","floor":12.0,"turns":3.0},{"damage":8.0,"enemies":"Blue Slaver","floor":14.0,"turns":2.0},{"damage":0.0,"enemies":"Slime Boss","floor":16.0,"turns":5.0},{"damage":9.0,"enemies":"Chosen","floor":18.0,"turns":4.0},{"damage":0.0,"enemies":"Spheric Guardian","floor":19.0,"turns":3.0},{"damage":17.0,"enemies":"Chosen and Byrds","floor":21.0,"turns":9.0},{"damage":28.0,"enemies":"Gremlin Leader","floor":23.0,"turns":9.0},{"damage":10.0,"enemies":"conspire:SneckoGhost","floor":25.0,"turns":7.0},{"damage":19.0,"enemies":"Centurion and Healer","floor":28.0,"turns":6.0},{"damage":5.0,"enemies":"Snake Plant","floor":31.0,"turns":4.0},{"damage":31.0,"enemies":"Collector","floor":33.0,"turns":13.0},{"damage":11.0,"enemies":"Orb Walker","floor":35.0,"turns":4.0},{"damage":0.0,"enemies":"Mind Bloom Boss Battle","floor":37.0,"turns":5.0},{"damage":26.0,"enemies":"Nemesis","floor":40.0,"turns":7.0},{"damage":31.0,"enemies":"Reptomancer","floor":42.0,"turns":9.0},{"damage":35.0,"enemies":"Nemesis","floor":44.0,"turns":7.0},{"damage":0.0,"enemies":"3 Darklings","floor":45.0,"turns":4.0},{"damage":0.0,"enemies":"Spire Growth","floor":46.0,"turns":5.0},{"damage":40,"enemies":"Awakened One","floor":50,"turns":15}],"seed_played":"-4874117930209467091","potions_obtained":[{"floor":1.0,"key":"LiquidMemories"},{"floor":4.0,"key":"BlessingOfTheForge"},{"floor":8.0,"key":"FearPotion"},{"floor":10.0,"key":"EssenceOfDarkness"},{"floor":10.0,"key":"PotionOfCapacity"},{"floor":16.0,"key":"Regen Potion"},{"floor":19.0,"key":"Strength Potion"},{"floor":31.0,"key":"SkillPotion"},{"floor":33.0,"key":"Explosive Potion"},{"floor":37.0,"key":"EssenceOfSteel"},{"floor":40.0,"key":"EntropicBrew"},{"floor":42.0,"key":"SpeedPotion"},{"floor":45.0,"key":"conspire:TimeTravelPotion"}],"is_trial":false,"path_per_floor":["M","?","?","M","$","R","M","E","T","?","R","M","R","M","R","B",null,"M","M","$","M","?","E","R","E","T","R","M","R","?","M","R","B",null,"M","?","?","$","T","E","R","E","T","E","M","M","?","$","R","B",null],"character_chosen":"DEFECT","items_purchased":["Apotheosis","Impatience","Toy Ornithopter","vexMod:InvisibilityCloak","Gambling Chip"],"campfire_rested":2,"item_purchase_floors":[20,20,38,48,48],"current_hp_per_floor":[57,36,36,42,42,42,49,42,42,42,42,49,49,48,48,55,67,71,71,71,54,54,26,47,39,39,39,36,36,36,43,66,47,71,79,79,81,81,81,82,82,72,72,59,74,87,87,87,87,68],"gold":116,"neow_bonus":"UPGRADE_CARD","is_daily":false,"chose_seed":false,"campfire_upgraded":8,"win_rate":0.0,"timestamp":1608230250,"path_taken":["M","?","?","?","$","R","M","E","T","?","R","M","R","M","R","BOSS","M","M","$","M","?","E","R","E","T","R","M","R","?","M","R","BOSS","M","?","?","$","?","E","R","E","T","E","?","M","?","$","R","BOSS"],"items_purchased_type":["Card","Card","Relic","Relic","Relic"],"build_version":"2020-11-30","purchased_purges":3,"victory":true,"max_hp_per_floor":[71,71,71,71,71,71,71,71,71,71,71,71,71,71,71,71,71,71,71,71,71,71,71,71,73,73,73,75,75,75,77,77,79,79,79,79,81,81,81,83,83,83,83,85,85,87,87,87,87,87],"relic_stats":{"Singing Bowl":16,"counters":[23,133],"Dead Branch":[35],"Bag of Preparation":[12],"Whetstone":["Strike_B","Beam Cell"],"Smiling Mask":125,"MawBank":96,"Lizard Tail":0,"Gambling Chip":[5],"MealTicket":0,"Black Star":5,"obtain_stats":[{"vexMod:MemoryStick":25,"Singing Bowl":25,"vexMod:ConsolationPrize":40,"Dead Branch":44,"Bag of Preparation":39,"Whetstone":26,"Bottled Tornado":23,"Smiling Mask":8,"MawBank":40,"White Beast Statue":42,"conspire:TopHat":44,"Old Coin":42,"vexMod:InvisibilityCloak":48,"DataDisk":23,"Lizard Tail":37,"Gambling Chip":48,"MealTicket":43,"Black Star":17,"Cracked Core":0,"Toy Ornithopter":38,"conspire:Flyswatter":9,"Runic Pyramid":34},{"vexMod:MemoryStick":12,"Singing Bowl":12,"vexMod:ConsolationPrize":18,"Dead Branch":20,"Bag of Preparation":17,"Whetstone":12,"Bottled Tornado":11,"Smiling Mask":4,"MawBank":18,"White Beast Statue":19,"conspire:TopHat":20,"Old Coin":19,"vexMod:InvisibilityCloak":22,"DataDisk":11,"Lizard Tail":17,"Gambling Chip":22,"MealTicket":19,"Black Star":7,"Cracked Core":0,"Toy Ornithopter":17,"conspire:Flyswatter":4,"Runic Pyramid":15},{"vexMod:MemoryStick":54,"Singing Bowl":54,"vexMod:ConsolationPrize":93,"Dead Branch":109,"Bag of Preparation":86,"Whetstone":54,"Bottled Tornado":47,"Smiling Mask":12,"MawBank":93,"White Beast Statue":102,"conspire:TopHat":109,"Old Coin":102,"vexMod:InvisibilityCloak":118,"DataDisk":47,"Lizard Tail":86,"Gambling Chip":118,"MealTicket":102,"Black Star":22,"Cracked Core":0,"Toy Ornithopter":86,"conspire:Flyswatter":12,"Runic Pyramid":77}],"Toy Ornithopter":26},"card_choices":[{"not_picked":["Rebound","Cold Snap","Redo"],"picked":"SKIP","floor":1.0},{"not_picked":["Undo","Steam"],"picked":"Hologram","floor":4.0},{"not_picked":["Sweeping Beam","Steam"],"picked":"Scrape","floor":7.0},{"not_picked":["Stack","Barrage"],"picked":"Gash","floor":8.0},{"not_picked":["Conserve Battery","Rebound"],"picked":"Go for the Eyes","floor":12.0},{"not_picked":["Multi-Cast","Darkness"],"picked":"Turbo","floor":14.0},{"not_picked":["Multi-Cast","Reboot"],"picked":"Echo Form","floor":16.0},{"not_picked":["Beam Cell","Redo"],"picked":"Undo+1","floor":18.0},{"not_picked":["Redo","Cold Snap"],"picked":"White Noise","floor":19.0},{"not_picked":["Stack","Ball Lightning","Leap"],"picked":"SKIP","floor":21.0},{"not_picked":["Stack","Ball Lightning","Leap"],"picked":"SKIP","floor":21.0},{"not_picked":["Leap","Self Repair"],"picked":"Beam Cell","floor":23.0},{"not_picked":["Coolheaded","Undo","FTL"],"picked":"Singing Bowl","floor":25.0},{"not_picked":["Static Discharge","Conserve Battery","Aggregate+1"],"picked":"Singing Bowl","floor":28.0},{"not_picked":["Stack","Streamline","Go for the Eyes"],"picked":"Singing Bowl","floor":31.0},{"not_picked":["Hyperbeam","Thunder Strike","Rainbow"],"picked":"Singing Bowl","floor":33.0},{"not_picked":["Coolheaded","Force Field"],"picked":"Hologram+1","floor":35.0},{"not_picked":["Redo","conspire:Rain","FTL"],"picked":"Singing Bowl","floor":37.0},{"not_picked":["Beam Cell","Ball Lightning","Steam"],"picked":"Singing Bowl","floor":40.0},{"not_picked":["Self Repair","Fusion"],"picked":"White Noise","floor":42.0},{"not_picked":["Beam Cell","Fusion","Creative AI"],"picked":"Singing Bowl","floor":44.0},{"not_picked":["White Noise","Leap"],"picked":"Conserve Battery+1","floor":45.0},{"not_picked":["Static Discharge","Streamline","Compile Driver"],"picked":"Singing Bowl","floor":46.0}],"player_experience":697600,"relics_obtained":[{"floor":8.0,"key":"Smiling Mask"},{"floor":9.0,"key":"conspire:Flyswatter"},{"floor":23.0,"key":"DataDisk"},{"floor":23.0,"key":"Bottled Tornado"},{"floor":25.0,"key":"vexMod:MemoryStick"},{"floor":25.0,"key":"Singing Bowl"},{"floor":26.0,"key":"Whetstone"},{"floor":37.0,"key":"Lizard Tail"},{"floor":39.0,"key":"Bag of Preparation"},{"floor":40.0,"key":"vexMod:ConsolationPrize"},{"floor":40.0,"key":"MawBank"},{"floor":42.0,"key":"White Beast Statue"},{"floor":42.0,"key":"Old Coin"},{"floor":43.0,"key":"MealTicket"},{"floor":44.0,"key":"conspire:TopHat"},{"floor":44.0,"key":"Dead Branch"}],"event_choices":[{"damage_healed":0.0,"max_hp_gain":0.0,"max_hp_loss":0.0,"gold_gain":0.0,"event_name":"Shining Light","player_choice":"Entered Light","floor":2.0,"gold_loss":0.0,"damage_taken":21.0,"cards_upgraded":["Zap","Strike_B"]},{"damage_healed":0.0,"max_hp_gain":0.0,"max_hp_loss":0.0,"gold_gain":0.0,"event_name":"Match and Keep!","player_choice":"2 cards matched","floor":3.0,"gold_loss":0.0,"damage_taken":0.0,"cards_obtained":["Fission","Self Repair"]},{"damage_healed":0.0,"max_hp_gain":0.0,"max_hp_loss":0.0,"gold_gain":0.0,"event_name":"Lab","player_choice":"Got Potions","floor":10.0,"gold_loss":0.0,"damage_taken":0.0},{"damage_healed":0.0,"max_hp_gain":0.0,"max_hp_loss":0.0,"gold_gain":0.0,"event_name":"N\u0027loth","player_choice":"Ignored","floor":22.0,"gold_loss":0.0,"damage_taken":0.0},{"cards_removed":["Strike_B"],"damage_healed":0.0,"max_hp_gain":0.0,"max_hp_loss":0.0,"gold_gain":0.0,"event_name":"Falling","player_choice":"Removed Attack","floor":36.0,"gold_loss":0.0,"damage_taken":0.0},{"damage_healed":0.0,"max_hp_gain":0.0,"max_hp_loss":0.0,"gold_gain":0.0,"event_name":"MindBloom","player_choice":"Fight","floor":37.0,"gold_loss":0.0,"damage_taken":0.0}],"is_beta":false,"boss_relics":[{"not_picked":["vexMod:BigBerry","Busted Crown"],"picked":"Black Star"},{"not_picked":["Sozu","Inserter"],"picked":"Runic Pyramid"}],"items_purged_floors":[5,38,48],"is_endless":false,"potions_floor_spawned":[1,4,8,16,19,31,33,37,40,42,44,45,46],"ascension_level":15}}