{"host":"87w2793jpavfbt1o","time":1608183707,"event":{"mods":["AchievementEnabler","Aspiration","BaseMod","Better Altar","Better Match","Better Note","Better Sensory Stone","Better Skull","Better Third Choice","Better Vampires","BetterRewards","Conspire","Displayed Cursed Tome","Downfall","Energized Spire","Filter the Spire","Halation","Highlight Path","Hubris","Infinite Spire","Marked Mod","Minty Spire (QoL Compilation)","Practice Mode","Prisma Mod","Relic Filter","Relic Sorter","Replay The Spire","SIMod","Shop Mod","StSLib","TestMod","??????REMEMod"],"gold_per_floor":[112,130,142,179,195,195,227,227,252,270,9,36,54,66,66,169,169,181,8,23,47,47,54,54],"floor_reached":23,"playtime":2830,"items_purged":[],"score":351,"play_id":"301278c0-1472-4b33-aff6-758e575fed37","local_time":"20201216214147","is_ascension_mode":true,"campfire_choices":[{"floor":6,"key":"RECALL"},{"data":"Crystallizer","floor":8,"key":"SMITH"},{"floor":15,"key":"REST"}],"circlet_count":0,"master_deck":["Strike_B","Strike_B","Strike_B","Strike_B","Defend_B","Defend_B","Defend_B","Defend_B","Zap","Dualcast","Reaper","REME_DataAnalysis","REME_DataAnalysis","Enlightenment","Crystallizer+1","Glacier","FIFO Queue","Sweeping Beam","Multi-Cast","Reinforced Body","Defragment","Melter","Doom and Gloom","Creative AI","Panic Button","Recycle","Fission","ReplayTheSpireMod:Reroute Power+1","Ball Lightning+1","Glass Knife"],"relics":["Cracked Core","REME_ComplimentaryCards","testmod-TestBox","testmod-CyclicPeriapt","White Beast Statue","halation:KoshaPiece","halation:SwordOfLegend","testmod-Antiphasic","hubris:OldNail","aspiration:TomeofQuesting","Replay:Lucky Slots","Pantograph"],"acts_visited":["Exordium","TheCity"],"potions_floor_usage":[3,5,7,7,7,12,13,14,16,16,20,20,21,23],"damage_taken":[{"damage":2,"enemies":"Small Slimes","floor":1,"turns":3},{"damage":0,"enemies":"2 Louse","floor":2,"turns":3},{"damage":0,"enemies":"Cultist","floor":3,"turns":3},{"damage":23,"enemies":"conspire:MimicChest","floor":4,"turns":5},{"damage":5,"enemies":"Lots of Slimes","floor":5,"turns":3},{"damage":19,"enemies":"Lagavulin","floor":7,"turns":6},{"damage":14,"enemies":"Large Slime","floor":10,"turns":5},{"damage":25,"enemies":"Replay:BlueRogue","floor":12,"turns":5},{"damage":1,"enemies":"Blue Slaver","floor":13,"turns":3},{"damage":5,"enemies":"Gremlin Gang","floor":14,"turns":3},{"damage":45,"enemies":"The Guardian","floor":16,"turns":9},{"damage":26,"enemies":"Chosen","floor":18,"turns":5},{"damage":7,"enemies":"3 Byrds","floor":20,"turns":5},{"damage":19,"enemies":"Centurion and Healer","floor":21,"turns":7},{"damage":70,"enemies":"Book of Stabbing","floor":23,"turns":5}],"seed_played":"2219879526272440523","potions_obtained":[{"floor":1,"key":"Fire Potion"},{"floor":2,"key":"ColorlessPotion"},{"floor":3,"key":"Venom Potion"},{"floor":4,"key":"Venom Potion"},{"floor":5,"key":"infinitespire:BlackPotion"},{"floor":7,"key":"Guardian:BlockOnCardUsePotion"},{"floor":10,"key":"CultistPotion"},{"floor":12,"key":"Strength Potion"},{"floor":13,"key":"Block Potion"},{"floor":14,"key":"Strength Potion"},{"floor":16,"key":"Explosive Potion"},{"floor":18,"key":"sneckomod:MuddlingPotion"},{"floor":20,"key":"Energy Potion"},{"floor":21,"key":"EssenceOfSteel"}],"is_trial":false,"path_per_floor":["M","M","M","?","M","R","E","R","T","M","$","E","M","M","R","B",null,"M","$","M","M","?","E"],"character_chosen":"DEFECT","items_purchased":["White Beast Statue","REME_DataAnalysis","Enlightenment","hubris:OldNail","Melter","Doom and Gloom","Replay:Lucky Slots"],"campfire_rested":1,"item_purchase_floors":[0,0,0,11,11,11,19],"current_hp_per_floor":[73,75,75,52,67,67,52,51,51,41,41,21,20,23,56,11,80,54,54,53,68,68,0,0],"gold":54,"neow_bonus":"","is_daily":false,"chose_seed":false,"campfire_upgraded":1,"win_rate":0.0,"timestamp":1608183707,"path_taken":["M","M","M","?","?","R","E","R","T","M","?","E","M","?","R","BOSS","M","?","M","?","?","E"],"items_purchased_type":["Relic","Card","Card","Relic","Card","Card","Relic"],"build_version":"2020-12-13","purchased_purges":0,"victory":false,"max_hp_per_floor":[75,75,75,75,75,75,75,75,75,75,75,80,80,80,80,80,80,80,80,80,80,80,80,80],"card_choices":[{"not_picked":["Coolheaded","Compile Driver"],"picked":"Crystallizer","floor":1},{"not_picked":["Redo","Coolheaded"],"picked":"Glacier","floor":2},{"not_picked":["FTL","Glacier"],"picked":"FIFO Queue","floor":3},{"not_picked":["Steam","Redo"],"picked":"Sweeping Beam","floor":4},{"not_picked":["Turbo","Barrage"],"picked":"Multi-Cast","floor":5},{"not_picked":["Cold Snap","Aggregate"],"picked":"Reinforced Body","floor":7},{"not_picked":["Rebound","Beam Cell"],"picked":"Defragment","floor":10},{"not_picked":["Sweeping Beam","Beam Cell"],"picked":"Creative AI","floor":12},{"not_picked":["ReplayTheSpireMod:Repulse","Rip and Tear"],"picked":"Panic Button","floor":13},{"not_picked":["Gash","Redo"],"picked":"Recycle","floor":14},{"not_picked":["hubris:DoWhile","ReplayTheSpireMod:Omega Cannon"],"picked":"Fission","floor":16},{"not_picked":["Hidden Blade","Reprogram+1","Streamline"],"picked":"ReplayTheSpireMod:Reroute Power+1","floor":18},{"not_picked":["Gash","Crippling Poison","Underhanded Strike+1"],"picked":"Ball Lightning+1","floor":20},{"not_picked":["Underhanded Strike","Dodge and Roll","ReplaySort"],"picked":"Glass Knife","floor":21}],"player_experience":630544,"relics_obtained":[{"floor":4,"key":"halation:KoshaPiece"},{"floor":7,"key":"halation:SwordOfLegend"},{"floor":9,"key":"testmod-Antiphasic"},{"floor":12,"key":"aspiration:TomeofQuesting"}],"event_choices":[{"damage_healed":0,"gold_gain":0,"player_choice":"Swap Relic","damage_taken":0,"relics_obtained":["Pantograph"],"max_hp_gain":0,"max_hp_loss":0,"event_name":"Box For Yourself","floor":22,"relics_lost":["aspiration:SilentSkillbook"],"gold_loss":0}],"is_beta":false,"boss_relics":[{"not_picked":["energizedSpire:OgreHead","Empty Cage"],"picked":"aspiration:SilentSkillbook"}],"items_purged_floors":[],"is_endless":false,"potions_floor_spawned":[1,2,3,4,5,7,10,12,13,14,16,18,20,21],"killed_by":"Book of Stabbing","ascension_level":3}}