{"host":"0azimyi6n3ugndj4","time":1608182519,"event":{"mods":["BaseMod","Bestiary","Conspire","Curses Come First","Defuse TimeMaze Blight","Hyrulean Relics","Infinite Spire","Minty Spire (QoL Compilation)","Relic Stats","Replay The Spire","StSLib","SuperFastMode","Uncapped","¡¼?Úª?ø«¡½REMEMod"],"gold_per_floor":[153,153,153,192,217,301,301,385,410,464,464,141,141,203,203,434,434,473,473,473,555,505,594,594,642,642,642,321,353,353],"floor_reached":29,"playtime":1767,"items_purged":["Eruption"],"score":748,"play_id":"08e43152-8b36-4404-938f-2a1333e4da76","local_time":"20201217142159","daily_mods":["Draft","Hoarder","Chimera","Shiny","Specialized","Vintage","ControlledChaos","Allstar","Diverse","Colorless Cards","Heirloom","Time Dilation","Flight","Binary","Elite Swarm","Lethality","Midas","Binary"],"is_ascension_mode":true,"campfire_choices":[{"floor":7,"key":"DIG"},{"floor":15,"key":"DIG"}],"circlet_count":0,"master_deck":["Demon Form","Wraith Form v2","Echo Form","DevaForm","AscendersBane","Survivor","Zap","Strike_R","Strike_G","Strike_B","Defend_R","Defend_G","Defend_P","Brilliance","Devotion","Replay:AllIn","LessonLearned","Vault","Alpha","Establishment","REME_WorshipGod","Replay:LoomingThreat","DeusExMachina","Judgement","ConjureBlade","REME_EmptyShield","MasterReality","Ragnarok","REME_CRH","Scrawl","Wish","Omniscience","SpiritShield","DevaForm","Hyperbeam","Machine Learning","Buffer","Mirror Shield+1","Seek","Echo Form","All For One","Reboot","Fission","Core Surge","Multi-Cast","Thunder Strike","Biased Cognition","REME_Shoggoth","Electrodynamics","ReplayRNGCard","ReplayTheSpireMod:Omega Cannon","Rainbow","Meteor Strike","ReplayTheSpireMod:Fabricate Wheel","Amplify","Creative AI","REME_ShadowForm","ReplayTheSpireMod:Necrosis","Corpse Explosion","Die Die Die","Atom Bomb","ReplayTheSpireMod:From All Sides","Adrenaline","Envenom","Doppelganger","Burst","Wraith Form v2","REME_SpectralBlade","Tools of the Trade","REME_CopyPotion","After Image","Poison Darts","A Thousand Cuts","Venomology","Replay:Bag of Tricks","Malaise","Phantasmal Killer","Night Terror","infinitespire:Neurotoxin","Unload","REME_GrazeFinale","Bullet Time","Storm of Steel","Glass Knife","Grand Finale","Double Tap","Demon Form","REME_ACTH","Fiend Fire","Eclipse","conspire:Purge","Berserk","Impervious","Juggernaut","Brutality","Demonic Infusion","conspire:HitWhereItHurts","Exhume","Offering","REME_Fury","Bludgeon","Feed","Replay:Many Hands","Limit Break","Corruption","Barricade","Hemogenesis","REME_TheLastStrike","Reaper","Immolate","Thinking Ahead","Metamorphosis","Master of Strategy","Magnetism","Chrysalis","Mayhem","REME_PuzzleBox","Secret Weapon","Midas Touch","ReplayTheSpireMod:Brewmster","REME_AllRoundStrike","Poisoned Strike","Sadistic Nature","Replay:Dark Deal","REME_Flogging","ReplayUltimateDefense","Transmutation+1","REME_BattleFury","HandOfGreed","ReplayTheSpireMod:Necrogeddon","Apotheosis","Panache","Violence","Secret Technique","The Bomb","Crow Ritual","REME_BuildACard","REME_ProfessionalPlagiarism","ReplayTheSpireMod:Repulse","ReplayTheSpireMod:Repulse","ReplayTheSpireMod:Repulse","ReplayTheSpireMod:Repulse","ReplayTheSpireMod:Repulse","ReplayTheSpireMod:Repulse","ReplayTheSpireMod:Repulse","ReplayTheSpireMod:Repulse","ReplayTheSpireMod:Repulse","ReplayTheSpireMod:Repulse","ReplayTheSpireMod:Repulse","ReplayTheSpireMod:Repulse","ReplayTheSpireMod:Repulse","ReplayTheSpireMod:Repulse","ReplayTheSpireMod:Repulse","BowlingBash","BowlingBash","BowlingBash","Clash","Clash","Clash","Sucker Punch","Sucker Punch","Sucker Punch","ReplayTheSpireMod:Tripwire","ReplayTheSpireMod:Tripwire","ReplayTheSpireMod:Tripwire","REME_FirmDetermination","REME_FirmDetermination","REME_FirmDetermination","Hidden Blade","Hidden Blade","Hidden Blade","Blade Dance","Blade Dance","Blade Dance","EmptyBody","EmptyBody","EmptyBody","Deadly Poison","Deadly Poison","Deadly Poison","Double Energy","Double Energy","Double Energy","Headbutt","Headbutt","Headbutt","CrushJoints","CrushJoints","CrushJoints","Clash","Clash","Clash","Turbo","Turbo","Turbo","Replay:ManipulateFuture","Replay:ManipulateFuture","Replay:ManipulateFuture","Eclipse","Eclipse","Eclipse","Eruption","Eruption","Eruption","conspire:SpireCoStock","conspire:SpireCoStock","conspire:SpireCoStock","Pot Of Greed","Pot Of Greed","Pot Of Greed","Pot Of Greed","Pot Of Greed","Pot Of Greed","Pot Of Greed","Pot Of Greed","Pot Of Greed","Pot Of Greed","Pot Of Greed","Pot Of Greed","Pot Of Greed","Pot Of Greed","Pot Of Greed","Pot Of Greed","Pot Of Greed","Pot Of Greed","Pot Of Greed","Pot Of Greed","Pot Of Greed","Pot Of Greed","Pot Of Greed","Pot Of Greed","Pot Of Greed","Pot Of Greed","Pot Of Greed","Pot Of Greed","Pot Of Greed","Pot Of Greed","Pot Of Greed","Pot Of Greed","Pot Of Greed","Pot Of Greed","Pot Of Greed","Pot Of Greed","Pot Of Greed","Pot Of Greed","Pot Of Greed","Pot Of Greed","Pot Of Greed","Pot Of Greed","Pot Of Greed","Pot Of Greed","Pot Of Greed","Pot Of Greed","Pot Of Greed","Pot Of Greed","Pot Of Greed","Pot Of Greed","Pot Of Greed","Pot Of Greed","Pot Of Greed","Pot Of Greed"],"relics":["Frozen Eye","Busted Crown","REME_ComplimentaryCards","Shovel","Happy Flower","Replay:M_SmolderingBlood","Singing Bowl","zeldaRelics:CourageTriforce","Orichalcum","zeldaRelics:WisdomTriforce","Gremlin Food","Golden Idol","Magic Flower","Pet Ghost","War Paint","SacredBark","conspire:TopHat","conspire:RunicOctahedron","infinitespire:Midas Blood","Replay:Towering Pillar of Hats","Strawberry","infinitespire:PuzzleCube","Toolbox","Grinning Jar"],"acts_visited":["Exordium","TheCity"],"potions_floor_usage":[23,25,25],"damage_taken":[{"damage":0,"enemies":"infinitespire:Voidling","floor":1,"turns":1},{"damage":0,"enemies":"Jaw Worm","floor":4,"turns":1},{"damage":47,"enemies":"3 Sentries","floor":6,"turns":4},{"damage":0,"enemies":"Replay:BlueRogue","floor":8,"turns":2},{"damage":0,"enemies":"Cultist","floor":10,"turns":2},{"damage":10,"enemies":"Exordium Wildlife","floor":14,"turns":3},{"damage":5,"enemies":"Fading Forest","floor":16,"turns":13},{"damage":18,"enemies":"Shell Parasite","floor":18,"turns":2},{"damage":73,"enemies":"3 Byrds","floor":21,"turns":3},{"damage":0,"enemies":"conspire:Head Lice","floor":23,"turns":4},{"damage":8,"enemies":"3 Cultists","floor":25,"turns":3},{"damage":20,"enemies":"conspire:HollyBat","floor":29,"turns":15}],"seed_played":"-7334208213827531947","potions_obtained":[{"floor":4,"key":"Dexterity Potion"},{"floor":8,"key":"BlessingOfTheForge"},{"floor":10,"key":"Block Potion"},{"floor":23,"key":"Swift Potion"},{"floor":25,"key":"Flashbang"}],"is_trial":true,"path_per_floor":["M","?","WH","M","T","E","R","E","T","M","?","$","?","M","R","B",null,"M","WH","AVR","M","?","E","?","M","T","?","$","M"],"character_chosen":"IRONCLAD","items_purchased":["Magic Flower","Toolbox","Grinning Jar"],"campfire_rested":0,"item_purchase_floors":[12,28,28],"current_hp_per_floor":[74,74,81,81,81,34,34,34,34,34,6,6,92,82,82,88,91,73,82,82,9,9,9,9,8,8,8,8,0,0],"gold":353,"neow_bonus":"TEN_PERCENT_HP_BONUS","is_daily":false,"chose_seed":false,"campfire_upgraded":0,"win_rate":0.0,"timestamp":1608182519,"path_taken":["?","?","WH","?","?","E","R","E","T","M","?","$","?","M","R","BOSS","M","WH","AVR","?","?","E","?","M","T","?","$","?"],"items_purchased_type":["Relic","Relic","Relic"],"build_version":"2020-12-13","purchased_purges":1,"victory":false,"max_hp_per_floor":[75,75,82,82,82,82,82,82,82,82,82,82,92,92,92,92,92,92,101,101,101,101,101,101,108,108,108,108,114,114],"relic_stats":{"Busted Crown":10,"Shovel":2,"Happy Flower":[17],"Singing Bowl":0,"counters":[12,53],"Golden Idol":41,"Magic Flower":[8],"Orichalcum":[96],"War Paint":["Transmutation","Mirror Shield"],"obtain_stats":[{"Singing Bowl":4,"SacredBark":17,"Magic Flower":12,"Burning Blood":0,"Pet Ghost":14,"conspire:TopHat":18,"zeldaRelics:WisdomTriforce":26,"Frozen Eye":0,"Shovel":0,"Replay:M_SmolderingBlood":2,"Strawberry":25,"Toolbox":28,"zeldaRelics:CouragePiece":5,"Gremlin Food":10,"zeldaRelics:WisdomPiece":9,"Happy Flower":1,"Replay:Towering Pillar of Hats":21,"Golden Idol":11,"conspire:RunicOctahedron":20,"Orichalcum":7,"War Paint":15,"zeldaRelics:CourageTriforce":8,"Busted Crown":0,"Grinning Jar":28,"infinitespire:PuzzleCube":27,"REME_ComplimentaryCards":0,"infinitespire:Midas Blood":20},{"Singing Bowl":2,"SacredBark":7,"Magic Flower":5,"Burning Blood":0,"Pet Ghost":6,"conspire:TopHat":8,"zeldaRelics:WisdomTriforce":11,"Frozen Eye":0,"Shovel":0,"Replay:M_SmolderingBlood":1,"Strawberry":11,"Toolbox":11,"zeldaRelics:CouragePiece":2,"Gremlin Food":5,"zeldaRelics:WisdomPiece":4,"Happy Flower":1,"Replay:Towering Pillar of Hats":9,"Golden Idol":5,"conspire:RunicOctahedron":8,"Orichalcum":3,"War Paint":6,"zeldaRelics:CourageTriforce":4,"Busted Crown":0,"Grinning Jar":11,"infinitespire:PuzzleCube":11,"REME_ComplimentaryCards":0,"infinitespire:Midas Blood":8},{"Singing Bowl":2,"SacredBark":26,"Magic Flower":10,"Burning Blood":0,"Pet Ghost":13,"conspire:TopHat":28,"zeldaRelics:WisdomTriforce":38,"Frozen Eye":0,"Shovel":0,"Replay:M_SmolderingBlood":1,"Strawberry":38,"Toolbox":38,"zeldaRelics:CouragePiece":2,"Gremlin Food":10,"zeldaRelics:WisdomPiece":8,"Happy Flower":1,"Replay:Towering Pillar of Hats":31,"Golden Idol":10,"conspire:RunicOctahedron":28,"Orichalcum":6,"War Paint":13,"zeldaRelics:CourageTriforce":8,"Busted Crown":0,"Grinning Jar":38,"infinitespire:PuzzleCube":38,"REME_ComplimentaryCards":0,"infinitespire:Midas Blood":28}]},"card_choices":[{"not_picked":["Vengeance","Coolheaded"],"picked":"BowlingBash","floor":0},{"not_picked":["ReplayTheSpireMod:Strike From Hell","Streamline"],"picked":"Clash","floor":0},{"not_picked":["Survey Options","Clothesline"],"picked":"Sucker Punch","floor":0},{"not_picked":["Heavy Blade","ReplayTheSpireMod:Strike From Hell"],"picked":"ReplayTheSpireMod:Tripwire","floor":0},{"not_picked":["Headbutt","Backflip"],"picked":"REME_FirmDetermination","floor":0},{"not_picked":["Flex","Heatsinks"],"picked":"Hidden Blade","floor":0},{"not_picked":["Shrug It Off","Gash"],"picked":"Blade Dance","floor":0},{"not_picked":["Dagger Spray","Ball Lightning"],"picked":"EmptyBody","floor":0},{"not_picked":["Dagger Throw","Poisoned Stab"],"picked":"Deadly Poison","floor":0},{"not_picked":["JustLucky","Calculated Gamble"],"picked":"Double Energy","floor":0},{"not_picked":["Streamline","Hologram"],"picked":"Headbutt","floor":0},{"not_picked":["FIFO Queue","Coolheaded"],"picked":"CrushJoints","floor":0},{"not_picked":["Turbo","Beam Cell"],"picked":"Clash","floor":0},{"not_picked":["ReplayTheSpireMod:The Works","Evaluate"],"picked":"Turbo","floor":0},{"not_picked":["Tactician","Body Slam"],"picked":"Replay:ManipulateFuture","floor":0}],"player_experience":1456177,"relics_obtained":[{"floor":1,"key":"Happy Flower"},{"floor":4,"key":"Singing Bowl"},{"floor":5,"key":"zeldaRelics:CouragePiece"},{"floor":6,"key":"zeldaRelics:CouragePiece"},{"floor":7,"key":"Orichalcum"},{"floor":8,"key":"zeldaRelics:CouragePiece"},{"floor":9,"key":"zeldaRelics:WisdomPiece"},{"floor":10,"key":"Gremlin Food"},{"floor":14,"key":"Pet Ghost"},{"floor":15,"key":"War Paint"},{"floor":18,"key":"conspire:TopHat"},{"floor":21,"key":"Replay:Towering Pillar of Hats"},{"floor":23,"key":"zeldaRelics:WisdomPiece"},{"floor":25,"key":"Strawberry"},{"floor":26,"key":"zeldaRelics:WisdomPiece"},{"floor":27,"key":"infinitespire:PuzzleCube"}],"event_choices":[{"damage_healed":0,"gold_gain":0,"player_choice":"Take Damage","damage_taken":28,"relics_obtained":["Golden Idol"],"max_hp_gain":0,"max_hp_loss":0,"event_name":"Golden Idol","floor":11,"gold_loss":0},{"cards_removed":["Blasphemy"],"damage_healed":76,"gold_gain":0,"player_choice":"Offered Rare","damage_taken":0,"max_hp_gain":10,"max_hp_loss":0,"event_name":"Bonfire Elementals","floor":13,"gold_loss":0},{"damage_healed":0,"gold_gain":0,"player_choice":"Invest 1","damage_taken":0,"max_hp_gain":0,"max_hp_loss":0,"event_name":"conspire:Investor","floor":22,"gold_loss":0},{"cards_removed":["REME_ForAll"],"damage_healed":0,"gold_gain":0,"player_choice":"Elegance","damage_taken":0,"max_hp_gain":0,"max_hp_loss":0,"event_name":"Back to Basics","floor":24,"gold_loss":0},{"damage_healed":0,"gold_gain":0,"player_choice":"Relic","damage_taken":0,"max_hp_gain":0,"max_hp_loss":0,"event_name":"Wheel of Change","floor":27,"gold_loss":0}],"is_beta":false,"boss_relics":[{"not_picked":["Sozu","conspire:SpecialSausage"],"picked":"SacredBark"}],"items_purged_floors":[20],"is_endless":false,"potions_floor_spawned":[4,8,10,23,25],"killed_by":"conspire:HollyBat","ascension_level":20}}