{"host":"Squid","time":1608231952,"event":{"mods":["BaseMod","Minty Spire (QoL Compilation)","StSLib"],"gold_per_floor":[13,33,308,319,34,34,63,63,144,155,7,21,21,46,46,144,144,156,172,185,185,41,41,41],"floor_reached":23,"playtime":794,"items_purged":["Regret"],"score":302,"play_id":"8330565c-cc2e-4219-8321-eaf87fd7ea52","local_time":"20201217140552","is_ascension_mode":true,"campfire_choices":[{"data":"Defragment","floor":6,"key":"SMITH"},{"floor":8,"key":"REST"},{"data":"Defragment","floor":13,"key":"SMITH"},{"data":"Defragment","floor":15,"key":"SMITH"}],"circlet_count":0,"master_deck":["AscendersBane","Strike_B","Strike_B","Strike_B","Strike_B","Defend_B","Defend_B","Defend_B","Defend_B","Zap","Dualcast","Hyperbeam","Defragment+1","Compile Driver","Ball Lightning","Defragment+1","Ball Lightning","Conserve Battery","Consume","Cold Snap","Self Repair","Defragment+1","Dark Shackles","Go for the Eyes","Hologram","Electrodynamics","Cold Snap","Loop+1"],"relics":["Cracked Core","Ancient Tea Set","Pantograph","Singing Bowl","Inserter","OrangePellets"],"acts_visited":["Exordium","TheCity"],"potions_floor_usage":[23],"damage_taken":[{"damage":7,"enemies":"Jaw Worm","floor":1,"turns":2},{"damage":5,"enemies":"Cultist","floor":2,"turns":4},{"damage":14,"enemies":"Small Slimes","floor":4,"turns":2},{"damage":23,"enemies":"Lagavulin","floor":7,"turns":5},{"damage":6,"enemies":"Looter","floor":10,"turns":3},{"damage":0,"enemies":"3 Louse","floor":12,"turns":3},{"damage":6,"enemies":"3 Sentries","floor":14,"turns":5},{"damage":24,"enemies":"Slime Boss","floor":16,"turns":6},{"damage":26,"enemies":"Shell Parasite","floor":18,"turns":4},{"damage":6,"enemies":"Chosen","floor":19,"turns":4},{"damage":8,"enemies":"3 Cultists","floor":20,"turns":3},{"damage":39,"enemies":"Book of Stabbing","floor":23,"turns":4}],"seed_played":"3089759172949306025","potions_obtained":[{"floor":1,"key":"ColorlessPotion"},{"floor":10,"key":"FearPotion"},{"floor":14,"key":"Fire Potion"},{"floor":19,"key":"DuplicationPotion"}],"is_trial":false,"path_per_floor":["M","M","?","M","$","R","E","R","T","M","$","M","R","E","R","B",null,"M","M","M","?","$","E"],"character_chosen":"DEFECT","items_purchased":["Defragment","Ball Lightning","Conserve Battery","Consume","Defragment","Dark Shackles","OrangePellets"],"campfire_rested":1,"item_purchase_floors":[5,5,5,5,11,11,22],"current_hp_per_floor":[61,56,56,42,42,42,19,41,41,35,35,35,35,36,36,44,67,41,42,36,36,36,0,0],"gold":41,"neow_bonus":"THREE_RARE_CARDS","is_daily":false,"chose_seed":false,"campfire_upgraded":3,"win_rate":0.0,"timestamp":1608231952,"path_taken":["M","M","?","?","$","R","E","R","T","M","$","M","R","E","R","BOSS","M","M","?","?","$","E"],"items_purchased_type":["Card","Card","Card","Card","Card","Card","Relic"],"build_version":"2020-12-07","purchased_purges":1,"victory":false,"max_hp_per_floor":[75,75,75,75,75,75,75,75,75,75,75,75,75,75,75,75,75,75,75,77,77,77,77,77],"card_choices":[{"not_picked":["Biased Cognition","Buffer"],"picked":"Hyperbeam","floor":0},{"not_picked":["Hello World","Steam"],"picked":"Defragment","floor":1},{"not_picked":["Streamline","Steam"],"picked":"Compile Driver","floor":2},{"not_picked":["Hologram","Loop"],"picked":"Ball Lightning","floor":4},{"not_picked":["Beam Cell","BootSequence"],"picked":"Cold Snap","floor":7},{"not_picked":["Leap","Hologram"],"picked":"Self Repair","floor":10},{"not_picked":["Turbo","Machine Learning"],"picked":"Go for the Eyes","floor":12},{"not_picked":["Gash","Barrage"],"picked":"Hologram","floor":14},{"not_picked":["Machine Learning","Hyperbeam"],"picked":"Electrodynamics","floor":16},{"not_picked":["Auto Shields","Conserve Battery"],"picked":"Cold Snap","floor":18},{"not_picked":["Self Repair","Sunder"],"picked":"Loop+1","floor":19},{"not_picked":["Redo","Reprogram","Rebound"],"picked":"Singing Bowl","floor":20}],"player_experience":833295,"relics_obtained":[{"floor":7,"key":"Ancient Tea Set"},{"floor":9,"key":"Pantograph"},{"floor":14,"key":"Singing Bowl"}],"event_choices":[{"damage_healed":0,"gold_gain":275,"player_choice":"Desecrate","damage_taken":0,"max_hp_gain":0,"max_hp_loss":0,"event_name":"Golden Shrine","floor":3,"gold_loss":0,"cards_obtained":["Regret"]},{"damage_healed":0,"gold_gain":0,"player_choice":"Ignored","damage_taken":0,"max_hp_gain":0,"max_hp_loss":0,"event_name":"Vampires","floor":21,"gold_loss":0}],"is_beta":true,"boss_relics":[{"not_picked":["Philosopher\u0027s Stone","Runic Dome"],"picked":"Inserter"}],"items_purged_floors":[5],"is_endless":false,"potions_floor_spawned":[1,10,14,19],"killed_by":"Book of Stabbing","ascension_level":10}}