{"host":"9lyygfw3yyz0l8df","time":1608248574,"event":{"mods":["BaseMod","Colored Powertips","Minty Spire (QoL Compilation)","Quick Restart"],"gold_per_floor":[109,284,359,370,335,335,360,370,449,193,225,240,240,240,240,240,240],"floor_reached":16,"playtime":1963,"items_purged":[],"score":113,"play_id":"3d6422fd-ed56-4b90-9aa1-1bc748ff60bf","local_time":"20201217184254","is_ascension_mode":true,"campfire_choices":[{"data":"Tools of the Trade","floor":6,"key":"SMITH"},{"floor":15,"key":"REST"}],"circlet_count":0,"master_deck":["Strike_G","Strike_G","Strike_G","Strike_G","Strike_G","Defend_G","Defend_G","Defend_G","Defend_G","Defend_G","Survivor","Neutralize","Tools of the Trade+1","Blade Dance","Doubt","Predator","Eviscerate","Eviscerate","Dagger Throw","Prepared"],"relics":["Ring of the Snake","Omamori","Mummified Hand","Matryoshka","Pen Nib","Ice Cream"],"acts_visited":["Exordium"],"potions_floor_usage":[11,12],"damage_taken":[{"damage":0,"enemies":"2 Louse","floor":1,"turns":3},{"damage":2,"enemies":"Small Slimes","floor":4,"turns":4},{"damage":15,"enemies":"3 Sentries","floor":7,"turns":10},{"damage":20,"enemies":"Jaw Worm","floor":8,"turns":4},{"damage":34,"enemies":"Lagavulin","floor":11,"turns":7},{"damage":0,"enemies":"3 Louse","floor":12,"turns":5},{"damage":29,"enemies":"The Guardian","floor":16,"turns":8}],"seed_played":"-3653392007039457896","potions_obtained":[{"floor":7,"key":"BlessingOfTheForge"},{"floor":8,"key":"BlessingOfTheForge"}],"is_trial":false,"path_per_floor":["M","?","?","M","?","R","E","M","T","$","E","M","?","?","R","B"],"character_chosen":"THE_SILENT","items_purchased":["Matryoshka"],"campfire_rested":1,"item_purchase_floors":[10],"current_hp_per_floor":[70,70,59,57,70,70,55,35,35,35,1,1,18,6,27,0,0],"gold":240,"neow_bonus":"ONE_RANDOM_RARE_CARD","is_daily":false,"chose_seed":false,"campfire_upgraded":1,"win_rate":0.0,"timestamp":1608248574,"path_taken":["M","?","?","M","?","R","E","M","T","$","E","M","?","?","R","BOSS"],"items_purchased_type":["Relic"],"build_version":"2020-12-13","purchased_purges":0,"victory":false,"max_hp_per_floor":[70,70,70,70,70,70,70,70,70,70,70,70,70,70,70,70,70],"card_choices":[{"not_picked":["Crippling Poison","Poisoned Stab"],"picked":"Blade Dance","floor":1},{"not_picked":["Setup","Dagger Spray"],"picked":"Predator","floor":4},{"not_picked":["Deadly Poison","Bane"],"picked":"Eviscerate","floor":7},{"not_picked":["Deflect","Poisoned Stab"],"picked":"Eviscerate","floor":8},{"not_picked":["Heel Hook","Dodge and Roll"],"picked":"Dagger Throw","floor":11},{"not_picked":["Flying Knee","Underhanded Strike"],"picked":"Prepared","floor":12}],"player_experience":186780,"relics_obtained":[{"floor":7,"key":"Omamori"},{"floor":9,"key":"Mummified Hand"},{"floor":11,"key":"Pen Nib"}],"event_choices":[{"damage_healed":0,"gold_gain":175,"player_choice":"AGREE","damage_taken":0,"max_hp_gain":0,"max_hp_loss":0,"event_name":"Liars Game","floor":2,"gold_loss":0,"cards_obtained":["Doubt"]},{"damage_healed":0,"gold_gain":75,"player_choice":"Gather Gold","damage_taken":11,"max_hp_gain":0,"max_hp_loss":0,"event_name":"World of Goop","floor":3,"gold_loss":0},{"damage_healed":17,"gold_gain":0,"player_choice":"Healed","damage_taken":0,"max_hp_gain":0,"max_hp_loss":0,"event_name":"The Cleric","floor":5,"gold_loss":35},{"damage_healed":17,"gold_gain":0,"player_choice":"Healed and dodged fight","damage_taken":0,"max_hp_gain":0,"max_hp_loss":0,"event_name":"Mushrooms","floor":13,"gold_loss":0,"cards_obtained":["Parasite"]},{"damage_healed":0,"gold_gain":0,"player_choice":"Success","damage_taken":12,"relics_obtained":["Ice Cream"],"max_hp_gain":0,"max_hp_loss":0,"event_name":"Scrap Ooze","floor":14,"gold_loss":0}],"is_beta":false,"boss_relics":[],"items_purged_floors":[],"is_endless":false,"potions_floor_spawned":[7,8],"killed_by":"The Guardian","ascension_level":1}}