{"host":"11728qvdvolffudn","time":1608207767,"event":{"mods":["BaseMod","Block Reminder","Colored Powertips","Custom Start","Displayed Cursed Tome","Highlight Path","Minty Spire (QoL Compilation)","Permanent Neow","Quick Restart","Rare Cards Sparkle","Relic Stats"],"gold_per_floor":[113,38,53,3,3,3,3,44,44,44,44,44,59,59,59,59,59],"floor_reached":16,"playtime":435,"items_purged":["Strike_R"],"score":96,"play_id":"343e53db-7a12-4bd1-a33e-70df99140edb","local_time":"20201217122247","is_ascension_mode":false,"campfire_choices":[{"data":"Whirlwind","floor":7,"key":"SMITH"},{"data":"Limit Break","floor":10,"key":"SMITH"},{"data":"Defend_R","floor":12,"key":"SMITH"},{"floor":15,"key":"REST"}],"circlet_count":0,"master_deck":["Strike_R","Strike_R","Strike_R","Defend_R+1","Defend_R","Defend_R","Defend_R","Bash","Whirlwind+1","Limit Break+1"],"relics":["Burning Blood","Golden Idol","Bag of Preparation","Bag of Marbles","Thread and Needle","Pen Nib"],"acts_visited":["Exordium"],"potions_floor_usage":[16],"damage_taken":[{"damage":6,"enemies":"2 Louse","floor":1,"turns":2},{"damage":6,"enemies":"Jaw Worm","floor":3,"turns":3},{"damage":26,"enemies":"3 Sentries","floor":8,"turns":6},{"damage":0,"enemies":"Cultist","floor":13,"turns":3},{"damage":63,"enemies":"Hexaghost","floor":16,"turns":9}],"seed_played":"-4199458163897183361","potions_obtained":[{"floor":1,"key":"FearPotion"}],"is_trial":false,"path_per_floor":["M","$","M","?","?","?","R","E","T","R","$","R","M","?","R","B"],"character_chosen":"IRONCLAD","items_purchased":[],"campfire_rested":1,"item_purchase_floors":[],"current_hp_per_floor":[80,80,80,80,60,53,53,33,33,33,33,33,39,39,63,0,0],"gold":59,"neow_bonus":"THREE_CARDS","is_daily":false,"chose_seed":false,"campfire_upgraded":3,"win_rate":0.0,"timestamp":1608207767,"path_taken":["M","$","M","?","?","?","R","E","T","R","$","R","?","?","R","BOSS"],"items_purchased_type":[],"build_version":"2020-12-13","purchased_purges":1,"victory":false,"max_hp_per_floor":[80,80,80,80,80,80,80,80,80,80,80,80,80,80,80,80,80],"relic_stats":{"counters":[5,23],"Golden Idol":11,"Pen Nib":[1],"Bag of Preparation":[6],"obtain_stats":[{"Golden Idol":5,"Thread and Needle":9,"Pen Nib":14,"Bag of Preparation":6,"Bag of Marbles":8,"Burning Blood":0},{"Golden Idol":2,"Thread and Needle":3,"Pen Nib":4,"Bag of Preparation":2,"Bag of Marbles":3,"Burning Blood":0},{"Golden Idol":5,"Thread and Needle":11,"Pen Nib":14,"Bag of Preparation":5,"Bag of Marbles":11,"Burning Blood":0}],"Burning Blood":24},"card_choices":[{"not_picked":["Body Slam","Twin Strike"],"picked":"Whirlwind","floor":0},{"not_picked":["Fire Breathing","Heavy Blade","Warcry"],"picked":"SKIP","floor":1},{"not_picked":["Clothesline","Havoc","Feel No Pain"],"picked":"SKIP","floor":3},{"not_picked":["Twin Strike","Anger"],"picked":"Limit Break","floor":8},{"not_picked":["Armaments","Sever Soul","Sword Boomerang"],"picked":"SKIP","floor":13}],"player_experience":126522,"relics_obtained":[{"floor":8,"key":"Bag of Marbles"},{"floor":9,"key":"Thread and Needle"}],"event_choices":[{"cards_removed":["Strike_R"],"damage_healed":0,"gold_gain":0,"player_choice":"Card Removal","damage_taken":0,"max_hp_gain":0,"max_hp_loss":0,"event_name":"The Cleric","floor":4,"gold_loss":50},{"damage_healed":0,"gold_gain":0,"player_choice":"Take Damage","damage_taken":20,"relics_obtained":["Golden Idol"],"max_hp_gain":0,"max_hp_loss":0,"event_name":"Golden Idol","floor":5,"gold_loss":0},{"damage_healed":0,"gold_gain":0,"player_choice":"Success","damage_taken":7,"relics_obtained":["Bag of Preparation"],"max_hp_gain":0,"max_hp_loss":0,"event_name":"Scrap Ooze","floor":6,"gold_loss":0},{"damage_healed":0,"gold_gain":0,"player_choice":"Searched \u00271\u0027 times","damage_taken":0,"relics_obtained":["Pen Nib"],"max_hp_gain":0,"max_hp_loss":0,"event_name":"Dead Adventurer","floor":14,"gold_loss":0}],"is_beta":false,"boss_relics":[],"items_purged_floors":[2],"is_endless":false,"potions_floor_spawned":[1],"killed_by":"Hexaghost","ascension_level":0}}