{"host":"usewcu4ohw2wtmxk","time":1608235246,"event":{"mods":["AchievementEnabler","BaseMod","BetterRewards","Colored Powertips","Minty Spire (QoL Compilation)","Permanent Neow","Quick Restart","Relic Sorter","Relic Stats","Shop Mod","StSLib"],"gold_per_floor":[10,10,27,27,37,37,53,86,86,86,100,125,135,149,149,149,149],"floor_reached":16,"playtime":388,"items_purged":[],"score":228,"play_id":"cba85dfa-d1e8-4bb3-ab2d-dd9c54319e4f","local_time":"20201218040046","is_ascension_mode":true,"campfire_choices":[{"data":"Storm of Steel","floor":6.0,"key":"SMITH"},{"data":"Blade Dance","floor":10,"key":"SMITH"},{"data":"Noxious Fumes","floor":15,"key":"SMITH"}],"circlet_count":0,"master_deck":["AscendersBane","Strike_G","Strike_G","Strike_G","Strike_G","Strike_G","Defend_G","Defend_G","Defend_G","Defend_G","Defend_G","Survivor","Neutralize","Glass Knife","Noxious Fumes+1","Storm of Steel+1","Infinite Blades","Acrobatics","Blade Dance+1","Backstab","Backflip"],"relics":["Ring of the Snake","Omamori","Strawberry","Question Card"],"acts_visited":["Exordium"],"potions_floor_usage":[8,14,16],"damage_taken":[{"damage":0.0,"enemies":"Jaw Worm","floor":1.0,"turns":4.0},{"damage":0.0,"enemies":"Cultist","floor":3.0,"turns":3.0},{"damage":0.0,"enemies":"2 Louse","floor":5.0,"turns":2.0},{"damage":4.0,"enemies":"Exordium Wildlife","floor":7.0,"turns":5.0},{"damage":17,"enemies":"3 Sentries","floor":8,"turns":6},{"damage":0,"enemies":"Large Slime","floor":11,"turns":4},{"damage":27,"enemies":"Lagavulin","floor":12,"turns":5},{"damage":1,"enemies":"Red Slaver","floor":13,"turns":3},{"damage":0,"enemies":"Gremlin Gang","floor":14,"turns":4},{"damage":19,"enemies":"The Guardian","floor":16,"turns":5}],"seed_played":"-5434792570269673001","potions_obtained":[{"floor":1.0,"key":"FearPotion"},{"floor":5.0,"key":"Block Potion"},{"floor":14,"key":"AttackPotion"}],"is_trial":false,"path_per_floor":["M","?","M","$","M","R","M","E","T","R","M","E","M","M","R","B"],"character_chosen":"THE_SILENT","items_purchased":[],"campfire_rested":0,"item_purchase_floors":[],"current_hp_per_floor":[59,59,59,59,59,59,55,38,45,45,45,18,17,17,17,0,0],"gold":149,"neow_bonus":"THREE_RARE_CARDS","is_daily":false,"chose_seed":false,"campfire_upgraded":3,"win_rate":0.0,"timestamp":1608235246,"path_taken":["M","?","M","?","?","R","M","E","T","R","M","E","M","M","R","BOSS"],"items_purchased_type":[],"build_version":"2020-12-13","purchased_purges":0,"victory":false,"max_hp_per_floor":[66,66,66,66,66,66,66,66,73,73,73,73,73,73,73,73,73],"relic_stats":{"counters":[10,41],"Question Card":2,"obtain_stats":[{"Strawberry":9,"Omamori":8,"Question Card":12,"Ring of the Snake":0},{"Strawberry":5,"Omamori":5,"Question Card":7,"Ring of the Snake":0},{"Strawberry":20,"Omamori":20,"Question Card":29,"Ring of the Snake":0}],"Ring of the Snake":[20]},"card_choices":[{"not_picked":["Venomology","Storm of Steel"],"picked":"Glass Knife","floor":0.0},{"not_picked":["Caltrops","Acrobatics"],"picked":"Noxious Fumes","floor":1.0},{"not_picked":["Flechettes","PiercingWail"],"picked":"Infinite Blades","floor":3.0},{"not_picked":["Dagger Spray","Poisoned Stab"],"picked":"Acrobatics","floor":5.0},{"not_picked":["Escape Plan","Sucker Punch"],"picked":"Blade Dance","floor":7.0},{"not_picked":["Cloak And Dagger","Bane","Tools of the Trade"],"picked":"SKIP","floor":8},{"not_picked":["Expertise","Noxious Fumes","Catalyst"],"picked":"SKIP","floor":11},{"not_picked":["Dodge and Roll","Backstab","Cloak And Dagger"],"picked":"SKIP","floor":12},{"not_picked":["Dodge and Roll","Cloak And Dagger"],"picked":"Backstab","floor":12},{"not_picked":["Setup","Choke","Outmaneuver","Flying Knee"],"picked":"SKIP","floor":13},{"not_picked":["Dodge and Roll","Dagger Throw","Underhanded Strike"],"picked":"Backflip","floor":14}],"player_experience":283843,"relics_obtained":[{"floor":8,"key":"Omamori"},{"floor":9,"key":"Strawberry"},{"floor":12,"key":"Question Card"}],"event_choices":[{"damage_healed":0.0,"max_hp_gain":0.0,"max_hp_loss":0.0,"gold_gain":0.0,"event_name":"Match and Keep!","player_choice":"1 cards matched","floor":2.0,"gold_loss":0.0,"damage_taken":0.0,"cards_obtained":["Storm of Steel"]}],"is_beta":false,"boss_relics":[],"items_purged_floors":[],"is_endless":false,"potions_floor_spawned":[1,5,7,14],"killed_by":"The Guardian","ascension_level":20}}