{"host":"dwyzfvnzfcqffr30","time":1608200032,"event":{"mods":["2.2 Compatiblity","Act Like it!","BaseMod","Beaked The Cultist","Better Altar","Better Sensory Stone","Better Third Choice","Clockwork Mod","Colored Map","Colored Powertips","Conspire","Downfall","Elementarium","GifTheSpireLib","Halation","Hermit","Hubris","Jedi Mod","Menagerie","Mimic Mod","Minty Spire (QoL Compilation)","Permanent Neow","Random Character Button","Replay The Spire","Spicy Shops","StSLib","Stuff the Spire","The Construct","The Druid","TheFirefly","Trackpad","vexMod"],"gold_per_floor":[365,365,383,383,401,426,437,437,437,525,540,571,587,606,606,708,708,724,736,736,736,105,130,162,162,162,162,86,120,137,157,157,262,262,292,292,305,317,317,317,347,380,380,419,435,435,449,18,18,25,25,25,332,774,838],"floor_reached":56,"playtime":4633,"items_purged":["hermit:Strike_Hermit+1","hermit:DeadOrAlive+1"],"score":1359,"play_id":"a48435cc-9cf5-4968-86db-5ec598cdfbae","local_time":"20201217021352","is_ascension_mode":false,"campfire_choices":[{"floor":8,"key":"REST"},{"floor":15,"key":"REST"},{"floor":25,"key":"REST"},{"floor":27,"key":"REST"},{"floor":32,"key":"REST"},{"floor":40,"key":"REST"},{"floor":46,"key":"REST"},{"floor":49,"key":"RECALL"}],"circlet_count":0,"master_deck":["Specialist+1","hermit:Strike_Hermit+1","hermit:Strike_Hermit+1","hermit:Strike_Hermit+1","hermit:Defend_Hermit+1","hermit:Defend_Hermit+1","hermit:Defend_Hermit+1","hermit:Defend_Hermit+1","hermit:Snapshot+1","hermit:Covet+1","MasterReality+1","hermit:Headshot+1","hermit:Horror+1","hermit:SprayPray+1","hermit:TrackingShot+1","hermit:Combo+1","ReplayTheSpireMod:Splinters","hermit:LowProfile+1","hermit:BigShot+1","hermit:Ricochet+1","hermit:Grudge+1","hermit:ShadowCloak+1","hermit:Determination+1","hermit:Dissolve+1","hermit:GhostlyPresence+1","hermit:Quickdraw+1","Spreading Infection","hermit:TakeAim+1","hermit:Dive+1","hermit:EternalForm+1","Madness+1","Madness+1","hermit:BigShot+1","hermit:Scavenge+1","hermit:Determination+1","Menagerie:LightningBolt+1"],"relics":["hermit:Momento","Bottled Tornado","Quantum Egg","Frozen Egg 2","Toxic Egg 2","Molten Egg 2","Black Star","Juzu Bracelet","trackpad:AdjectivePendant","Peace Pipe","Potion Belt","SlaversCollar","Kunai","Ring of Hypnosis","ReplayTheSpireMod:Ring of Addiction","hubris:EmptyBottle","Chameleon Ring","Bag of Marbles","jedi:archwizardhat","Sling","Turnip","ReplayTheSpireMod:TigerMarble","Elementarium:GoldenMirage","trackpad:ZombieHeart","Oddly Smooth Stone","Blue Candle","Elementarium:ElementariumTrophy","Cursed Key","halation:EternalFortune","halation:BlackBeret","Omamori","conspire:Boomerang","Sundial","jedi:heavyjacket","vexMod:GhostlyGear","trackpad:ByrdBGone","hubris:NiceRug","halation:IllGainedPizza","StuffTheSpire:Saxophone","Gremlin Horn","jedi:windupbox","StuffTheSpire:Mouthbags"],"acts_visited":["Menagerie:Menagerie","Elementarium:Elementarium","TheBeyond","TheEnding"],"potions_floor_usage":[7,19,23,23,23,29,29,31,33,37,38,41,41,44,47,50,50,53,53,54,55,55,55,55,55,55,55],"damage_taken":[{"damage":0,"enemies":"Menagerie:2_RABBITS","floor":1,"turns":3},{"damage":0,"enemies":"Menagerie:StygianBoar","floor":3,"turns":2},{"damage":0,"enemies":"Menagerie:MonstrousExperiment","floor":5,"turns":2},{"damage":13,"enemies":"Menagerie:VoidReaper","floor":6,"turns":4},{"damage":0,"enemies":"Menagerie:Hexasnake","floor":7,"turns":2},{"damage":9,"enemies":"Menagerie:MeltingSalamander","floor":11,"turns":3},{"damage":20,"enemies":"Menagerie:MaskedSummoner","floor":12,"turns":8},{"damage":0,"enemies":"Menagerie:3_RABBITS","floor":13,"turns":4},{"damage":3,"enemies":"Menagerie:EntropyWarlock","floor":14,"turns":3},{"damage":4,"enemies":"Menagerie:Chimera","floor":16,"turns":7},{"damage":5,"enemies":"Elementarium:Cyclone","floor":18,"turns":3},{"damage":0,"enemies":"Elementarium:2_ELEMENTALS","floor":19,"turns":3},{"damage":12,"enemies":"Elementarium:ElementalPortal","floor":23,"turns":5},{"damage":21,"enemies":"Elementarium:GOLDEN_STATUES","floor":24,"turns":4},{"damage":9,"enemies":"Elementarium:FIRE_NOBILITY","floor":29,"turns":5},{"damage":9,"enemies":"Elementarium:STONE_GOLEMS","floor":30,"turns":3},{"damage":29,"enemies":"Elementarium:VoidBeast","floor":31,"turns":4},{"damage":22,"enemies":"Elementarium:GolemEmperor","floor":33,"turns":13},{"damage":0,"enemies":"3 Shapes","floor":35,"turns":2},{"damage":13,"enemies":"Orb Walker","floor":37,"turns":3},{"damage":19,"enemies":"3 Darklings","floor":38,"turns":3},{"damage":4,"enemies":"R_Hoarder","floor":41,"turns":5},{"damage":13,"enemies":"Maw","floor":42,"turns":4},{"damage":26,"enemies":"Giant Head","floor":44,"turns":6},{"damage":8,"enemies":"Jaw Worm Horde","floor":45,"turns":4},{"damage":8,"enemies":"4 Shapes","floor":47,"turns":5},{"damage":61,"enemies":"Awakened One","floor":50,"turns":9},{"damage":174,"enemies":"hubris:Merchant","floor":53,"turns":8},{"damage":22,"enemies":"Shield and Spear","floor":54,"turns":10},{"damage":5,"enemies":"The Heart","floor":55,"turns":5}],"seed_played":"4269255737912401641","potions_obtained":[{"floor":3,"key":"Fruit Juice"},{"floor":16,"key":"Adrenaline Potion"},{"floor":18,"key":"jedi:wingpotion"},{"floor":21,"key":"FearPotion"},{"floor":21,"key":"hermit:Tonic"},{"floor":21,"key":"PowerPotion"},{"floor":23,"key":"PowerPotion"},{"floor":33,"key":"FearPotion"},{"floor":37,"key":"Swift Potion"},{"floor":41,"key":"PowerPotion"},{"floor":47,"key":"AttackPotion"},{"floor":52,"key":"Reflective Coating"},{"floor":52,"key":"conspire:TimeTravelPotion"},{"floor":53,"key":"hexamod:EctoCoolerPotion"},{"floor":53,"key":"AttackPotion"},{"floor":53,"key":"Adrenaline Potion"}],"is_trial":false,"path_per_floor":["M","?","M","?","M","E","M","R","T","?","M","E","M","M","R","B",null,"M","M","?","?","$","E","?","R","T","R","$","E","M","M","R","B",null,"M","?","M","M","?","R","E","M","T","E","M","R","M","$","R","B",null,"R","$","E","B",null],"character_chosen":"HERMIT","items_purchased":["Bag of Marbles","jedi:archwizardhat","Sling","hermit:TakeAim+1","vexMod:GhostlyGear","trackpad:ByrdBGone"],"campfire_rested":7,"item_purchase_floors":[22,22,22,28,48,48],"current_hp_per_floor":[68,68,68,68,68,55,60,73,73,73,64,44,44,41,62,58,73,68,68,68,68,68,56,35,56,56,71,71,64,57,29,51,30,77,80,70,58,45,48,74,77,65,65,40,35,63,59,59,59,3,103,103,27,9,5],"gold":838,"neow_bonus":"TWO_FIFTY_GOLD","is_daily":false,"chose_seed":false,"campfire_upgraded":0,"win_rate":0.0,"timestamp":1608200032,"path_taken":["M","?","M","?","M","E","M","R","T","?","M","E","M","M","R","BOSS","M","M","?","?","$","E","?","R","T","R","$","E","M","M","R","BOSS","M","?","M","M","?","R","E","M","T","E","M","R","M","$","R","BOSS","R","$","E","BOSS"],"items_purchased_type":["Relic","Relic","Relic","Card","Relic","Relic"],"build_version":"2020-12-13","purchased_purges":2,"victory":true,"max_hp_per_floor":[68,68,68,68,68,68,73,73,73,73,73,73,73,73,73,73,73,73,73,73,73,73,73,73,73,73,71,71,73,75,76,76,77,77,80,80,79,85,88,88,89,90,90,91,94,94,98,98,98,103,103,103,109,113,114],"card_choices":[{"not_picked":["hermit:Manifest+1","hermit:Vantage+1"],"picked":"hermit:Headshot+1","floor":1},{"not_picked":["Menagerie:MirarisWake+1","Menagerie:Foresee+1"],"picked":"Menagerie:LightningBolt+1","floor":2},{"not_picked":["hermit:FlashPowder+1","hermit:LowProfile+1"],"picked":"hermit:Horror+1","floor":3},{"not_picked":["hermit:Headshot+1","hermit:Misfire+1"],"picked":"hermit:SprayPray+1","floor":5},{"not_picked":["hermit:Misfire+1","hermit:DeadMansHand+1"],"picked":"hermit:TrackingShot+1","floor":6},{"not_picked":["hermit:Coalescence+1","hermit:GhostlyPresence+1"],"picked":"hermit:Combo+1","floor":7},{"not_picked":["hermit:NoHoldsBarred+1","hermit:Misfire+1"],"picked":"hermit:LowProfile+1","floor":10},{"not_picked":["hermit:NoHoldsBarred+1","hermit:Misfire+1"],"picked":"hermit:BigShot+1","floor":10},{"not_picked":["hermit:Feint+1","hermit:Headshot+1"],"picked":"hermit:Ricochet+1","floor":11},{"not_picked":["hermit:Maintenance+1","hermit:Headshot+1"],"picked":"hermit:Grudge+1","floor":12},{"not_picked":["hermit:ItchyTrigger+1","hermit:LoneWolf+1"],"picked":"hermit:ShadowCloak+1","floor":13},{"not_picked":["hermit:Combo+1","hermit:Manifest+1"],"picked":"hermit:Determination+1","floor":14},{"not_picked":["hermit:HeroicBravado+1","hermit:RoundhouseKick+1"],"picked":"hermit:Dissolve+1","floor":16},{"not_picked":["hermit:LowProfile+1","hermit:Desperado+1"],"picked":"hermit:GhostlyPresence+1","floor":18},{"not_picked":["hermit:Horror+1","hermit:Misfire+1"],"picked":"hermit:Quickdraw+1","floor":19},{"not_picked":["hermit:TrackingShot+1","hermit:BodyArmor+1","hermit:SprayPray+1"],"picked":"SKIP","floor":23},{"not_picked":["hermit:FlashPowder+1","hermit:WideOpen+1"],"picked":"hermit:Dive+1","floor":29},{"not_picked":["hermit:Cheat+1","hermit:Headshot+1","hermit:HoleUp+1"],"picked":"SKIP","floor":30},{"not_picked":["hermit:TrackingShot+1","hermit:Gestalt+1"],"picked":"hermit:DeadOrAlive+1","floor":31},{"not_picked":["hermit:FatalDesire+1","hermit:Adapt+1"],"picked":"hermit:EternalForm+1","floor":33},{"not_picked":["hermit:ItchyTrigger+1","hermit:Headshot+1","hermit:HighCaliber+1"],"picked":"SKIP","floor":35},{"not_picked":["hermit:LowProfile+1","hermit:HighNoon+1","hermit:HoleUp+1"],"picked":"SKIP","floor":37},{"not_picked":["hermit:WideOpen+1","hermit:Desperado+1"],"picked":"hermit:BigShot+1","floor":38},{"not_picked":["hermit:LowProfile+1","hermit:SprayPray+1"],"picked":"hermit:Scavenge+1","floor":41},{"not_picked":["hermit:SprayPray+1","hermit:HoleUp+1","hermit:TakeAim+1"],"picked":"SKIP","floor":42},{"not_picked":["hermit:DeadMansHand+1","hermit:Misfire+1","hermit:Quickdraw+1"],"picked":"SKIP","floor":44},{"not_picked":["hermit:Cheat+1","hermit:FullyLoaded+1"],"picked":"hermit:Determination+1","floor":45},{"not_picked":["hermit:Enervate+1","hermit:HighCaliber+1","hermit:Misfire+1"],"picked":"SKIP","floor":47},{"not_picked":["hermit:NoHoldsBarred+1"],"picked":"SKIP","floor":53},{"not_picked":["hermit:CursedWeapon+1"],"picked":"SKIP","floor":53},{"not_picked":["hermit:Feint+1"],"picked":"SKIP","floor":53},{"not_picked":["hermit:BodyArmor+1"],"picked":"SKIP","floor":53},{"not_picked":["hermit:Brawl+1"],"picked":"SKIP","floor":53},{"not_picked":["Madness+1"],"picked":"SKIP","floor":53},{"not_picked":["Secret Technique+1"],"picked":"SKIP","floor":53},{"not_picked":["hermit:Desperado+1","hermit:Grudge+1","hermit:Scavenge+1"],"picked":"SKIP","floor":54}],"player_experience":1986971,"relics_obtained":[{"floor":6,"key":"trackpad:AdjectivePendant"},{"floor":12,"key":"Peace Pipe"},{"floor":12,"key":"Potion Belt"},{"floor":21,"key":"Ring of Hypnosis"},{"floor":21,"key":"ReplayTheSpireMod:Ring of Addiction"},{"floor":21,"key":"hubris:EmptyBottle"},{"floor":21,"key":"Chameleon Ring"},{"floor":23,"key":"Turnip"},{"floor":23,"key":"ReplayTheSpireMod:TigerMarble"},{"floor":24,"key":"Elementarium:GoldenMirage"},{"floor":26,"key":"trackpad:ZombieHeart"},{"floor":29,"key":"Oddly Smooth Stone"},{"floor":29,"key":"Blue Candle"},{"floor":41,"key":"halation:BlackBeret"},{"floor":41,"key":"Omamori"},{"floor":43,"key":"conspire:Boomerang"},{"floor":44,"key":"Sundial"},{"floor":44,"key":"jedi:heavyjacket"},{"floor":53,"key":"halation:IllGainedPizza"},{"floor":53,"key":"StuffTheSpire:Saxophone"},{"floor":53,"key":"Gremlin Horn"},{"floor":53,"key":"jedi:windupbox"},{"floor":53,"key":"halation:EternalFortune"},{"floor":54,"key":"StuffTheSpire:Mouthbags"}],"event_choices":[{"damage_healed":0,"gold_gain":0,"player_choice":"Simplicity","damage_taken":0,"max_hp_gain":0,"max_hp_loss":8,"event_name":"betterThird:BetterWriting","floor":0,"gold_loss":0},{"damage_healed":0,"gold_gain":0,"player_choice":"Upgraded","damage_taken":0,"max_hp_gain":0,"max_hp_loss":0,"event_name":"Upgrade Shrine","floor":0,"gold_loss":0,"cards_upgraded":["hermit:Snapshot"]},{"damage_healed":0,"gold_gain":0,"player_choice":"Upgraded","damage_taken":0,"max_hp_gain":0,"max_hp_loss":0,"event_name":"Upgrade Shrine","floor":0,"gold_loss":0,"cards_upgraded":["hermit:Covet"]},{"damage_healed":0,"gold_gain":0,"player_choice":"Peek","damage_taken":0,"max_hp_gain":0,"max_hp_loss":0,"event_name":"Menagerie:OvergrownLibrary","floor":2,"gold_loss":0},{"damage_healed":0,"gold_gain":0,"player_choice":"Ignored","damage_taken":0,"max_hp_gain":0,"max_hp_loss":0,"event_name":"Menagerie:CorruptingLight","floor":4,"gold_loss":0},{"damage_healed":0,"gold_gain":0,"player_choice":"Fight","damage_taken":0,"max_hp_gain":0,"max_hp_loss":0,"event_name":"Elementarium:GoldenStatues","floor":24,"gold_loss":0},{"damage_healed":0,"gold_gain":0,"player_choice":"Embrace Madness","damage_taken":10,"max_hp_gain":0,"max_hp_loss":0,"event_name":"Winding Halls","floor":36,"gold_loss":0,"cards_obtained":["Madness","Madness"]}],"is_beta":false,"boss_relics":[{"not_picked":["halation:SmartPhone","trackpad:StolenKidneys"],"picked":"SlaversCollar"},{"not_picked":["Replay:Bronze Core","vexMod:RockOfEvil"],"picked":"Cursed Key"}],"items_purged_floors":[22,48],"is_endless":false,"potions_floor_spawned":[3,6,14,16,18,23,33,37,41,47],"ascension_level":0}}