{"host":"2e3z4r48quhw80cc","time":1608206170,"event":{"mods":["BaseMod","Minty Spire (QoL Compilation)","Quick Restart","StSLib","SuperFastMode"],"gold_per_floor":[117,117,67,86,16,44,59,77,123,149,149,149,164,177,177,280,280,300,280,30,30,30,30,55,55,55,85,96,112,123,140,140,239,239,250,303,303,72,89,114,114,148,148,166,216,229,247,16,16,16],"floor_reached":51,"playtime":2231,"items_purged":[],"score":1145,"play_id":"06d729e1-aea4-4161-80c7-c9a3504a8389","local_time":"20201217205610","is_ascension_mode":true,"campfire_choices":[{"data":"Zap","floor":11.0,"key":"SMITH"},{"data":"Static Discharge","floor":15.0,"key":"SMITH"},{"floor":23.0,"key":"REST"},{"floor":25.0,"key":"REST"},{"floor":32.0,"key":"REST"},{"floor":41.0,"key":"REST"},{"floor":49,"key":"REST"}],"circlet_count":0,"master_deck":["Strike_B+1","Strike_B","Defend_B","Defend_B","Zap+1","Dualcast","Ball Lightning+1","Consume","Static Discharge+1","Heatsinks","FTL","BootSequence","Glacier","Streamline","Machine Learning","Rebound","Leap","Reboot","Echo Form","Core Surge","Capacitor+1","BootSequence+1","Defragment+1","Reinforced Body+1","White Noise+1","Loop+1"],"relics":["Cracked Core","NeowsBlessing","Shuriken","Bronze Scales","Tiny Chest","Fusion Hammer","Meat on the Bone","Symbiotic Virus","Pantograph","Vajra","Ornamental Fan","Empty Cage","TungstenRod","Frozen Egg 2","Lee\u0027s Waffle","Pocketwatch","Question Card","Blue Candle","Lizard Tail","Medical Kit"],"acts_visited":["Exordium","TheCity","TheBeyond"],"potions_floor_usage":[50,50,50,50,50],"damage_taken":[{"damage":0.0,"enemies":"Small Slimes","floor":1.0,"turns":1.0},{"damage":0.0,"enemies":"Jaw Worm","floor":4.0,"turns":1.0},{"damage":0.0,"enemies":"Lagavulin","floor":6.0,"turns":1.0},{"damage":0.0,"enemies":"Cultist","floor":7.0,"turns":3.0},{"damage":16.0,"enemies":"Blue Slaver","floor":8.0,"turns":3.0},{"damage":20.0,"enemies":"3 Sentries","floor":10.0,"turns":5.0},{"damage":2.0,"enemies":"Exordium Wildlife","floor":13.0,"turns":3.0},{"damage":5.0,"enemies":"Gremlin Gang","floor":14.0,"turns":3.0},{"damage":6.0,"enemies":"Hexaghost","floor":16.0,"turns":9.0},{"damage":22.0,"enemies":"2 Thieves","floor":18.0,"turns":4.0},{"damage":29.0,"enemies":"Book of Stabbing","floor":24.0,"turns":5.0},{"damage":16.0,"enemies":"Slavers","floor":27.0,"turns":5.0},{"damage":14.0,"enemies":"Shell Parasite","floor":28.0,"turns":4.0},{"damage":1.0,"enemies":"Centurion and Healer","floor":29.0,"turns":5.0},{"damage":1.0,"enemies":"Cultist and Chosen","floor":30.0,"turns":6.0},{"damage":15.0,"enemies":"Snake Plant","floor":31.0,"turns":2.0},{"damage":34.0,"enemies":"Champ","floor":33.0,"turns":10.0},{"damage":4.0,"enemies":"Orb Walker","floor":35.0,"turns":3.0},{"damage":50.0,"enemies":"2 Orb Walkers","floor":36.0,"turns":4.0},{"damage":27.0,"enemies":"3 Darklings","floor":39.0,"turns":5.0},{"damage":14.0,"enemies":"Giant Head","floor":40.0,"turns":8.0},{"damage":59.0,"enemies":"Nemesis","floor":42.0,"turns":9.0},{"damage":8.0,"enemies":"Maw","floor":44.0,"turns":8.0},{"damage":0.0,"enemies":"Mind Bloom Boss Battle","floor":45.0,"turns":9.0},{"damage":0.0,"enemies":"4 Shapes","floor":46.0,"turns":5.0},{"damage":9,"enemies":"Spire Growth","floor":47,"turns":7},{"damage":0,"enemies":"Donu and Deca","floor":50,"turns":8}],"seed_played":"5932667777782176521","potions_obtained":[{"floor":4.0,"key":"CultistPotion"},{"floor":8.0,"key":"AttackPotion"},{"floor":10.0,"key":"EssenceOfSteel"},{"floor":18.0,"key":"DistilledChaos"},{"floor":19.0,"key":"AttackPotion"},{"floor":27.0,"key":"PowerPotion"},{"floor":29.0,"key":"PowerPotion"},{"floor":36.0,"key":"Fire Potion"},{"floor":40.0,"key":"EntropicBrew"},{"floor":46.0,"key":"Energy Potion"}],"is_trial":false,"path_per_floor":["M","?","?","M","$","E","M","M","T","E","R","?","M","M","R","B",null,"M","?","$","$","T","R","E","R","T","E","M","M","M","M","R","B",null,"M","?","T","$","M","E","R","E","T","M","?","M","M","$","R","B",null],"character_chosen":"DEFECT","items_purchased":["Static Discharge","Meat on the Bone","Capacitor+1","Lee\u0027s Waffle","Loop+1","Medical Kit"],"campfire_rested":5,"item_purchase_floors":[5,20,38,38,48,48],"current_hp_per_floor":[68,68,68,68,68,68,68,52,52,32,32,17,15,10,10,4,57,35,35,35,35,35,57,40,62,62,46,44,43,42,39,61,41,67,63,25,25,82,55,53,77,30,30,34,59,59,50,50,74,82],"gold":16,"neow_bonus":"THREE_ENEMY_KILL","is_daily":false,"chose_seed":false,"campfire_upgraded":2,"win_rate":0.0,"timestamp":1608206170,"path_taken":["M","?","?","M","$","E","M","M","T","E","R","?","M","M","R","BOSS","M","?","?","$","?","R","E","R","T","E","?","M","?","M","R","BOSS","M","?","?","$","M","E","R","E","T","?","?","M","M","$","R","BOSS"],"items_purchased_type":["Card","Relic","Card","Relic","Card","Relic"],"build_version":"2020-12-13","purchased_purges":0,"victory":true,"max_hp_per_floor":[75,75,75,75,75,75,75,75,75,75,75,75,75,75,75,75,75,75,75,75,75,75,75,75,75,75,75,75,75,75,75,75,75,75,75,75,75,82,82,82,82,82,82,82,82,82,82,82,82,82],"card_choices":[{"not_picked":["Steam","Coolheaded"],"picked":"Ball Lightning","floor":1.0},{"not_picked":["Turbo","Ball Lightning"],"picked":"Consume","floor":4.0},{"not_picked":["Steam","Stack"],"picked":"Heatsinks","floor":6.0},{"not_picked":["Beam Cell","Stack"],"picked":"FTL","floor":7.0},{"not_picked":["Darkness","Go for the Eyes","Compile Driver"],"picked":"SKIP","floor":8.0},{"not_picked":["Streamline","Beam Cell"],"picked":"BootSequence","floor":10.0},{"not_picked":["Compile Driver","Ball Lightning"],"picked":"Glacier","floor":13.0},{"not_picked":["Meteor Strike","Heatsinks"],"picked":"Streamline","floor":14.0},{"not_picked":["Reboot","All For One"],"picked":"Machine Learning","floor":16.0},{"not_picked":["Glacier","Sweeping Beam"],"picked":"Rebound","floor":18.0},{"not_picked":["Redo","Cold Snap"],"picked":"Leap","floor":24.0},{"not_picked":["Stack","Streamline","Sweeping Beam"],"picked":"SKIP","floor":27.0},{"not_picked":["Hologram","Rebound"],"picked":"Reboot","floor":28.0},{"not_picked":["Beam Cell","Doom and Gloom+1","Streamline"],"picked":"SKIP","floor":29.0},{"not_picked":["Turbo","Rebound","Hello World+1"],"picked":"SKIP","floor":30.0},{"not_picked":["Conserve Battery+1","Barrage+1"],"picked":"Echo Form","floor":31.0},{"not_picked":["Fission","Seek"],"picked":"Core Surge","floor":33.0},{"not_picked":["Compile Driver","Undo","Reprogram"],"picked":"SKIP","floor":35.0},{"not_picked":["Sweeping Beam","Streamline+1"],"picked":"BootSequence+1","floor":39.0},{"not_picked":["Chill","Leap","Stack+1"],"picked":"SKIP","floor":40.0},{"not_picked":["Reprogram","Scrape","Meteor Strike"],"picked":"SKIP","floor":42.0},{"not_picked":["Go for the Eyes","Compile Driver","Stack","Steam+1"],"picked":"SKIP","floor":44.0},{"not_picked":["Compile Driver+1","Force Field","Consume+1"],"picked":"Defragment+1","floor":45.0},{"not_picked":["Turbo+1","Recycle","Ball Lightning"],"picked":"Reinforced Body+1","floor":46.0},{"not_picked":["Compile Driver","FTL+1","Tempest+1"],"picked":"White Noise+1","floor":47}],"player_experience":67328,"relics_obtained":[{"floor":6.0,"key":"Shuriken"},{"floor":9.0,"key":"Bronze Scales"},{"floor":10.0,"key":"Tiny Chest"},{"floor":22.0,"key":"Symbiotic Virus"},{"floor":24.0,"key":"Pantograph"},{"floor":26.0,"key":"Vajra"},{"floor":27.0,"key":"Ornamental Fan"},{"floor":36.0,"key":"TungstenRod"},{"floor":37.0,"key":"Frozen Egg 2"},{"floor":40.0,"key":"Pocketwatch"},{"floor":42.0,"key":"Question Card"},{"floor":43.0,"key":"Blue Candle"},{"floor":45.0,"key":"Lizard Tail"}],"event_choices":[{"cards_removed":["Strike_B"],"damage_healed":0.0,"max_hp_gain":0.0,"max_hp_loss":0.0,"gold_gain":0.0,"event_name":"Living Wall","player_choice":"Forget","floor":2.0,"gold_loss":0.0,"damage_taken":0.0},{"cards_removed":["Defend_B"],"damage_healed":0.0,"max_hp_gain":0.0,"max_hp_loss":0.0,"gold_gain":0.0,"event_name":"The Cleric","player_choice":"Card Removal","floor":3.0,"gold_loss":50.0,"damage_taken":0.0},{"damage_healed":0.0,"max_hp_gain":0.0,"max_hp_loss":0.0,"gold_gain":0.0,"event_name":"Shining Light","player_choice":"Entered Light","floor":12.0,"gold_loss":0.0,"damage_taken":15.0,"cards_upgraded":["Ball Lightning","Strike_B"]},{"damage_healed":0.0,"max_hp_gain":0.0,"max_hp_loss":0.0,"gold_gain":0.0,"event_name":"The Woman in Blue","player_choice":"Bought 1 Potion","floor":19.0,"gold_loss":0.0,"damage_taken":0.0},{"damage_healed":0.0,"max_hp_gain":0.0,"max_hp_loss":0.0,"gold_gain":0.0,"event_name":"Mysterious Sphere","player_choice":"Fight","floor":36.0,"gold_loss":0.0,"damage_taken":0.0},{"damage_healed":0.0,"max_hp_gain":0.0,"max_hp_loss":0.0,"gold_gain":0.0,"event_name":"MindBloom","player_choice":"Fight","floor":45.0,"gold_loss":0.0,"damage_taken":0.0}],"is_beta":false,"boss_relics":[{"not_picked":["Sozu","Cursed Key"],"picked":"Fusion Hammer"},{"not_picked":["Coffee Dripper","Snecko Eye"],"picked":"Empty Cage"}],"items_purged_floors":[],"is_endless":false,"potions_floor_spawned":[4,8,10,18,27,29,30,33,36,40,46,47],"ascension_level":8}}