{"host":"usewcu4ohw2wtmxk","time":1608198264,"event":{"mods":["AchievementEnabler","BaseMod","BetterRewards","Colored Powertips","Minty Spire (QoL Compilation)","Permanent Neow","Quick Restart","Relic Sorter","Relic Stats","Shop Mod","StSLib"],"gold_per_floor":[109,129,144,163,163,163,194,194,194,221,239,253,253,286,286,363,363,375,375,16,27,45,73,73,98,98,123,123,133,153,178,178,249,249,263,5,5,28,40,75,75,107,133,145,20,34,34,34],"floor_reached":47,"playtime":962,"items_purged":["Defend_P","Defend_P","Defend_P"],"score":1230,"play_id":"b160ac13-0918-40c9-a545-eb7dd0fdf96e","local_time":"20201217174424","is_ascension_mode":true,"campfire_choices":[{"data":"Eruption","floor":6.0,"key":"SMITH"},{"data":"Wallop","floor":8.0,"key":"SMITH"},{"floor":15.0,"key":"RECALL"},{"data":"1","floor":24.0,"key":"LIFT"},{"data":"2","floor":28.0,"key":"LIFT"},{"data":"3","floor":32.0,"key":"LIFT"}],"circlet_count":0,"master_deck":["AscendersBane","Strike_P","Strike_P","Strike_P","Strike_P","Defend_P","Eruption+1","Vigilance","Wallop+1","CutThroughFate","BattleHymn","DevaForm","Tantrum+1","TalkToTheHand+1","Scrawl","Ragnarok+1","Enlightenment","Adaptation+1"],"relics":["Runic Pyramid","Incense Burner","Molten Egg 2","Pear","Vajra","Coffee Dripper","Art of War","HornCleat","Girya","Letter Opener","Orichalcum","Tiny Chest","Damaru","Philosopher\u0027s Stone","OrangePellets","StrikeDummy","Nunchaku","Blood Vial"],"acts_visited":["Exordium","TheCity","TheBeyond"],"potions_floor_usage":[],"damage_taken":[{"damage":0.0,"enemies":"Cultist","floor":1.0,"turns":3.0},{"damage":1.0,"enemies":"2 Louse","floor":2.0,"turns":3.0},{"damage":0.0,"enemies":"Small Slimes","floor":3.0,"turns":2.0},{"damage":0.0,"enemies":"Gremlin Gang","floor":4.0,"turns":3.0},{"damage":11.0,"enemies":"3 Sentries","floor":7.0,"turns":6.0},{"damage":15.0,"enemies":"Lagavulin","floor":10.0,"turns":7.0},{"damage":10.0,"enemies":"Exordium Thugs","floor":11.0,"turns":4.0},{"damage":0.0,"enemies":"3 Louse","floor":12.0,"turns":2.0},{"damage":12.0,"enemies":"3 Sentries","floor":14.0,"turns":6.0},{"damage":30.0,"enemies":"Slime Boss","floor":16.0,"turns":8.0},{"damage":2.0,"enemies":"Chosen","floor":18.0,"turns":4.0},{"damage":0.0,"enemies":"Spheric Guardian","floor":21.0,"turns":2.0},{"damage":0.0,"enemies":"Snecko","floor":22.0,"turns":3.0},{"damage":9.0,"enemies":"Book of Stabbing","floor":23.0,"turns":3.0},{"damage":0.0,"enemies":"Gremlin Leader","floor":25.0,"turns":4.0},{"damage":7.0,"enemies":"Book of Stabbing","floor":27.0,"turns":3.0},{"damage":0.0,"enemies":"Shelled Parasite and Fungi","floor":29.0,"turns":1.0},{"damage":0.0,"enemies":"Centurion and Healer","floor":30.0,"turns":3.0},{"damage":5.0,"enemies":"Automaton","floor":33.0,"turns":5.0},{"damage":0.0,"enemies":"Orb Walker","floor":35.0,"turns":2.0},{"damage":10.0,"enemies":"3 Shapes","floor":39.0,"turns":3.0},{"damage":0.0,"enemies":"Reptomancer","floor":40.0,"turns":3.0},{"damage":6.0,"enemies":"Giant Head","floor":42.0,"turns":2.0},{"damage":0.0,"enemies":"Maw","floor":44.0,"turns":3.0},{"damage":9.0,"enemies":"Writhing Mass","floor":46.0,"turns":3.0}],"seed_played":"3886604954302978805","potions_obtained":[{"floor":1.0,"key":"Explosive Potion"},{"floor":4.0,"key":"SkillPotion"},{"floor":5.0,"key":"Regen Potion"},{"floor":10.0,"key":"SpeedPotion"},{"floor":12.0,"key":"EntropicBrew"},{"floor":14.0,"key":"Weak Potion"},{"floor":22.0,"key":"Explosive Potion"},{"floor":30.0,"key":"LiquidBronze"},{"floor":42.0,"key":"LiquidMemories"},{"floor":46.0,"key":"SteroidPotion"}],"is_trial":false,"path_per_floor":["M","M","M","M","?","R","E","R","T","E","M","M","?","E","R","B",null,"M","?","$","M","M","E","R","E","T","E","R","M","M","T","R","B",null,"M","$","?","T","M","E","?","E","T","M","$","M","M"],"character_chosen":"WATCHER","items_purchased":["HornCleat","OrangePellets"],"campfire_rested":0,"item_purchase_floors":[20,36],"current_hp_per_floor":[61,60,60,60,60,60,64,64,64,59,49,49,49,37,37,7,60,58,58,58,58,58,49,49,49,49,42,42,42,42,42,42,37,68,68,68,68,68,58,58,58,52,52,54,54,47,0,0],"gold":34,"neow_bonus":"BOSS_RELIC","is_daily":false,"chose_seed":false,"campfire_upgraded":2,"win_rate":0.0,"timestamp":1608198264,"path_taken":["M","M","M","M","?","R","E","R","T","E","M","?","?","E","R","BOSS","M","?","$","M","M","E","R","E","T","E","R","M","?","?","R","BOSS","M","$","?","?","M","E","?","E","T","M","?","M","M"],"items_purchased_type":["Relic","Relic"],"build_version":"2020-12-13","purchased_purges":3,"victory":false,"max_hp_per_floor":[68,68,68,68,68,68,68,68,68,78,78,78,78,78,78,78,78,78,78,78,78,78,78,78,78,78,78,78,78,78,78,78,78,78,78,78,78,78,78,78,78,78,78,78,78,78,78,78],"relic_stats":{"Blood Vial":6,"OrangePellets":[0],"Nunchaku":[2],"counters":[26,94],"Tiny Chest":1,"Art of War":[7],"Letter Opener":[12],"Orichalcum":[48],"obtain_stats":[{"Girya":23,"Pear":10,"Vajra":14,"Damaru":31,"Incense Burner":7,"Letter Opener":25,"Orichalcum":26,"Blood Vial":43,"OrangePellets":36,"Nunchaku":42,"HornCleat":20,"Molten Egg 2":9,"Tiny Chest":27,"Philosopher\u0027s Stone":34,"Coffee Dripper":17,"Art of War":19,"PureWater":0,"StrikeDummy":40,"Runic Pyramid":0},{"Girya":14,"Pear":6,"Vajra":9,"Damaru":18,"Incense Burner":5,"Letter Opener":15,"Orichalcum":15,"Blood Vial":23,"OrangePellets":20,"Nunchaku":23,"HornCleat":11,"Molten Egg 2":5,"Tiny Chest":16,"Philosopher\u0027s Stone":19,"Coffee Dripper":10,"Art of War":11,"PureWater":0,"StrikeDummy":22,"Runic Pyramid":0},{"Girya":56,"Pear":24,"Vajra":36,"Damaru":67,"Incense Burner":17,"Letter Opener":60,"Orichalcum":60,"Blood Vial":82,"OrangePellets":74,"Nunchaku":82,"HornCleat":48,"Molten Egg 2":17,"Tiny Chest":63,"Philosopher\u0027s Stone":72,"Coffee Dripper":44,"Art of War":48,"PureWater":0,"StrikeDummy":80,"Runic Pyramid":0}]},"card_choices":[{"not_picked":["WreathOfFlame","EmptyBody","Study"],"picked":"SKIP","floor":1.0},{"not_picked":["JustLucky","Vengeance"],"picked":"Wallop","floor":2.0},{"not_picked":["ThirdEye","ConjureBlade"],"picked":"CutThroughFate","floor":3.0},{"not_picked":["EmptyBody","Consecrate","WaveOfTheHand"],"picked":"SKIP","floor":4.0},{"not_picked":["FollowUp","Nirvana","JustLucky"],"picked":"SKIP","floor":7.0},{"not_picked":["Nirvana","PathToVictory","SashWhip+1"],"picked":"SKIP","floor":10.0},{"not_picked":["Consecrate+1","Wireheading","Crescendo"],"picked":"SKIP","floor":11.0},{"not_picked":["Consecrate+1","ThirdEye","Evaluate"],"picked":"SKIP","floor":12.0},{"not_picked":["Weave+1","Omniscience"],"picked":"BattleHymn","floor":14.0},{"not_picked":["LessonLearned+1","Ragnarok+1"],"picked":"DevaForm","floor":16.0},{"not_picked":["FlyingSleeves+1","EmptyBody"],"picked":"Tantrum+1","floor":18.0},{"not_picked":["ThirdEye","Vengeance"],"picked":"TalkToTheHand+1","floor":21.0},{"not_picked":["CrushJoints+1","Halt","Worship"],"picked":"SKIP","floor":22.0},{"not_picked":["Indignation","FollowUp+1"],"picked":"Scrawl","floor":23.0},{"not_picked":["Protect+1","Study","Wireheading"],"picked":"SKIP","floor":25.0},{"not_picked":["Swivel","Prostrate","Indignation"],"picked":"SKIP","floor":27.0},{"not_picked":["CrushJoints+1","Consecrate+1","PathToVictory"],"picked":"SKIP","floor":29.0},{"not_picked":["JustLucky+1","Swivel","Prostrate"],"picked":"SKIP","floor":30.0},{"not_picked":["Omniscience","Blasphemy"],"picked":"Ragnarok+1","floor":33.0},{"not_picked":["Prostrate","ClearTheMind","CarveReality+1"],"picked":"SKIP","floor":35.0},{"not_picked":["Flash of Steel+1","Transmutation"],"picked":"Enlightenment","floor":37.0},{"not_picked":["Crescendo","CarveReality+1","JustLucky+1"],"picked":"SKIP","floor":39.0},{"not_picked":["Fasting2","Consecrate+1"],"picked":"Adaptation+1","floor":40.0},{"not_picked":["FollowUp+1","EmptyFist+1","Wireheading"],"picked":"SKIP","floor":42.0},{"not_picked":["Protect","Crescendo+1","Evaluate"],"picked":"SKIP","floor":44.0},{"not_picked":["FlurryOfBlows+1","CutThroughFate+1","EmptyMind"],"picked":"SKIP","floor":46.0}],"player_experience":280278,"relics_obtained":[{"floor":7.0,"key":"Incense Burner"},{"floor":9.0,"key":"Molten Egg 2"},{"floor":10.0,"key":"Pear"},{"floor":14.0,"key":"Vajra"},{"floor":23.0,"key":"Girya"},{"floor":25.0,"key":"Letter Opener"},{"floor":26.0,"key":"Orichalcum"},{"floor":27.0,"key":"Tiny Chest"},{"floor":31.0,"key":"Damaru"},{"floor":40.0,"key":"StrikeDummy"},{"floor":42.0,"key":"Nunchaku"},{"floor":43.0,"key":"Blood Vial"}],"event_choices":[{"damage_healed":0.0,"max_hp_gain":0.0,"max_hp_loss":0.0,"gold_gain":0.0,"event_name":"Lab","player_choice":"Got Potions","floor":5.0,"gold_loss":0.0,"damage_taken":0.0},{"damage_healed":0.0,"max_hp_gain":0.0,"max_hp_loss":0.0,"gold_gain":0.0,"event_name":"Liars Game","player_choice":"Ignored","floor":13.0,"gold_loss":0.0,"damage_taken":0.0},{"damage_healed":0.0,"max_hp_gain":0.0,"max_hp_loss":0.0,"gold_gain":0.0,"event_name":"WeMeetAgain","player_choice":"Gave Potion","floor":19.0,"gold_loss":0.0,"damage_taken":0.0,"relics_obtained":["Art of War"]},{"damage_healed":0.0,"max_hp_gain":0.0,"max_hp_loss":0.0,"gold_gain":0.0,"event_name":"SensoryStone","player_choice":"Memory 1","floor":37.0,"gold_loss":0.0,"damage_taken":0.0},{"damage_healed":0.0,"max_hp_gain":0.0,"max_hp_loss":0.0,"gold_gain":0.0,"event_name":"Tomb of Lord Red Mask","player_choice":"Ignored","floor":41.0,"gold_loss":0.0,"damage_taken":0.0}],"is_beta":false,"boss_relics":[{"not_picked":["Astrolabe","Black Star"],"picked":"Coffee Dripper"},{"not_picked":["Sozu","Cursed Key"],"picked":"Philosopher\u0027s Stone"}],"items_purged_floors":[20,36,45],"is_endless":false,"potions_floor_spawned":[1,4,10,12,14,16,18,22,30,33,42,44,46],"killed_by":"4 Shapes","ascension_level":20}}