{"host":"3c27c697js19kaoo","time":1608185485,"event":{"mods":["BaseMod","Dota2Spire","Hermit","Minty Spire (QoL Compilation)","Quick Restart","Remilia£®¿Ÿ√◊¿Ú—«£©","Replay The Spire","Robot Space Explorer","Spicy Shops","StSLib","The Alterego","The Cursed","The Servant 0.9.4","vexMod","°æ“≈ŒÔø®≈∆°øREMEMod"],"gold_per_floor":[112,127,127,127,142,174,190,190,190,190,220,220,4,4,4,102,102,115,115,129,129,142,142,142,174,174,184,184,201,201,214,214,312,312,328,353,407,43,61,92,92,15,15,41,71,82,102,102,102,102],"floor_reached":51,"playtime":1476,"items_purged":["RobotSpaceExplorer:RigExplosive"],"score":858,"play_id":"ecd6de0e-ed4a-4eb5-84b0-1cbeb1ea792a","local_time":"20201217141125","is_ascension_mode":false,"campfire_choices":[{"data":"RobotSpaceExplorer:PowerGlove","floor":8,"key":"SMITH"},{"floor":10,"key":"REST"},{"data":"RobotSpaceExplorer:ChargingLaser","floor":12,"key":"SMITH"},{"data":"RobotSpaceExplorer:DualCore","floor":15,"key":"SMITH"},{"floor":28,"key":"REST"},{"data":"1","floor":30,"key":"LIFT"},{"data":"2","floor":32,"key":"LIFT"},{"floor":49,"key":"REST"}],"circlet_count":0,"master_deck":["RobotSpaceExplorer:Strike","RobotSpaceExplorer:Strike","RobotSpaceExplorer:Strike","RobotSpaceExplorer:Strike","RobotSpaceExplorer:Defend","RobotSpaceExplorer:Defend","RobotSpaceExplorer:Defend","RobotSpaceExplorer:Scan","RobotSpaceExplorer:MiniLasers+1","REME_AllRoundStrike+1","RobotSpaceExplorer:RigExplosive+1","RobotSpaceExplorer:DualCore+1","RobotSpaceExplorer:Probe","RobotSpaceExplorer:SurgingStrike","RobotSpaceExplorer:ImprovisedAttack","RobotSpaceExplorer:PowerGlove+1","RobotSpaceExplorer:ChargingLaser+1","RobotSpaceExplorer:MiniBoosters+1","RobotSpaceExplorer:Multitool+1","RobotSpaceExplorer:Comet","RobotSpaceExplorer:MiniDrones+1"],"relics":["RobotSpaceExplorer:RoboCore","REME_ComplimentaryCards","NeowsBlessing","WingedGreaves","Pear","Onion Ring","Membership Card","Ice Cream","vexMod:ImprovementManual","Ring of Panic","Ring of Searing","vexMod:BarristanHead","Nilry\u0027s Codex","Replay:Mystery Machine","Girya","vexMod:BigBerry","Omamori","REME_PuzzleBoxRelic","vexMod:TimeEaterHat","Mirror","Mercury Hourglass","Boot","Juzu Bracelet","Medical Kit","Replay:Kaleidoscope","Dota2Spire:ArcaneBoots","Pen Nib"],"acts_visited":["Exordium","TheCity","TheBeyond"],"potions_floor_usage":[7,40,40,40,40,47,50],"damage_taken":[{"damage":0,"enemies":"Jaw Worm","floor":1,"turns":1},{"damage":0,"enemies":"Small Slimes","floor":2,"turns":1},{"damage":0,"enemies":"2 Louse","floor":5,"turns":1},{"damage":21,"enemies":"Replay:BlueRogue","floor":6,"turns":3},{"damage":0,"enemies":"Looter","floor":7,"turns":2},{"damage":21,"enemies":"3 Sentries","floor":11,"turns":3},{"damage":32,"enemies":"Slime Boss","floor":16,"turns":4},{"damage":0,"enemies":"Spheric Guardian","floor":18,"turns":1},{"damage":0,"enemies":"2 Thieves","floor":20,"turns":1},{"damage":5,"enemies":"Snake Plant","floor":22,"turns":2},{"damage":25,"enemies":"Slavers","floor":25,"turns":2},{"damage":0,"enemies":"3 Cultists","floor":27,"turns":2},{"damage":2,"enemies":"Centurion and Healer","floor":29,"turns":2},{"damage":0,"enemies":"Snecko","floor":31,"turns":1},{"damage":0,"enemies":"Pondfish","floor":33,"turns":1},{"damage":0,"enemies":"Orb Walker","floor":35,"turns":1},{"damage":16,"enemies":"3 Darklings","floor":39,"turns":2},{"damage":23,"enemies":"Giant Head","floor":40,"turns":3},{"damage":0,"enemies":"R_Hoarder","floor":45,"turns":2},{"damage":69,"enemies":"Writhing Mass","floor":46,"turns":4},{"damage":0,"enemies":"Spire Growth","floor":47,"turns":1},{"damage":8,"enemies":"Replay:Hell Engine","floor":50,"turns":2}],"seed_played":"1526185668607112761","potions_obtained":[{"floor":2,"key":"BlessingOfTheForge"},{"floor":16,"key":"AttackPotion"},{"floor":20,"key":"Adrenaline Potion"},{"floor":22,"key":"FairyPotion"},{"floor":40,"key":"Block Potion"}],"is_trial":false,"path_per_floor":["M","M","?","?","M","E","M","R","T","R","E","R","$","?","R","B",null,"M","?","M","T","M","?","?","E","T","M","R","M","R","M","R","B",null,"M","T","T","$","M","E","?","$","T","T","E","M","M","?","R","B",null],"character_chosen":"RobotSpaceExplorer","items_purchased":["Membership Card","RobotSpaceExplorer:MiniBoosters+1","vexMod:TimeEaterHat","Mirror","Mercury Hourglass","Boot","Medical Kit"],"campfire_rested":3,"item_purchase_floors":[13,13,38,38,38,38,42],"current_hp_per_floor":[75,75,75,68,68,47,47,47,57,82,61,61,61,49,49,17,85,85,85,85,85,80,64,64,39,39,39,64,62,62,62,62,62,115,115,115,115,115,99,76,76,76,76,76,76,7,7,18,52,44],"gold":102,"neow_bonus":"THREE_ENEMY_KILL","is_daily":false,"chose_seed":false,"campfire_upgraded":3,"win_rate":0.0,"timestamp":1608185485,"path_taken":["M","M","?","?","M","E","M","R","T","R","E","R","$","?","R","BOSS","M","?","M","?","M","?","?","E","T","?","R","M","R","M","R","BOSS","M","?","?","$","M","E","?","$","T","?","E","M","M","?","R","BOSS"],"items_purchased_type":["Relic","Card","Relic","Relic","Relic","Relic","Relic"],"build_version":"2020-12-13","purchased_purges":1,"victory":true,"max_hp_per_floor":[75,75,75,75,75,75,75,75,85,85,85,85,85,85,85,85,85,85,85,85,85,85,85,85,85,85,85,85,85,85,85,85,85,115,115,115,115,115,115,115,115,115,115,115,115,115,115,115,115,115],"card_choices":[{"not_picked":["RobotSpaceExplorer:LaserBurst","RobotSpaceExplorer:ShovelStrike"],"picked":"RobotSpaceExplorer:RigExplosive","floor":1},{"not_picked":["RobotSpaceExplorer:SwiftStep","RobotSpaceExplorer:Pulsar"],"picked":"RobotSpaceExplorer:DualCore","floor":2},{"not_picked":["RobotSpaceExplorer:StarLightning","RobotSpaceExplorer:MiniBoosters"],"picked":"RobotSpaceExplorer:PowerGlove","floor":5},{"not_picked":["RobotSpaceExplorer:Counterblock","RobotSpaceExplorer:DoubleBlock","RobotSpaceExplorer:SlimeMissile"],"picked":"SKIP","floor":6},{"not_picked":["RobotSpaceExplorer:Electropulse","RobotSpaceExplorer:RigExplosive","RobotSpaceExplorer:FranticSearch"],"picked":"SKIP","floor":7},{"not_picked":["RobotSpaceExplorer:ShovelStrike","RobotSpaceExplorer:SwiftStep"],"picked":"RobotSpaceExplorer:ChargingLaser","floor":11},{"not_picked":["RobotSpaceExplorer:TrailblazerForm","RobotSpaceExplorer:ShockMissile"],"picked":"RobotSpaceExplorer:Multitool","floor":16},{"not_picked":["RobotSpaceExplorer:Counterblock","RobotSpaceExplorer:FrostMissile+1","RobotSpaceExplorer:DoubleFind"],"picked":"SKIP","floor":18},{"not_picked":["RobotSpaceExplorer:FreezeRay","RobotSpaceExplorer:MiniBoosters","RobotSpaceExplorer:MiniDrones"],"picked":"SKIP","floor":20},{"not_picked":["RobotSpaceExplorer:RigExplosive","RobotSpaceExplorer:StarDust","RobotSpaceExplorer:ExhaustFan"],"picked":"SKIP","floor":22},{"not_picked":["RobotSpaceExplorer:Probe+1","RobotSpaceExplorer:SlimeMissile","RobotSpaceExplorer:SwiftStep"],"picked":"SKIP","floor":25},{"not_picked":["RobotSpaceExplorer:StunGrenade","RobotSpaceExplorer:FreezingShield","RobotSpaceExplorer:Calculate"],"picked":"SKIP","floor":27},{"not_picked":["RobotSpaceExplorer:GlueShot","RobotSpaceExplorer:SwiftStep","RobotSpaceExplorer:Accelerator"],"picked":"SKIP","floor":29},{"not_picked":["RobotSpaceExplorer:ScrapMissile","RobotSpaceExplorer:PlasmaMissile","RobotSpaceExplorer:StarDust"],"picked":"SKIP","floor":31},{"not_picked":["RobotSpaceExplorer:Multitool","RobotSpaceExplorer:ShockMissile"],"picked":"RobotSpaceExplorer:Comet","floor":33},{"not_picked":["RobotSpaceExplorer:ShovelStrike","RobotSpaceExplorer:GearShield+1","RobotSpaceExplorer:ExhaustFan+1"],"picked":"SKIP","floor":35},{"not_picked":["RobotSpaceExplorer:Probe","RobotSpaceExplorer:Pulsar","RobotSpaceExplorer:ScrapMissile"],"picked":"SKIP","floor":39},{"not_picked":["RobotSpaceExplorer:JunkDive+1","RobotSpaceExplorer:PlasmaMissile","RobotSpaceExplorer:ImprovisedAttack+1"],"picked":"SKIP","floor":40},{"not_picked":["RobotSpaceExplorer:Counterblock","RobotSpaceExplorer:JunkDive+1","RobotSpaceExplorer:SurgingShield+1"],"picked":"SKIP","floor":45},{"not_picked":["RobotSpaceExplorer:ScrapMissile","RobotSpaceExplorer:Pulsar+1"],"picked":"RobotSpaceExplorer:MiniDrones+1","floor":46},{"not_picked":["RobotSpaceExplorer:RigExplosive","RobotSpaceExplorer:ShockKick+1","RobotSpaceExplorer:Jetpack"],"picked":"SKIP","floor":47}],"player_experience":124403,"relics_obtained":[{"floor":6,"key":"WingedGreaves"},{"floor":9,"key":"Pear"},{"floor":11,"key":"Onion Ring"},{"floor":19,"key":"Ring of Panic"},{"floor":19,"key":"Ring of Searing"},{"floor":21,"key":"vexMod:BarristanHead"},{"floor":23,"key":"Nilry\u0027s Codex"},{"floor":25,"key":"Replay:Mystery Machine"},{"floor":26,"key":"Girya"},{"floor":36,"key":"Omamori"},{"floor":37,"key":"REME_PuzzleBoxRelic"},{"floor":40,"key":"Juzu Bracelet"},{"floor":43,"key":"Replay:Kaleidoscope"},{"floor":44,"key":"Dota2Spire:ArcaneBoots"},{"floor":45,"key":"Pen Nib"}],"event_choices":[{"cards_removed":["RobotSpaceExplorer:Defend"],"damage_healed":0,"gold_gain":0,"player_choice":"Card Removal","damage_taken":7,"max_hp_gain":0,"max_hp_loss":0,"event_name":"Golden Wing","floor":4,"gold_loss":0},{"damage_healed":0,"gold_gain":0,"player_choice":"Success","damage_taken":12,"relics_obtained":["Ice Cream"],"max_hp_gain":0,"max_hp_loss":0,"event_name":"Scrap Ooze","floor":14,"gold_loss":0},{"damage_healed":0,"gold_gain":0,"player_choice":"Obtained Book","damage_taken":16,"max_hp_gain":0,"max_hp_loss":0,"event_name":"Cursed Tome","floor":23,"gold_loss":0},{"damage_healed":0,"gold_gain":0,"player_choice":"Ignored","damage_taken":0,"max_hp_gain":0,"max_hp_loss":0,"event_name":"Ghosts","floor":24,"gold_loss":0},{"cards_removed":["RobotSpaceExplorer:ScrapShield"],"damage_healed":0,"gold_gain":0,"player_choice":"Removed Skill","damage_taken":0,"max_hp_gain":0,"max_hp_loss":0,"event_name":"Falling","floor":41,"gold_loss":0}],"is_beta":false,"boss_relics":[{"not_picked":["Replay:Wanted Poster","vexMod:MysteryBossChallenge"],"picked":"vexMod:ImprovementManual"},{"not_picked":["vexMod:EndlessSickness","Replay:Bronze Core"],"picked":"vexMod:BigBerry"}],"items_purged_floors":[13],"is_endless":false,"potions_floor_spawned":[2,16,20,22,27,31,33,40,47],"ascension_level":0}}