{"host":"9i65z0zqo49crzwy","time":1608164168,"event":{"mods":["AchievementEnabler","Aspiration","Bard","BaseMod","Beaked The Cultist","Bestiary","Better Altar","Better Match","Better Note","Better Sensory Stone","Better Skull","Better Third Choice","BetterRewards","CCEM","Clawfect","Colored Map","Conspire","Downfall","GifTheSpireLib","Halation","Hermit","Highlight Path","Hubris","Hunter ??","Infinite Spire","Jedi Mod","Jorbs\u0027s Wanderer Trilogy","Mad Scientist","Marisa????????","Mimic Mod","Minty Spire (QoL Compilation)","Permanent Neow","Replay The Spire","Shade Mod","Shop Mod","Spicy Shops","StSLib","Stuff the Spire","The Administrix","The Blackbeard","The Bug Knight","The Construct","The Cursed","The Disciple","The Gatherer","The Hierophant","The IronCluck","The Jungle","The Mystic","The Necromancer","The Problem Sleuth","The Runesmith","The Servant 0.9.4","The Spell Scribe","The Witch","Unceasing Turn Reminder","everything is the same but u backflip on backflip"],"gold_per_floor":[99,199,212,137,148,180,210,210,220,220,220,234,151,169,180,281,281,281,309,234,234,253,253,292,292,310,336,351,362,381,316,335,439,439,289,289,309,337,353,385,385,385,385,421,421,701,711,722,739,844,844,771,795,795,818,835,866,866,903,903,940,954,977,977,989,1009,1119,1119,1119,1155,1185,1185,1212,1212,1243,1259,1259,1288,1288,783,783,750,769,890,890,890,890,910,399,426,446,483,483,507,543,557,576,576,233,262,368,368,518,518,520,520],"floor_reached":105,"playtime":17781,"items_purged":["Strike_S","Strike_S","Strike_S","theSleuth:FrighteningBeast","Pain","Parasite"],"score":2231,"play_id":"b41e246d-a594-492b-ac9e-191df94578d7","local_time":"20201216161608","is_ascension_mode":false,"campfire_choices":[{"floor":1,"key":"DIG"},{"data":"expansioncontent:StudyTheSpire","floor":8,"key":"SMITH"},{"data":"FloweringNight","floor":10,"key":"SMITH"},{"data":"Revamp","floor":18,"key":"SMITH"},{"floor":23,"key":"RECALL"},{"data":"FlawlessForm","floor":25,"key":"SMITH"},{"data":"TheWorld","floor":35,"key":"SMITH"},{"floor":60,"key":"DIG"},{"floor":69,"key":"DIG"},{"floor":74,"key":"DIG"},{"data":"Duplication","floor":77,"key":"SMITH"},{"data":"infinitespire:UltimateForm","floor":86,"key":"SMITH"},{"floor":93,"key":"DIG"}],"circlet_count":0,"master_deck":["Strike_S","Defend_S","Exchange","FloweringNight+1","Ricochet","expansioncontent:StudyTheSpire+1","FastForward+1","Sunlight","Revamp+1","GearUp","WasteNot","TheWorld+1","SpecialFormula+1","Defy","StarChef","MurderousAura+1","infinitespire:TheBestDefense","Advance+1","Luminosity+1","ReplayTheSpireMod:Brewmster","FlawlessForm+1","Unruled","Starlight+1","Revamp+1","Potential+1","Replace","Dilation","FastForward","Misdirection+1","Solidify+1","MoonPhase+1","InstantArmor+1","MoonPhase+1","Deny","RealityMarble+1","DoubleEdge+1","TheWorld","infinitespire:UltimateForm+1","BottledTime","ShiftingGears","GearUp+1","Duplication+1","FloweringNight+1","ReplayTheSpireMod:Chaos Vortex","Slimebound:Icky","StuffTheSpire:Brawn","StuffTheSpire:BrainWave","StarChef+1","Luminosity+1","BestPractice","StuffTheSpire:Ambrosia","SilverBlades","hubris:NaturalOne","StuffTheSpire:BrainWave+1","SoulSculpture","Slimebound:Icky","StuffTheSpire:Perfection"],"relics":["StuffTheSpire:OccultApparatus","Regal Pillow","Smiling Mask","downfall:ShatteredFragment","MysterySword","Replay:Bottled Eggs","conspire:DecoderRing","infinitespire:WardingShard","hubris:TerracottaHorce","downfall:HeartBlessingRed","downfall:HeartBlessingBlue","jedi:crownofsimplicity","aspiration:Lifesprig","infinitespire:Midas Blood","aspiration:ChemicalBlood","Replay:Bronze Core","downfall:HeartBlessingGreen","Odd Mushroom","Shovel","Replay:Wax Seal","hubris:Backtick","Bottled Tornado","StuffTheSpire:Gunfinga","Replay:Bottled Flurry","aspiration:TrustyKnives","theJungle:SpiritDisease","StuffTheSpire:Saxophone","Simple Rune","infinitespire:PuzzleCube","hubris:Icosahedron","Replay:Ancient Bell","halation:PromiseList","StuffTheSpire:EmeraldSignet","infinitespire:Magic Flask","infinitespire:Eraser","aspiration:TomeofQuesting","CCEMRelics:OldTooth","infinitespire:Broken Mirror","CCEMRelics:DissonantTune","Philosopher\u0027s Stone","downfall:BrokenWingStatue"],"acts_visited":["Exordium","TheCity","TheBeyond","Exordium","Exordium","TheBeyond","Exordium"],"potions_floor_usage":[12,14,16,22,22,24,24,30,30,30,32,33,39,44,44,44,44,46,47,55,55,57,67,67,67,67,78,82,82,82,82,82,84,84,84,84,97,100,100,100,100,101,101,101],"damage_taken":[{"damage":7,"enemies":"2 Louse","floor":3,"turns":4},{"damage":0,"enemies":"Cultist","floor":5,"turns":4},{"damage":22,"enemies":"Replay:BlueRogue","floor":6,"turns":6},{"damage":7,"enemies":"Small Slimes","floor":7,"turns":7},{"damage":12,"enemies":"Small Slimes","floor":9,"turns":5},{"damage":0,"enemies":"Gremlin Gang","floor":12,"turns":3},{"damage":0,"enemies":"downfall:FleeingMerchant","floor":13,"turns":4},{"damage":5,"enemies":"Exordium Wildlife","floor":14,"turns":3},{"damage":1,"enemies":"3 Louse","floor":15,"turns":2},{"damage":10,"enemies":"downfall:Silent","floor":16,"turns":19},{"damage":4,"enemies":"Nightmare","floor":19,"turns":12},{"damage":0,"enemies":"Chosen","floor":22,"turns":7},{"damage":2,"enemies":"3 Cultists","floor":24,"turns":8},{"damage":0,"enemies":"3 Cultists","floor":26,"turns":3},{"damage":15,"enemies":"conspire:SneckoGhost","floor":27,"turns":6},{"damage":24,"enemies":"Shelled Parasite and Fungi","floor":28,"turns":4},{"damage":19,"enemies":"Chosen and Byrds","floor":29,"turns":4},{"damage":0,"enemies":"Snecko","floor":30,"turns":5},{"damage":0,"enemies":"downfall:FleeingMerchant","floor":31,"turns":4},{"damage":0,"enemies":"Centurion and Healer","floor":32,"turns":6},{"damage":1,"enemies":"downfall:Defect","floor":33,"turns":8},{"damage":0,"enemies":"Orb Walker","floor":37,"turns":4},{"damage":0,"enemies":"Giant Head","floor":38,"turns":6},{"damage":21,"enemies":"3 Darklings","floor":39,"turns":6},{"damage":0,"enemies":"Nemesis","floor":40,"turns":7},{"damage":63,"enemies":"Reptomancer","floor":44,"turns":6},{"damage":0,"enemies":"downfall:FleeingMerchant","floor":46,"turns":4},{"damage":0,"enemies":"Writhing Mass","floor":47,"turns":5},{"damage":0,"enemies":"Maw","floor":48,"turns":7},{"damage":0,"enemies":"Sphere and 2 Shapes","floor":49,"turns":6},{"damage":0,"enemies":"downfall:Ironclad","floor":50,"turns":6},{"damage":31,"enemies":"The Mushroom Lair","floor":53,"turns":4},{"damage":6,"enemies":"Small Slimes","floor":55,"turns":4},{"damage":10,"enemies":"2 Louse","floor":56,"turns":4},{"damage":0,"enemies":"Lagavulin","floor":57,"turns":6},{"damage":6,"enemies":"3 Sentries","floor":59,"turns":7},{"damage":0,"enemies":"Gremlin Nob","floor":61,"turns":6},{"damage":0,"enemies":"Jaw Worm","floor":62,"turns":5},{"damage":16,"enemies":"Gremlin Gang","floor":63,"turns":6},{"damage":0,"enemies":"Blue Slaver","floor":65,"turns":5},{"damage":0,"enemies":"Exordium Wildlife","floor":66,"turns":5},{"damage":11,"enemies":"Hexaghost","floor":67,"turns":7},{"damage":0,"enemies":"theJungle:2_Phrogs","floor":70,"turns":6},{"damage":0,"enemies":"theJungle:Flameango_and_Byrd","floor":71,"turns":6},{"damage":0,"enemies":"theJungle:MamaSnecko","floor":73,"turns":5},{"damage":0,"enemies":"theJungle:2_Phrogs","floor":75,"turns":5},{"damage":0,"enemies":"theJungle:GiantWrat","floor":76,"turns":4},{"damage":0,"enemies":"theJungle:MamaSnecko","floor":78,"turns":6},{"damage":0,"enemies":"theJungle:SlimyTreeVines","floor":82,"turns":5},{"damage":0,"enemies":"theJungle:Lyon","floor":83,"turns":2},{"damage":59,"enemies":"theJungle:TotemBoss","floor":84,"turns":6},{"damage":0,"enemies":"Orb Walker","floor":88,"turns":3},{"damage":0,"enemies":"Giant Head","floor":90,"turns":3},{"damage":0,"enemies":"3 Shapes","floor":91,"turns":6},{"damage":0,"enemies":"Nemesis","floor":92,"turns":7},{"damage":38,"enemies":"Sphere and 2 Shapes","floor":94,"turns":6},{"damage":0,"enemies":"Reptomancer","floor":95,"turns":4},{"damage":0,"enemies":"Writhing Mass","floor":96,"turns":4},{"damage":37,"enemies":"4 Shapes","floor":97,"turns":4},{"damage":102,"enemies":"Sphere and 2 Shapes","floor":100,"turns":4},{"damage":21,"enemies":"Replay:Hell Engine","floor":101,"turns":6}],"seed_played":"643179064302906314","potions_obtained":[{"floor":5,"key":"Block Potion"},{"floor":6,"key":"GamblersBrew"},{"floor":9,"key":"Swift Potion"},{"floor":14,"key":"jedi:StrikingPotion"},{"floor":16,"key":"Weak Potion"},{"floor":26,"key":"Cursed Concoction"},{"floor":30,"key":"Ancient Potion"},{"floor":40,"key":"Regen Potion"},{"floor":44,"key":"AttackPotion"},{"floor":55,"key":"BlessingOfTheForge"},{"floor":66,"key":"infinitespire:BlackPotion"},{"floor":67,"key":"Energy Potion"},{"floor":83,"key":"BlessingOfTheForge"},{"floor":84,"key":"PowerPotion"},{"floor":84,"key":"sneckomod:MuddlingPotion"},{"floor":95,"key":"jedi:wingpotion"},{"floor":97,"key":"Swift Potion"},{"floor":100,"key":"AttackPotion"},{"floor":100,"key":"jedi:StrikingPotion"},{"floor":100,"key":"construct:ShiftPotion"},{"floor":101,"key":"Regen Potion"}],"is_trial":false,"path_per_floor":["R_BF","?","M","?","M","E","MIM","R","M","R","?","M","$","M","M","B",null,"R","NM","?","?","M","R","MIM","R","M","E","M","M","M","$","M","B",null,"R","?","M","E","M","E","T","?","?","E","?","$","M","M","M","B",null,"R_BF","?","?","M","M","E","T","E","R","E","M","M","?","M","M","B",null,"R","E","M","AVR","E","R","E","M","R","E","?","$","?","M","M","B",null,"R","AVR","M","$","E","M","E","R","M","E","M","M","?","$","M","B",null,"R_BF","?","?"],"character_chosen":"THE_SERVANT","items_purchased":["SpecialFormula","StuffTheSpire:Saxophone","Simple Rune","infinitespire:PuzzleCube","aspiration:TomeofQuesting","CCEMRelics:OldTooth","CCEMRelics:DissonantTune","SilverBlades"],"campfire_rested":0,"item_purchase_floors":[13,80,80,80,89,89,99,99],"current_hp_per_floor":[65,65,58,58,58,36,29,29,17,17,2,2,2,2,6,11,65,65,61,61,61,65,65,63,63,63,53,34,15,23,28,33,37,58,68,75,75,75,59,64,64,64,64,18,18,23,28,33,38,43,62,45,29,34,33,28,43,43,42,42,47,52,41,41,46,51,45,62,62,68,68,68,68,68,68,68,68,68,68,68,68,68,68,25,57,57,57,68,68,68,68,68,68,49,68,68,47,47,47,9,28,58,58,58,0,0],"gold":520,"neow_bonus":"ONE_RANDOM_RARE_CARD","is_daily":false,"chose_seed":false,"campfire_upgraded":7,"win_rate":0.0,"timestamp":1608164168,"path_taken":["R_BF","?","M","?","M","E","MIM","R","M","R","?","M","?","?","M","BOSS","R","NM","?","?","M","R","MIM","R","M","E","M","M","M","$","M","BOSS","R","?","M","E","M","E","T","?","?","E","?","?","?","M","M","BOSS","R_BF","?","?","M","M","E","T","E","R","E","?","?","?","M","M","BOSS","R","E","M","AVR","E","R","E","M","R","E","?","?","?","?","M","BOSS","R","AVR","M","$","E","?","E","R","M","E","M","M","?","?","M","BOSS","R_BF","?","?"],"items_purchased_type":["Card","Relic","Relic","Relic","Relic","Relic","Relic","Card"],"build_version":"2020-12-13","purchased_purges":6,"victory":false,"max_hp_per_floor":[65,65,65,65,65,65,65,65,65,65,65,65,65,65,65,65,65,65,65,65,65,65,65,65,65,65,65,65,65,65,65,65,65,65,75,75,75,75,75,75,75,75,75,75,68,68,68,68,68,68,68,68,68,68,68,68,68,68,68,68,68,68,68,68,68,68,68,68,68,68,68,68,68,68,68,68,68,68,68,68,68,68,68,68,68,68,68,68,68,68,68,68,68,68,68,68,69,69,66,67,68,68,68,68,68,68],"card_choices":[{"not_picked":["Advance","Rearm"],"picked":"Ricochet","floor":3},{"not_picked":["jedi:cleanse","Secret Technique"],"picked":"expansioncontent:StudyTheSpire","floor":4},{"not_picked":["TimeWarp","BottledTime"],"picked":"FastForward","floor":4},{"not_picked":["MoonPhase","Collapse"],"picked":"Sunlight","floor":5},{"not_picked":["TimeWarp","Potential"],"picked":"Revamp","floor":6},{"not_picked":["BottledTime","Alleviate"],"picked":"GearUp","floor":7},{"not_picked":["Duplication","Spin","MoonPhase"],"picked":"SKIP","floor":9},{"not_picked":["Gouge","Revamp"],"picked":"WasteNot","floor":12},{"not_picked":["KillingDoll","FastForward"],"picked":"TheWorld","floor":13},{"not_picked":["Sabotage","TimeWarp"],"picked":"Defy","floor":14},{"not_picked":["Defy","ShatteredReality"],"picked":"StarChef","floor":15},{"not_picked":["Dilation","FlawlessForm"],"picked":"MurderousAura","floor":16},{"not_picked":["infinitespire:DeathsTouch","hubris:InfiniteBlow"],"picked":"infinitespire:TheBestDefense","floor":19},{"not_picked":["Read","Rewind+1"],"picked":"Advance+1","floor":19},{"not_picked":["Moonlight","DualDimension"],"picked":"Luminosity","floor":20},{"not_picked":["Metamorphosis","Magnetism"],"picked":"ReplayTheSpireMod:Brewmster","floor":20},{"not_picked":["Barrier","DualDimension","Spin"],"picked":"SKIP","floor":22},{"not_picked":["DoubleEdge","Starlight"],"picked":"FlawlessForm","floor":24},{"not_picked":["Rearm","Gouge"],"picked":"Unruled","floor":26},{"not_picked":["KillingDoll","ShatteredReality"],"picked":"Starlight+1","floor":27},{"not_picked":["Spin+1","FanOfKnives"],"picked":"Revamp+1","floor":28},{"not_picked":["Alleviate","FastForward"],"picked":"Potential+1","floor":29},{"not_picked":["Rewind+1","Misdirection","Barrier"],"picked":"SKIP","floor":31},{"not_picked":["StarChef","FastForward+1"],"picked":"Misdirection+1","floor":32},{"not_picked":["Initiator","TheWorld"],"picked":"Solidify","floor":33},{"not_picked":["BottledTime+1","Starlight","Spin+1"],"picked":"SKIP","floor":37},{"not_picked":["Replace","BottledTime+1"],"picked":"MoonPhase+1","floor":38},{"not_picked":["Hightail+1","Rearm"],"picked":"InstantArmor+1","floor":39},{"not_picked":["Alleviate","Rewind+1"],"picked":"MoonPhase+1","floor":40},{"not_picked":["Replace+1","Collapse"],"picked":"Deny","floor":44},{"not_picked":["Advance","Rearm","Potential"],"picked":"SKIP","floor":46},{"not_picked":["Spin+1","WasteNot"],"picked":"RealityMarble+1","floor":47},{"not_picked":["Sabotage","Alleviate","Rewind"],"picked":"SKIP","floor":48},{"not_picked":["Potential","FastForward+1"],"picked":"DoubleEdge","floor":49},{"not_picked":["PendulumOfEternity","FloweringNight"],"picked":"TheWorld","floor":50},{"not_picked":["infinitespire:DeathsTouch","infinitespire:Execution"],"picked":"infinitespire:UltimateForm","floor":52},{"not_picked":["Barrier","DoubleEdge"],"picked":"BottledTime","floor":53},{"not_picked":["Deny","StarChef","Read"],"picked":"SKIP","floor":55},{"not_picked":["ShatteredReality","Ricochet","FanOfKnives"],"picked":"SKIP","floor":56},{"not_picked":["Potential","DoubleEdge","Sabotage"],"picked":"SKIP","floor":57},{"not_picked":["KillingDoll","Replace"],"picked":"ShiftingGears","floor":59},{"not_picked":["Solidify","FastForward","Contraction"],"picked":"SKIP","floor":61},{"not_picked":["Unruled","TimeWarp","Spin"],"picked":"SKIP","floor":62},{"not_picked":["BottledTime","Comet"],"picked":"GearUp","floor":63},{"not_picked":["Starlight","Spin","Comet"],"picked":"SKIP","floor":65},{"not_picked":["Moonlight","DualDimension","SurpressingFire"],"picked":"SKIP","floor":66},{"not_picked":["FloweringNight","ForgedInTime"],"picked":"Duplication","floor":67},{"not_picked":["ShatteredReality","Replace","Spin"],"picked":"SKIP","floor":70},{"not_picked":["Rewind","Sabotage","Revamp"],"picked":"SKIP","floor":71},{"not_picked":["Revamp","DoubleEdge","Read"],"picked":"SKIP","floor":73},{"not_picked":["TimeWarp","Spin","FloweringNight"],"picked":"SKIP","floor":75},{"not_picked":["Starlight","Rewind+1","Rearm"],"picked":"SKIP","floor":76},{"not_picked":["PendulumOfEternity","Collapse","MoonPhase"],"picked":"SKIP","floor":78},{"not_picked":["Rearm+1","Revamp+1","Potential+1"],"picked":"SKIP","floor":82},{"not_picked":["Potential+1","Snipe","SurpressingFire"],"picked":"SKIP","floor":83},{"not_picked":["TheWorld","KillingDoll"],"picked":"FloweringNight","floor":84},{"not_picked":["Replay:Fractal Strike","infinitespire:FutureSight"],"picked":"ReplayTheSpireMod:Chaos Vortex","floor":85},{"not_picked":["ReplayTheSpireMod:IOU","hubris:Greed"],"picked":"Pain","floor":85},{"not_picked":["NighInvulnerability","hubris:Greed"],"picked":"Slimebound:Icky","floor":85},{"not_picked":["CurseOfTheBell","ReplayTheSpireMod:Splinters"],"picked":"theSleuth:FrighteningBeast","floor":85},{"not_picked":["Desolation+1","TimeWarp"],"picked":"StarChef+1","floor":88},{"not_picked":["Potential","BottledTime+1","Collapse+1"],"picked":"SKIP","floor":90},{"not_picked":["Rearm+1","TimeWarp+1"],"picked":"Luminosity+1","floor":91},{"not_picked":["ShatteredReality","Unruled","Potential"],"picked":"SKIP","floor":92},{"not_picked":["Unruled","Potential"],"picked":"BestPractice","floor":94},{"not_picked":["DualDimension+1","Advance","Defy+1"],"picked":"SKIP","floor":95},{"not_picked":["BottledTime+1","Potential","ShatteredReality+1"],"picked":"SKIP","floor":96},{"not_picked":["Duplication","Alleviate","FanOfKnives"],"picked":"SKIP","floor":97},{"not_picked":["Desolation+1","Reset","Unruled"],"picked":"SKIP","floor":100},{"not_picked":["LightFlow","KillingDoll"],"picked":"SoulSculpture","floor":101}],"player_experience":98412,"relics_obtained":[{"floor":1,"key":"Regal Pillow"},{"floor":6,"key":"Smiling Mask"},{"floor":19,"key":"Replay:Bottled Eggs"},{"floor":24,"key":"conspire:DecoderRing"},{"floor":27,"key":"infinitespire:WardingShard"},{"floor":38,"key":"jedi:crownofsimplicity"},{"floor":40,"key":"aspiration:Lifesprig"},{"floor":41,"key":"infinitespire:Midas Blood"},{"floor":44,"key":"aspiration:ChemicalBlood"},{"floor":53,"key":"Odd Mushroom"},{"floor":58,"key":"Shovel"},{"floor":60,"key":"Replay:Wax Seal"},{"floor":69,"key":"StuffTheSpire:Gunfinga"},{"floor":74,"key":"aspiration:TrustyKnives"},{"floor":93,"key":"infinitespire:Broken Mirror"}],"event_choices":[{"damage_healed":0,"gold_gain":0,"player_choice":"1","damage_taken":0,"max_hp_gain":0,"max_hp_loss":0,"event_name":"betterMatch:BetterMatch","floor":4,"gold_loss":0,"cards_obtained":["betterMatch:ColorlessRareCard","betterMatch:CommonCard"]},{"damage_healed":0,"gold_gain":0,"player_choice":"1","damage_taken":0,"max_hp_gain":0,"max_hp_loss":0,"event_name":"betterMatch:BetterMatch","floor":20,"gold_loss":0,"cards_obtained":["betterMatch:ColorlessRareCard","betterMatch:UncommonCard"]},{"damage_healed":0,"gold_gain":0,"player_choice":"Upgraded","damage_taken":0,"max_hp_gain":0,"max_hp_loss":0,"event_name":"Upgrade Shrine","floor":21,"gold_loss":0,"cards_upgraded":["Luminosity"]},{"damage_healed":0,"gold_gain":0,"player_choice":"Fought Mushrooms","damage_taken":0,"max_hp_gain":0,"max_hp_loss":0,"event_name":"Mushrooms","floor":53,"gold_loss":0},{"cards_removed":["StuffTheSpire:BrainWave"],"damage_healed":5,"gold_gain":0,"player_choice":"Offered Special","damage_taken":0,"max_hp_gain":0,"max_hp_loss":0,"event_name":"Bonfire Elementals","floor":54,"gold_loss":0},{"cards_removed":["KidneyShot"],"damage_healed":0,"gold_gain":0,"player_choice":"Removed Attack","damage_taken":0,"max_hp_gain":0,"max_hp_loss":0,"event_name":"Falling","floor":98,"gold_loss":0}],"is_beta":false,"boss_relics":[{"not_picked":["jedi:hotpepper","Tiny House"],"picked":"MysterySword"},{"not_picked":["halation:Risk","Ring of Chaos"],"picked":"hubris:TerracottaHorce"},{"not_picked":["Replay:Fungal Core","hubris:ScarierMask"],"picked":"Replay:Bronze Core"},{"not_picked":["halation:ForbiddenBikini","ReplayTheSpireMod:DimensionalGlitch"],"picked":"hubris:Backtick"},{"not_picked":["Replay:Fungal Core","CCEMRelics:GreenEgg"],"picked":"Replay:Ancient Bell"},{"not_picked":["CCEMRelics:Barrel","ReplayFunnel"],"picked":"halation:PromiseList"},{"not_picked":["infinitespire:ShieldingShard","jedi:bottledfury"],"picked":"StuffTheSpire:EmeraldSignet"},{"not_picked":["Peace Pipe","CCEMRelics:Francisca"],"picked":"infinitespire:Magic Flask"},{"not_picked":["Replay:Wanted Poster","Runic Dome"],"picked":"Philosopher\u0027s Stone"}],"items_purged_floors":[31,46,80,87,89,99],"is_endless":true,"potions_floor_spawned":[5,6,9,14,16,22,26,30,32,38,39,40,44,49,50,55,59,61,66,67,73,78,82,83,84,91,94,95,97,100],"ascension_level":0}}