{"host":"z6c1sol8rulx2ubz","time":1608232379,"event":{"mods":["AchievementEnabler","Act Like it!","BaseMod","Better Note","Better Third Choice","Downfall","Elementarium","Gold Saver","Hallownest","Hermit","Hubris","Infinite Spire","Jorbs\u0027s Wanderer Trilogy","Minty Spire (QoL Compilation)","Potionbrewer","Quick Restart","Rare Cards Sparkle","Reorder Act Four","StSLib","The Animator","The Bug Knight","The Cursed","The Dragon Tamer","The Necromancer","Wandering Minibosses"],"gold_per_floor":[820,770,170,170,102,127,127,156,156,168,163,193,193,213,213,305,305,313,313,313,26,26,54,54,66,115,115,122,139,152,152,152,251,251,332,332,308,228,228,228,331,1218,1218,1218,1218,1218],"floor_reached":44,"playtime":2980,"items_purged":[],"score":649,"play_id":"25777b91-d36f-4a8a-82a6-8371e0ff6e4c","local_time":"20201217191258","is_ascension_mode":false,"metric_token":1619,"campfire_choices":[{"data":"expansioncontent:DashGenerateEvil","floor":7,"key":"SMITH"},{"floor":15,"key":"RECALL"},{"data":"DTMod:HeatWave","floor":24,"key":"SMITH"},{"data":"DTMod:DoubleHit","floor":27,"key":"SMITH"},{"data":"DTMod:LightShield","floor":32,"key":"SMITH"},{"data":"DTMod:Training","floor":40,"key":"SMITH"}],"dtmod_dragon_data":[1,50,3,4,14,5],"circlet_count":0,"master_deck":["DTMod:Strike","DTMod:Strike","DTMod:Strike","DTMod:DoubleHit+1","DTMod:TargetDefense","DTMod:TargetDefense","DTMod:TargetDefense","DTMod:SwitchingTactic","DTMod:Training","expansioncontent:DashGenerateEvil+1","DTMod:LightShield+1","DTMod:LowKick","DTMod:Shift","DTMod:HeatWave+1","DTMod:BlazingStrike","DTMod:EchoTactic","DTMod:HeatWave+1","expansioncontent:DefensiveMode+1","Swift Strike","Flash of Steel","DTMod:EchoTactic","DTMod:CalculatedDefense+1","DTMod:RecklessFlurry","Decay","DTMod:BizarreTactic","DTMod:Training+1","DTMod:TauntingStrike+1","DTMod:LightShield","hubris:DuctTapeCard+2","DTMod:FlameSlash","hubris:NaturalOne","DTMod:Conduct+1","DTMod:DragonDance+1","Blind","Metamorphosis","Metamorphosis","DTMod:GearUp","DTMod:Training+1","Clumsy"],"relics":["DTMod:PactStone","NeowsBlessing","Guardian:PocketSentry","Strange Spoon","Regal Pillow","infinitespire:WardingShard","Eternal Feather","Frozen Egg 2","MealTicket","Cursed Key","DTMod:SolidMemories","Shuriken","hubris:Icosahedron","hubris:Backtick","hubris:DuctTape","Happy Flower","wanderingMiniBosses:MasterThiefsPresence","Blood Vial"],"acts_visited":["Exordium","TheCity","TheBeyond"],"potions_floor_usage":[11,16,28,37],"damage_taken":[{"damage":0,"enemies":"Cultist","floor":1,"turns":1},{"damage":0,"enemies":"Gremlin Nob","floor":6,"turns":1},{"damage":0,"enemies":"HollowMod:MossKnight","floor":8,"turns":1},{"damage":0,"enemies":"Jaw Worm","floor":10,"turns":3},{"damage":0,"enemies":"Small Slimes","floor":11,"turns":6},{"damage":0,"enemies":"3 Sentries","floor":12,"turns":9},{"damage":0,"enemies":"3 Louse","floor":14,"turns":2},{"damage":44,"enemies":"Slime Boss","floor":16,"turns":14},{"damage":0,"enemies":"Spheric Guardian","floor":18,"turns":4},{"damage":0,"enemies":"Book of Stabbing","floor":23,"turns":7},{"damage":0,"enemies":"2 Thieves","floor":25,"turns":5},{"damage":0,"enemies":"Snecko","floor":28,"turns":4},{"damage":0,"enemies":"3 Cultists","floor":29,"turns":5},{"damage":4,"enemies":"Chosen and Byrds","floor":30,"turns":7},{"damage":29,"enemies":"hubris:MusketHawk","floor":33,"turns":8},{"damage":0,"enemies":"Orb Walker","floor":35,"turns":6},{"damage":2,"enemies":"3 Shapes","floor":37,"turns":6},{"damage":20,"enemies":"Reptomancer","floor":41,"turns":7},{"damage":19,"enemies":"Transient","floor":42,"turns":5},{"damage":34,"enemies":"Giant Head","floor":44,"turns":8}],"seed_played":"-69222700518562027","potions_obtained":[{"floor":1,"key":"Energy Potion"},{"floor":8,"key":"potionbrewer:BarricadePotion"},{"floor":12,"key":"Fire Potion"},{"floor":18,"key":"SteroidPotion"},{"floor":23,"key":"potionbrewer:HastePotion"},{"floor":35,"key":"hexamod:EctoCoolerPotion"}],"is_trial":false,"path_per_floor":["M","?","$","?","$","E","R","E","T","M","M","E","?","M","R","B",null,"M","?","?","$","?","E","R","M","T","R","M","M","M","?","R","B",null,"M","?","M","$","?","R","E","M","T","E"],"character_chosen":"THE_DT","items_purchased":["expansioncontent:DashGenerateEvil","Guardian:PocketSentry","Strange Spoon","DTMod:ShadowImage","DTMod:DeepFocus","DTMod:EchoTactic","DTMod:CalculatedDefense+1","DTMod:RecklessFlurry","DTMod:DragonDance+1"],"campfire_rested":0,"item_purchase_floors":[3,3,3,3,5,21,21,21,38],"current_hp_per_floor":[45,45,45,45,45,45,45,45,45,45,45,45,45,45,45,1,45,45,45,18,33,33,33,45,45,45,45,45,45,41,41,45,16,45,45,45,43,45,35,45,25,6,6,0,0,0],"gold":1218,"neow_bonus":"THREE_ENEMY_KILL","is_daily":false,"chose_seed":false,"campfire_upgraded":5,"win_rate":0.0,"timestamp":1608232378,"path_taken":["M","?","$","?","$","E","R","E","T","M","M","E","?","?","R","BOSS","M","?","?","$","?","E","R","?","T","R","M","M","M","?","R","BOSS","M","?","M","?","?","R","E","M","T","E"],"items_purchased_type":["Card","Relic","Relic","Card","Card","Card","Card","Card","Card"],"build_version":"2020-12-13","purchased_purges":0,"victory":false,"max_hp_per_floor":[45,45,45,45,45,45,45,45,45,45,45,45,45,45,45,45,45,45,45,45,45,45,45,45,45,45,45,45,45,45,45,45,45,45,45,45,45,45,45,45,45,45,45,45,45,45],"card_choices":[{"not_picked":["DTMod:Cover","DTMod:BizarreTactic"],"picked":"DTMod:Training","floor":1},{"not_picked":["DTMod:TagTeam","DTMod:Punisher"],"picked":"DTMod:LightShield","floor":6},{"not_picked":["DTMod:Weaken","DTMod:StarRain"],"picked":"DTMod:LowKick","floor":8},{"not_picked":["DTMod:CleansingStrike","DTMod:Coolant"],"picked":"DTMod:Shift","floor":10},{"not_picked":["DTMod:MasterPlan","DTMod:Hide"],"picked":"DTMod:HeatWave","floor":11},{"not_picked":["DTMod:MagicField","DTMod:RecklessFlurry"],"picked":"DTMod:Harmonize+1","floor":12},{"not_picked":["DTMod:BreakAttack","DTMod:Haste"],"picked":"DTMod:BlazingStrike","floor":14},{"not_picked":["DTMod:SealedStrike","DTMod:HeadStart"],"picked":"DTMod:EchoTactic","floor":16},{"not_picked":["DTMod:BlazingStrike+1","DTMod:BuildUp+1"],"picked":"DTMod:HeatWave+1","floor":18},{"not_picked":["DTMod:BuildUp","DTMod:Feint","DTMod:StarRain"],"picked":"SKIP","floor":23},{"not_picked":["DTMod:Hide","DTMod:Shift","DTMod:Weaken"],"picked":"SKIP","floor":25},{"not_picked":["DTMod:MasterPlan","DTMod:LastStand+1"],"picked":"DTMod:BizarreTactic","floor":28},{"not_picked":["DTMod:LowKick","DTMod:HeatWave"],"picked":"DTMod:Training","floor":29},{"not_picked":["DTMod:Punisher","DTMod:BizarreTactic"],"picked":"DTMod:TauntingStrike+1","floor":30},{"not_picked":["DTMod:HeadStart","DTMod:Inferno"],"picked":"DTMod:LightShield","floor":33},{"not_picked":["DTMod:MasterPlan","DTMod:BurningEnergy"],"picked":"DTMod:FlameSlash","floor":35},{"not_picked":["DTMod:CrossStep+1","DTMod:Feint"],"picked":"DTMod:Conduct+1","floor":37},{"not_picked":["expansioncontent:Torchfire","expansioncontent:TimeRipple"],"picked":"Blind","floor":39},{"not_picked":["expansioncontent:TimeRipple","expansioncontent:ChargeUp"],"picked":"Metamorphosis","floor":39},{"not_picked":["expansioncontent:HyperBeam","expansioncontent:CaCaw+1"],"picked":"Metamorphosis","floor":39},{"not_picked":["DTMod:Inferno","DTMod:BlueScale+1"],"picked":"DTMod:GearUp","floor":41},{"not_picked":["DTMod:SneakAttack+1","DTMod:PurifyingFlame"],"picked":"DTMod:Training+1","floor":42}],"player_experience":255036,"relics_obtained":[{"floor":4,"key":"Regal Pillow"},{"floor":6,"key":"infinitespire:WardingShard"},{"floor":8,"key":"Eternal Feather"},{"floor":9,"key":"Frozen Egg 2"},{"floor":12,"key":"MealTicket"},{"floor":23,"key":"Shuriken"},{"floor":41,"key":"Happy Flower"},{"floor":42,"key":"wanderingMiniBosses:MasterThiefsPresence"},{"floor":43,"key":"Blood Vial"}],"event_choices":[{"cards_removed":["DTMod:Strike"],"damage_healed":0,"gold_gain":0,"player_choice":"Card Removal","damage_taken":0,"max_hp_gain":0,"max_hp_loss":0,"event_name":"The Cleric","floor":2,"gold_loss":50},{"damage_healed":0,"gold_gain":0,"player_choice":"Bought 0 Potions","damage_taken":0,"max_hp_gain":0,"max_hp_loss":0,"event_name":"The Woman in Blue","floor":13,"gold_loss":0},{"cards_removed":["DTMod:DeepFocus"],"damage_healed":0,"gold_gain":0,"player_choice":"Offered Uncommon","damage_taken":0,"max_hp_gain":0,"max_hp_loss":0,"event_name":"Bonfire Elementals","floor":19,"gold_loss":0},{"damage_healed":0,"gold_gain":0,"player_choice":"CARD CARD CARD ","damage_taken":27,"max_hp_gain":0,"max_hp_loss":0,"event_name":"Knowing Skull","floor":20,"potions_obtained":[],"gold_loss":0,"cards_obtained":["expansioncontent:DefensiveMode","Swift Strike","Flash of Steel"]},{"damage_healed":0,"gold_gain":0,"player_choice":"Gave Potion","damage_taken":0,"relics_obtained":["DTMod:SolidMemories"],"max_hp_gain":0,"max_hp_loss":0,"event_name":"WeMeetAgain","floor":22,"gold_loss":0},{"cards_removed":["DTMod:TargetDefense"],"damage_healed":0,"gold_gain":0,"player_choice":"Purged","damage_taken":0,"max_hp_gain":0,"max_hp_loss":0,"event_name":"Purifier","floor":36,"gold_loss":0},{"damage_healed":0,"gold_gain":0,"player_choice":"Random: Blue","damage_taken":0,"max_hp_gain":0,"max_hp_loss":0,"event_name":"betterThird:BetterPortal","floor":39,"gold_loss":0},{"damage_healed":0,"gold_gain":0,"player_choice":"Memory 3","damage_taken":10,"max_hp_gain":0,"max_hp_loss":0,"event_name":"SensoryStone","floor":39,"gold_loss":0}],"is_beta":false,"boss_relics":[{"not_picked":["Runic Dome","Runic Pyramid"],"picked":"Cursed Key"},{"not_picked":["hubris:VirtuousBlindfold","hubris:GrandSneckoEye"],"picked":"hubris:Backtick"}],"items_purged_floors":[],"is_endless":false,"potions_floor_spawned":[1,8,12,18,23,35],"killed_by":"Giant Head","ascension_level":0}}