{"host":"63rwe7p34ct1i0qu","time":1608184427,"event":{"mods":["BaseMod","DeckTracker","Minty Spire (QoL Compilation)","Permanent Neow","Quick Restart","StSLib"],"gold_per_floor":[213,213,213,288,304,304,338,353,401,219,235,235,235,247,247,349,349,369,369,369,383,402,402,402],"floor_reached":23,"playtime":558,"items_purged":[],"score":267,"play_id":"707dd0fc-1f1c-434b-9ad4-f38ccbbe1460","local_time":"20201217145347","is_ascension_mode":true,"campfire_choices":[{"data":"Bash","floor":6.0,"key":"SMITH"},{"floor":15,"key":"REST"}],"circlet_count":0,"master_deck":["Strike_R","Strike_R","Strike_R","Strike_R","Strike_R","Defend_R","Defend_R","Defend_R","Defend_R","Bash+1","Cleave","Thunderclap","Apotheosis+1","Cleave","Power Through","Demon Form+1","Disarm","Shrug It Off"],"relics":["Burning Blood","Strawberry","Happy Flower"],"acts_visited":["Exordium","TheCity"],"potions_floor_usage":[7,16,16,23],"damage_taken":[{"damage":6.0,"enemies":"Cultist","floor":1.0,"turns":4.0},{"damage":7.0,"enemies":"2 Louse","floor":5.0,"turns":4.0},{"damage":54,"enemies":"3 Sentries","floor":7,"turns":12},{"damage":7,"enemies":"Jaw Worm","floor":8,"turns":3},{"damage":0,"enemies":"Large Slime","floor":11,"turns":4},{"damage":6,"enemies":"2 Fungi Beasts","floor":14,"turns":3},{"damage":58,"enemies":"Hexaghost","floor":16,"turns":11},{"damage":16,"enemies":"Spheric Guardian","floor":18,"turns":5},{"damage":8,"enemies":"Chosen","floor":21,"turns":5},{"damage":57,"enemies":"Snecko","floor":22,"turns":7},{"damage":0,"enemies":"Slavers","floor":23,"turns":1}],"seed_played":"-7949522189024327914","potions_obtained":[{"floor":5.0,"key":"Dexterity Potion"},{"floor":7,"key":"SneckoOil"},{"floor":14,"key":"Regen Potion"},{"floor":22,"key":"EssenceOfSteel"}],"is_trial":false,"path_per_floor":["M","$","?","?","M","R","E","M","T","$","M","?","?","M","R","B",null,"M","$","?","M","M","E"],"character_chosen":"IRONCLAD","items_purchased":["Apotheosis"],"campfire_rested":1,"item_purchase_floors":[10],"current_hp_per_floor":[72,72,77,66,65,65,24,23,23,23,29,29,29,29,56,19,74,64,64,64,62,11,11,11],"gold":402,"neow_bonus":"HUNDRED_GOLD","is_daily":false,"chose_seed":false,"campfire_upgraded":1,"win_rate":0.0,"timestamp":1608184427,"path_taken":["M","$","?","?","M","R","E","M","T","?","M","?","?","M","R","BOSS","M","?","?","M","?","E"],"items_purchased_type":["Card"],"build_version":"2020-12-13","purchased_purges":0,"victory":false,"max_hp_per_floor":[80,80,85,85,85,85,92,92,92,92,92,92,92,92,92,92,92,92,92,92,92,92,92,92],"card_choices":[{"not_picked":["Havoc","Burning Pact","Sword Boomerang"],"picked":"SKIP","floor":1.0},{"not_picked":["Iron Wave","Warcry"],"picked":"Cleave","floor":5.0},{"not_picked":["Iron Wave","Sword Boomerang"],"picked":"Thunderclap","floor":7},{"not_picked":["Body Slam","Seeing Red","Flex"],"picked":"SKIP","floor":8},{"not_picked":["Infernal Blade","Twin Strike"],"picked":"Cleave","floor":11},{"not_picked":["Iron Wave","Carnage"],"picked":"Power Through","floor":14},{"not_picked":["Corruption","Barricade"],"picked":"Demon Form","floor":16},{"not_picked":["Burning Pact","Spot Weakness"],"picked":"Disarm","floor":18},{"not_picked":["Inflame","Thunderclap"],"picked":"Shrug It Off","floor":21},{"not_picked":["Armaments","Clothesline","Uppercut"],"picked":"SKIP","floor":22}],"player_experience":783476,"relics_obtained":[{"floor":7,"key":"Strawberry"},{"floor":9,"key":"Happy Flower"}],"event_choices":[{"damage_healed":0.0,"max_hp_gain":5.0,"max_hp_loss":0.0,"gold_gain":0.0,"event_name":"Big Fish","player_choice":"Donut","floor":3.0,"gold_loss":0.0,"damage_taken":0.0},{"damage_healed":0.0,"max_hp_gain":0.0,"max_hp_loss":0.0,"gold_gain":75.0,"event_name":"World of Goop","player_choice":"Gather Gold","floor":4.0,"gold_loss":0.0,"damage_taken":11.0},{"damage_healed":0,"gold_gain":0,"player_choice":"Ignored","damage_taken":0,"max_hp_gain":0,"max_hp_loss":0,"event_name":"Shining Light","floor":12,"gold_loss":0},{"damage_healed":0,"gold_gain":0,"player_choice":"Upgraded","damage_taken":0,"max_hp_gain":0,"max_hp_loss":0,"event_name":"Upgrade Shrine","floor":13,"gold_loss":0,"cards_upgraded":["Apotheosis"]},{"damage_healed":0,"gold_gain":0,"player_choice":"Upgraded","damage_taken":0,"max_hp_gain":0,"max_hp_loss":0,"event_name":"Upgrade Shrine","floor":20,"gold_loss":0,"cards_upgraded":["Demon Form"]}],"is_beta":false,"boss_relics":[{"not_picked":["Runic Dome","Ectoplasm","Runic Pyramid"]}],"items_purged_floors":[],"is_endless":false,"potions_floor_spawned":[5,7,14,22],"killed_by":"Slavers","ascension_level":8}}