{"host":"udzsrhbqdxqtlypj","time":1608222717,"event":{"mods":["BaseMod","Minty Spire (QoL Compilation)","Relic Stats"],"gold_per_floor":[112,131,29,46,60,86,103,103,103,103,130,130,130,155,155,250,250,267,267,282,297,311,311,311],"floor_reached":23,"playtime":1665,"items_purged":[],"score":432,"play_id":"1577baf0-509f-4545-98d2-2b527efbcd66","local_time":"20201217103157","is_ascension_mode":true,"campfire_choices":[{"data":"Neutralize","floor":8.0,"key":"SMITH"},{"data":"Eviscerate","floor":10.0,"key":"SMITH"},{"data":"Acrobatics","floor":12.0,"key":"SMITH"},{"data":"Reflex","floor":15.0,"key":"SMITH"}],"circlet_count":0,"master_deck":["AscendersBane","Strike_G","Strike_G","Strike_G","Strike_G","Defend_G","Defend_G","Defend_G","Defend_G","Defend_G","Survivor","Neutralize+1","Dagger Throw","Masterful Stab","Acrobatics+1","Underhanded Strike","Skewer","PiercingWail","Eviscerate+1","Reflex+1","Adrenaline","CurseOfTheBell","Well Laid Plans+1","Decay","Venomology"],"relics":["Ring of the Snake","Akabeko","HornCleat","Lizard Tail","Eternal Feather","Turnip","Calling Bell","Boot","Question Card","Thread and Needle"],"acts_visited":["Exordium","TheCity"],"potions_floor_usage":[16,21,23,23],"damage_taken":[{"damage":0.0,"enemies":"Small Slimes","floor":1.0,"turns":5.0},{"damage":0.0,"enemies":"Cultist","floor":2.0,"turns":3.0},{"damage":0.0,"enemies":"Jaw Worm","floor":4.0,"turns":3.0},{"damage":0.0,"enemies":"Large Slime","floor":5.0,"turns":3.0},{"damage":12.0,"enemies":"3 Sentries","floor":6.0,"turns":8.0},{"damage":0.0,"enemies":"Exordium Wildlife","floor":7.0,"turns":2.0},{"damage":0.0,"enemies":"Gremlin Nob","floor":11.0,"turns":3.0},{"damage":1.0,"enemies":"Lagavulin","floor":14.0,"turns":3.0},{"damage":0,"enemies":"Slime Boss","floor":16,"turns":8},{"damage":0,"enemies":"Spheric Guardian","floor":18,"turns":2},{"damage":7,"enemies":"2 Thieves","floor":20,"turns":4},{"damage":1,"enemies":"3 Cultists","floor":21,"turns":5},{"damage":0,"enemies":"Centurion and Healer","floor":22,"turns":5},{"damage":111,"enemies":"Book of Stabbing","floor":23,"turns":8}],"seed_played":"3516908490907415391","potions_obtained":[{"floor":1.0,"key":"Dexterity Potion"},{"floor":7.0,"key":"Strength Potion"},{"floor":11.0,"key":"LiquidMemories"},{"floor":14.0,"key":"FearPotion"},{"floor":18,"key":"FearPotion"}],"is_trial":false,"path_per_floor":["M","M","$","M","M","E","M","R","T","R","E","R","?","E","R","B",null,"M","?","M","M","M","E"],"character_chosen":"THE_SILENT","items_purchased":["Acrobatics","Underhanded Strike"],"campfire_rested":0,"item_purchase_floors":[3,3],"current_hp_per_floor":[63,63,63,63,63,51,51,51,51,51,51,63,63,62,70,70,70,70,70,63,62,62,0,0],"gold":311,"neow_bonus":"RANDOM_COMMON_RELIC","is_daily":false,"chose_seed":false,"campfire_upgraded":4,"win_rate":0.0,"timestamp":1608222717,"path_taken":["M","M","$","M","M","E","M","R","T","R","E","R","?","E","R","BOSS","M","?","?","M","M","E"],"items_purchased_type":["Card","Card"],"build_version":"2020-12-13","purchased_purges":0,"victory":false,"max_hp_per_floor":[70,70,70,70,70,70,70,70,70,70,70,70,70,70,70,70,70,70,70,70,70,70,70,70],"relic_stats":{"Lizard Tail":35,"counters":[14,62],"Eternal Feather":20,"Turnip":[12],"Boot":[14],"Question Card":4,"obtain_stats":[{"Calling Bell":17,"Lizard Tail":9,"HornCleat":6,"Eternal Feather":11,"Thread and Needle":17,"Turnip":14,"Boot":17,"Question Card":17,"Akabeko":0,"Ring of the Snake":0},{"Calling Bell":9,"Lizard Tail":6,"HornCleat":5,"Eternal Feather":7,"Thread and Needle":9,"Turnip":8,"Boot":9,"Question Card":9,"Akabeko":0,"Ring of the Snake":0},{"Calling Bell":38,"Lizard Tail":24,"HornCleat":22,"Eternal Feather":27,"Thread and Needle":38,"Turnip":30,"Boot":38,"Question Card":38,"Akabeko":0,"Ring of the Snake":0}],"Ring of the Snake":[28]},"card_choices":[{"not_picked":["Sucker Punch","Blade Dance"],"picked":"Dagger Throw","floor":1.0},{"not_picked":["Blur","Catalyst"],"picked":"Masterful Stab","floor":2.0},{"not_picked":["Outmaneuver","Slice"],"picked":"Skewer","floor":4.0},{"not_picked":["Riddle With Holes","Acrobatics"],"picked":"PiercingWail","floor":5.0},{"not_picked":["Outmaneuver","Backflip"],"picked":"Eviscerate","floor":6.0},{"not_picked":["Blade Dance","Acrobatics","A Thousand Cuts"],"picked":"SKIP","floor":7.0},{"not_picked":["Choke","All Out Attack","Escape Plan"],"picked":"SKIP","floor":11.0},{"not_picked":["Quick Slash","Accuracy"],"picked":"Reflex","floor":14.0},{"not_picked":["Unload","Burst"],"picked":"Adrenaline","floor":16},{"not_picked":["Acrobatics","Prepared","Cloak And Dagger"],"picked":"Well Laid Plans+1","floor":18},{"not_picked":["Well Laid Plans","Dodge and Roll","Heel Hook","Infinite Blades+1"],"picked":"SKIP","floor":20},{"not_picked":["Well Laid Plans","Bane","Poisoned Stab"],"picked":"Venomology","floor":21},{"not_picked":["Flying Knee","Dodge and Roll","Deadly Poison","Outmaneuver"],"picked":"SKIP","floor":22}],"player_experience":2636646,"relics_obtained":[{"floor":6.0,"key":"HornCleat"},{"floor":9.0,"key":"Lizard Tail"},{"floor":11.0,"key":"Eternal Feather"},{"floor":14.0,"key":"Turnip"},{"floor":17,"key":"Boot"},{"floor":17,"key":"Question Card"},{"floor":17,"key":"Thread and Needle"}],"event_choices":[{"cards_removed":["Strike_G"],"damage_healed":0.0,"max_hp_gain":0.0,"max_hp_loss":0.0,"gold_gain":0.0,"event_name":"Living Wall","player_choice":"Forget","floor":13.0,"gold_loss":0.0,"damage_taken":0.0},{"damage_healed":0,"gold_gain":0,"player_choice":"Cursed","damage_taken":0,"max_hp_gain":0,"max_hp_loss":0,"event_name":"Wheel of Change","floor":19,"gold_loss":0,"cards_obtained":["Decay"]}],"is_beta":false,"boss_relics":[{"not_picked":["Ring of the Serpent","Ectoplasm"],"picked":"Calling Bell"}],"items_purged_floors":[],"is_endless":false,"potions_floor_spawned":[1,7,11,14,18],"killed_by":"Book of Stabbing","ascension_level":10}}