{"host":"igi9xpgoc000gxf5","time":1608234587,"event":{"mods":["BaseMod","Colored Powertips","Downfall","Googly Eyes","Minty Spire (QoL Compilation)","StSLib"],"gold_per_floor":[99,99,30,30,15,42,42,61,61,95,95,105,105,120,134,235,235,10,10,0,0,0,0,0,19,19,47,68,68,85,85,95,204,204,204,228,159,159,171,225,270,328,350,350,378,82,182,182,209,209,209],"floor_reached":50,"playtime":3313,"items_purged":[],"score":566,"play_id":"824b516b-f720-4925-a6ff-1d2a2c0cbd84","local_time":"20201217204947","is_ascension_mode":false,"campfire_choices":[{"floor":1.0,"key":"RECALL"},{"floor":9.0,"key":"REST"},{"data":"hexamod:TimeOfNeed","floor":18.0,"key":"SMITH"},{"floor":26.0,"key":"REST"},{"data":"hexamod:GhostflameInferno","floor":35.0,"key":"SMITH"},{"floor":44,"key":"REST"}],"circlet_count":0,"master_deck":["hexamod:Strike+1","hexamod:Strike+1","hexamod:Strike+1","hexamod:Defend+1","hexamod:Defend+1","hexamod:Defend+1","hexamod:Defend+1","hexamod:Sear+1","hexamod:Float+1","hexamod:SixthSeal","hexamod:Hexaguard+1","hexamod:RainOfEmbers+1","hexamod:Firestarter+1","hexamod:SwordOfDarkness+1","hexamod:SkipABeat+1","hexamod:PhantomFireball+1","Parasite","hexamod:PhantomFireball+1","hexamod:HauntingEcho+1","hexamod:TimeOfNeed+1","hexamod:TimeOfNeed+1","hexamod:SecondSeal","hexamod:FlamesFromBeyond","hexamod:ChargedBarrage+1","hexamod:InspiringFlames","hexamod:Firestarter+1","hexamod:GhostflameInferno+1","hexamod:ThermalTransfer+1","hexamod:VolcanoVisage","hexamod:GhostflameBarrier+1","hexamod:RadiantFlame","hexamod:Incineration+1","hexamod:SkipABeat+1","hexamod:ThermalTransfer+1","hexamod:BurningTouch","hexamod:SwordOfDarkness+1","hexamod:NightmareGuise+1","hexamod:NightmareGuise"],"relics":["hexamod:SpiritBrand","downfall:ShatteredFragment","hexamod:MatchstickCase","hexamod:IceCube","downfall:HeartBlessingRed","downfall:HeartBlessingBlue","downfall:HeartBlessingGreen","Bag of Preparation","Molten Egg 2","Letter Opener","Empty Cage","Juzu Bracelet","Nunchaku","Potion Belt","Anchor","Gambling Chip","Pen Nib","ClockworkSouvenir"],"acts_visited":["Exordium","TheCity","TheBeyond"],"potions_floor_usage":[50,50,50,50,50],"damage_taken":[{"damage":0.0,"enemies":"downfall:FleeingMerchant","floor":3.0,"turns":4.0},{"damage":13.0,"enemies":"downfall:FleeingMerchant","floor":5.0,"turns":4.0},{"damage":22.0,"enemies":"3 Sentries","floor":6.0,"turns":9.0},{"damage":6.0,"enemies":"2 Louse","floor":8.0,"turns":3.0},{"damage":2.0,"enemies":"Gremlin Nob","floor":10.0,"turns":3.0},{"damage":0.0,"enemies":"Jaw Worm","floor":12.0,"turns":2.0},{"damage":2.0,"enemies":"Small Slimes","floor":14.0,"turns":4.0},{"damage":2.0,"enemies":"3 Louse","floor":15.0,"turns":3.0},{"damage":36.0,"enemies":"downfall:Silent","floor":16.0,"turns":7.0},{"damage":1.0,"enemies":"downfall:FleeingMerchant","floor":20.0,"turns":4.0},{"damage":7.0,"enemies":"downfall:FleeingMerchant","floor":22.0,"turns":4.0},{"damage":6.0,"enemies":"Shell Parasite","floor":25.0,"turns":4.0},{"damage":13.0,"enemies":"Gremlin Leader","floor":27.0,"turns":5.0},{"damage":6.0,"enemies":"3 Byrds","floor":28.0,"turns":4.0},{"damage":5.0,"enemies":"Sentry and Sphere","floor":30.0,"turns":4.0},{"damage":4.0,"enemies":"3 Cultists","floor":32.0,"turns":4.0},{"damage":33.0,"enemies":"downfall:Watcher","floor":33.0,"turns":7.0},{"damage":13.0,"enemies":"3 Shapes","floor":36.0,"turns":4.0},{"damage":0.0,"enemies":"downfall:FleeingMerchant","floor":37.0,"turns":1.0},{"damage":0,"enemies":"Orb Walker","floor":39,"turns":2},{"damage":13,"enemies":"Mind Bloom Boss Battle","floor":42,"turns":4},{"damage":4,"enemies":"Maw","floor":43,"turns":6},{"damage":42,"enemies":"Writhing Mass","floor":45,"turns":7},{"damage":17,"enemies":"3 Darklings","floor":49,"turns":5},{"damage":17,"enemies":"downfall:Ironclad","floor":50,"turns":8}],"seed_played":"-8453010493868279560","potions_obtained":[{"floor":6.0,"key":"AttackPotion"},{"floor":10.0,"key":"sneckomod:MuddlingPotion"},{"floor":16.0,"key":"DuplicationPotion"},{"floor":27.0,"key":"Weak Potion"},{"floor":28.0,"key":"BlessingOfTheForge"},{"floor":33.0,"key":"champ:CounterPotion"},{"floor":43,"key":"ColorlessPotion"},{"floor":45,"key":"DuplicationPotion"}],"is_trial":false,"path_per_floor":["R","?","$","?","$","E","T","M","R","E","?","M","?","M","M","B",null,"R","?","$","?","$","?","T","M","R","E","M","?","M","?","M","B",null,"R","M","$","?","M","T","T","?","M","R","M","$","?","?","M","B"],"character_chosen":"THE_SPIRIT","items_purchased":["hexamod:Hexaguard","Juzu Bracelet","Nunchaku","hexamod:RadiantFlame","hexamod:Incineration+1","Pen Nib","ClockworkSouvenir"],"campfire_rested":3,"item_purchase_floors":[3,37,37,37,37,46,46],"current_hp_per_floor":[70,49,49,49,36,14,14,8,29,27,27,27,44,42,40,4,70,80,80,79,79,72,72,72,66,80,67,61,80,75,75,71,38,80,80,67,67,67,67,67,67,54,50,74,32,32,32,32,15,0,0],"gold":209,"neow_bonus":"UPGRADE_CARD","is_daily":false,"chose_seed":false,"campfire_upgraded":2,"win_rate":0.0,"timestamp":1608234587,"path_taken":["R","?","$","?","$","E","T","M","R","E","?","M","?","?","M","BOSS","R","?","$","?","$","?","T","M","R","E","M","?","M","?","M","BOSS","R","M","$","?","M","?","T","?","M","R","M","$","?","?","M","BOSS"],"items_purchased_type":["Card","Relic","Relic","Card","Card","Relic","Relic"],"build_version":"2020-12-13","purchased_purges":0,"victory":false,"max_hp_per_floor":[70,70,70,70,70,70,70,70,70,70,70,70,70,70,70,70,70,80,80,80,80,80,80,80,80,80,80,80,80,80,80,80,80,80,80,80,80,80,80,80,80,80,80,80,80,80,80,80,80,80,80],"card_choices":[{"not_picked":["hexamod:Rewind","hexamod:HauntingEcho"],"picked":"hexamod:SixthSeal","floor":3.0},{"not_picked":["hexamod:UnleashSpirits","hexamod:SpectralAdrenaline"],"picked":"hexamod:RainOfEmbers","floor":5.0},{"not_picked":["hexamod:BurningTouch","hexamod:GhostLash"],"picked":"hexamod:Firestarter","floor":6.0},{"not_picked":["hexamod:NightmareGuise","hexamod:BacktrackSmack"],"picked":"hexamod:SwordOfDarkness","floor":8.0},{"not_picked":["hexamod:HauntingEcho","hexamod:ThermalTransfer"],"picked":"hexamod:SkipABeat","floor":10.0},{"not_picked":["hexamod:NightmareStrike","hexamod:SpectersWail"],"picked":"hexamod:PhantomFireball","floor":12.0},{"not_picked":["hexamod:GhostOfSpirePresent","hexamod:SpectersWail"],"picked":"hexamod:PhantomFireball","floor":14.0},{"not_picked":["hexamod:HeatShield","hexamod:NightmareStrike"],"picked":"hexamod:HauntingEcho","floor":15.0},{"not_picked":["hexamod:CrushingStance","hexamod:UnleashSpirits"],"picked":"hexamod:TimeOfNeed","floor":16.0},{"not_picked":["hexamod:BacktrackSmack","hexamod:GhostShield"],"picked":"hexamod:TimeOfNeed","floor":20.0},{"not_picked":["hexamod:GhostOfSpirePast","hexamod:AdvancingGuard"],"picked":"hexamod:SecondSeal","floor":22.0},{"not_picked":["hexamod:HauntingEcho+1","hexamod:GhostShield"],"picked":"hexamod:FlamesFromBeyond","floor":25.0},{"not_picked":["hexamod:Rewind+1","hexamod:InspiringFlames+1"],"picked":"hexamod:ChargedBarrage","floor":27.0},{"not_picked":["hexamod:RecurringNightmare","hexamod:HeatMetal+1"],"picked":"hexamod:InspiringFlames","floor":28.0},{"not_picked":["hexamod:PhantomCloak+1","hexamod:GhostflameInferno"],"picked":"hexamod:Firestarter+1","floor":30.0},{"not_picked":["hexamod:GhostOfSpirePast+1","hexamod:NecessarySacrifice"],"picked":"hexamod:ThermalTransfer+1","floor":32.0},{"not_picked":["hexamod:TimeWarp+1","hexamod:SixthSeal"],"picked":"hexamod:VolcanoVisage","floor":33.0},{"not_picked":["hexamod:BurningTouch+1","hexamod:SpectersWail+1"],"picked":"hexamod:GhostflameBarrier+1","floor":36.0},{"not_picked":["hexamod:InspiringFlames+1","hexamod:RainOfEmbers+1"],"picked":"hexamod:ThermalTransfer+1","floor":39},{"not_picked":["hexamod:ThermalTransfer+1","hexamod:GhostLash+1"],"picked":"hexamod:BurningTouch","floor":42},{"not_picked":["hexamod:BacktrackSmack+1","hexamod:RainOfEmbers+1"],"picked":"hexamod:SwordOfDarkness+1","floor":43},{"not_picked":["hexamod:GhostLash+1","hexamod:FlamesFromBeyond"],"picked":"hexamod:NightmareGuise+1","floor":45},{"not_picked":["hexamod:Haunt","hexamod:SwordOfDarkness+1"],"picked":"hexamod:NightmareGuise","floor":49}],"player_experience":879106,"relics_obtained":[{"floor":6.0,"key":"hexamod:MatchstickCase"},{"floor":10.0,"key":"Centennial Puzzle"},{"floor":24.0,"key":"Molten Egg 2"},{"floor":27.0,"key":"Letter Opener"},{"floor":40,"key":"Potion Belt"},{"floor":41,"key":"Anchor"},{"floor":42,"key":"Gambling Chip"}],"event_choices":[{"damage_healed":0.0,"max_hp_gain":0.0,"max_hp_loss":0.0,"gold_gain":0.0,"event_name":"Scrap Ooze","player_choice":"Fled","floor":11.0,"gold_loss":0.0,"damage_taken":0.0},{"damage_healed":17.0,"max_hp_gain":0.0,"max_hp_loss":0.0,"gold_gain":0.0,"event_name":"Mushrooms","player_choice":"Healed and dodged fight","floor":13.0,"gold_loss":0.0,"damage_taken":0.0,"cards_obtained":["Parasite"]},{"damage_healed":0.0,"max_hp_gain":0.0,"max_hp_loss":0.0,"gold_gain":0.0,"event_name":"Vampires","player_choice":"Ignored","floor":21.0,"gold_loss":0.0,"damage_taken":0.0},{"damage_healed":26.0,"max_hp_gain":0.0,"max_hp_loss":0.0,"gold_gain":0.0,"event_name":"The Library","player_choice":"Heal","floor":29.0,"gold_loss":0.0,"damage_taken":0.0},{"damage_healed":0,"gold_gain":0,"player_choice":"Copied","damage_taken":0,"max_hp_gain":0,"max_hp_loss":0,"event_name":"Duplicator","floor":38,"gold_loss":0,"cards_obtained":["hexamod:SkipABeat"]}],"is_beta":false,"boss_relics":[{"not_picked":["Runic Dome","Snecko Eye"],"picked":"hexamod:IceCube"},{"not_picked":["Astrolabe","SacredBark"],"picked":"Empty Cage"}],"items_purged_floors":[],"is_endless":false,"potions_floor_spawned":[6,10,16,27,28,33,43,45],"killed_by":"downfall:Ironclad","ascension_level":0}}