{"host":"rob","time":1608193296,"event":{"mods":["2.2 Compatiblity","BaseMod","Minty Spire (QoL Compilation)","StSLib"],"gold_per_floor":[14,14,25,100,1,1,33,46,46,46,82,82,107,125,125,221,221,245,245,45,64,64,64,64,103,103,3,3,46,71,71,71,71,71],"floor_reached":33,"playtime":1506,"items_purged":["Strike_B","Strike_B"],"score":678,"play_id":"3d74f4e5-9a0c-44db-9040-48d32683f17c","local_time":"20201217032136","is_ascension_mode":true,"campfire_choices":[{"data":"Rebound","floor":6,"key":"SMITH"},{"data":"Steam","floor":15,"key":"SMITH"},{"floor":23,"key":"RECALL"},{"floor":32,"key":"REST"}],"circlet_count":0,"master_deck":["AscendersBane","Strike_B","Strike_B","Defend_B","Defend_B","Defend_B","Defend_B","Zap","Dualcast","Hyperbeam+1","BootSequence","Rebound+1","Trip","Rip and Tear","Coolheaded","Steam+1","Sunder","All For One","Seek","Streamline","Rebound","Mind Blast","Sweeping Beam","Ghostly","Ghostly","Ghostly","Genetic Algorithm","Sunder+1","RitualDagger"],"relics":["Cracked Core","Pear","Bag of Preparation","Golden Idol","InkBottle","Fusion Hammer","Calipers","Akabeko","Bottled Flame","Smiling Mask"],"acts_visited":["Exordium","TheCity"],"potions_floor_usage":[16],"damage_taken":[{"damage":0,"enemies":"Jaw Worm","floor":1,"turns":2},{"damage":0,"enemies":"2 Louse","floor":3,"turns":2},{"damage":20,"enemies":"Lagavulin","floor":7,"turns":6},{"damage":0,"enemies":"Small Slimes","floor":8,"turns":2},{"damage":6,"enemies":"Gremlin Nob","floor":11,"turns":3},{"damage":0,"enemies":"2 Fungi Beasts","floor":13,"turns":1},{"damage":0,"enemies":"Exordium Wildlife","floor":14,"turns":2},{"damage":18,"enemies":"The Guardian","floor":16,"turns":12},{"damage":0,"enemies":"Spheric Guardian","floor":18,"turns":3},{"damage":0,"enemies":"2 Thieves","floor":21,"turns":2},{"damage":0,"enemies":"Gremlin Leader","floor":25,"turns":6},{"damage":0,"enemies":"Slavers","floor":29,"turns":4},{"damage":51,"enemies":"Automaton","floor":33,"turns":8}],"seed_played":"3003996580293750557","potions_obtained":[{"floor":8,"key":"Explosive Potion"},{"floor":11,"key":"GamblersBrew"},{"floor":13,"key":"DuplicationPotion"},{"floor":16,"key":"FearPotion"}],"is_trial":false,"path_per_floor":["M","?","M","?","$","R","E","M","T","?","E","?","M","M","R","B",null,"M","?","$","M","?","R","?","E","T","$","?","E","T","?","R","B"],"character_chosen":"DEFECT","items_purchased":["Trip","Rebound","Mind Blast"],"campfire_rested":1,"item_purchase_floors":[5,20,20],"current_hp_per_floor":[64,64,64,53,53,53,43,43,43,43,37,42,42,42,42,24,65,65,65,65,65,39,39,39,39,39,39,33,33,33,49,49,0,0],"gold":71,"neow_bonus":"THREE_RARE_CARDS","is_daily":false,"chose_seed":false,"campfire_upgraded":2,"win_rate":0.0,"timestamp":1608193296,"path_taken":["M","?","M","?","$","R","E","M","T","?","E","?","?","M","R","BOSS","M","?","?","?","?","R","?","E","T","$","?","E","?","?","R","BOSS"],"items_purchased_type":["Card","Card","Card"],"build_version":"2020-12-07","purchased_purges":2,"victory":false,"max_hp_per_floor":[71,71,71,71,71,71,81,81,81,73,73,78,78,78,78,78,78,78,78,78,78,39,39,39,39,39,39,39,39,39,49,49,49,49],"card_choices":[{"not_picked":["Thunder Strike","Electrodynamics"],"picked":"Hyperbeam","floor":0},{"not_picked":["Cold Snap","Go for the Eyes"],"picked":"BootSequence","floor":1},{"not_picked":["Steam","Stack"],"picked":"Rebound","floor":3},{"not_picked":["Beam Cell","Scrape"],"picked":"Rip and Tear","floor":7},{"not_picked":["Barrage","BootSequence"],"picked":"Coolheaded","floor":8},{"not_picked":["Lockon","Heatsinks"],"picked":"Steam","floor":11},{"not_picked":["Rebound","Scrape"],"picked":"Sunder","floor":13},{"not_picked":["Go for the Eyes","Stack"],"picked":"All For One","floor":14},{"not_picked":["Rainbow","Amplify"],"picked":"Seek","floor":16},{"not_picked":["Barrage","Redo"],"picked":"Streamline","floor":18},{"not_picked":["Cold Snap+1","Go for the Eyes"],"picked":"Sweeping Beam","floor":21},{"not_picked":["Hologram","Capacitor"],"picked":"Sunder+1","floor":25},{"not_picked":["Conserve Battery","Cold Snap"],"picked":"Meteor Strike","floor":29}],"player_experience":1038569,"relics_obtained":[{"floor":7,"key":"Pear"},{"floor":9,"key":"Bag of Preparation"},{"floor":11,"key":"InkBottle"},{"floor":25,"key":"Calipers"},{"floor":26,"key":"Akabeko"},{"floor":29,"key":"Bottled Flame"},{"floor":30,"key":"Smiling Mask"}],"event_choices":[{"damage_healed":0,"gold_gain":0,"player_choice":"Grow","damage_taken":0,"max_hp_gain":0,"max_hp_loss":0,"event_name":"Living Wall","floor":2,"gold_loss":0,"cards_upgraded":["Hyperbeam"]},{"damage_healed":0,"gold_gain":75,"player_choice":"Gather Gold","damage_taken":11,"max_hp_gain":0,"max_hp_loss":0,"event_name":"World of Goop","floor":4,"gold_loss":0},{"damage_healed":0,"gold_gain":0,"player_choice":"Lose Max HP","damage_taken":0,"relics_obtained":["Golden Idol"],"max_hp_gain":0,"max_hp_loss":8,"event_name":"Golden Idol","floor":10,"gold_loss":0},{"damage_healed":0,"gold_gain":0,"player_choice":"Donut","damage_taken":0,"max_hp_gain":5,"max_hp_loss":0,"event_name":"Big Fish","floor":12,"gold_loss":0},{"damage_healed":0,"gold_gain":0,"player_choice":"0 cards matched","damage_taken":0,"max_hp_gain":0,"max_hp_loss":0,"event_name":"Match and Keep!","floor":19,"gold_loss":0,"cards_obtained":[]},{"damage_healed":0,"gold_gain":0,"player_choice":"Became a Ghost","damage_taken":0,"max_hp_gain":0,"max_hp_loss":39,"event_name":"Ghosts","floor":22,"gold_loss":0,"cards_obtained":["Ghostly","Ghostly","Ghostly"]},{"damage_healed":0,"gold_gain":0,"player_choice":"Read","damage_taken":0,"max_hp_gain":0,"max_hp_loss":0,"event_name":"The Library","floor":24,"gold_loss":0,"cards_obtained":["Genetic Algorithm"]},{"damage_healed":0,"gold_gain":0,"player_choice":"Joined the Cult","damage_taken":6,"max_hp_gain":0,"max_hp_loss":0,"event_name":"Nest","floor":28,"gold_loss":0,"cards_obtained":["RitualDagger"]},{"cards_removed":["Meteor Strike"],"damage_healed":6,"gold_gain":0,"player_choice":"Offered Rare","damage_taken":0,"max_hp_gain":10,"max_hp_loss":0,"event_name":"Bonfire Elementals","floor":31,"gold_loss":0}],"is_beta":true,"boss_relics":[{"not_picked":["Astrolabe","Busted Crown"],"picked":"Fusion Hammer"}],"items_purged_floors":[20,27],"is_endless":false,"potions_floor_spawned":[8,11,13,16,18,29],"killed_by":"Automaton","ascension_level":20}}