{"host":"6p0attdrtjqaih7v","time":1608236245,"event":{"mods":["2.2 Compatiblity","AchievementEnabler","Bard","BaseMod","Better Skull","Better Third Choice","Colored Powertips","Hermit","Highlight Path","Jorbs\u0027s Wanderer Trilogy","Key Reminder","Minty Spire (QoL Compilation)","Permanent Neow","Quick Restart","Random Character Button","Relic Stats","Replay The Spire","StSLib","The Construct"],"gold_per_floor":[112,123,123,18,18,51,51,71,71,71,87,113,157,2,2,88,88,115,133,160,169,195,195,224,224,249,283,84,84,108,117,117,190,190,210,228,264,314,340,340,366,379,454,260,260,276,303,303,303,303],"floor_reached":51,"playtime":2814,"items_purged":["construct:Strike_Gold","construct:Strike_Gold","construct:Strike_Gold"],"score":1616,"play_id":"43956b5d-4988-4425-91fe-6cfd13b1057c","local_time":"20201217151725","is_ascension_mode":true,"campfire_choices":[{"data":"ReplayTheSpireMod:Armaments MK-II","floor":7,"key":"SMITH"},{"data":"construct:SweepLaser","floor":10,"key":"SMITH"},{"data":"construct:OneWayMirror","floor":15,"key":"SMITH"},{"data":"construct:ShieldGenerator","floor":23,"key":"SMITH"},{"data":"construct:ShieldBurst","floor":25,"key":"SMITH"},{"data":"Impatience","floor":29,"key":"SMITH"},{"data":"construct:Enhance","floor":32,"key":"SMITH"},{"data":"construct:Backup","floor":40,"key":"SMITH"},{"data":"J.A.X.","floor":45,"key":"SMITH"},{"data":"PanicButton","floor":49,"key":"SMITH"}],"circlet_count":0,"master_deck":["AscendersBane","construct:Strike_Gold","construct:Defend_Gold","construct:Defend_Gold","construct:Defend_Gold","construct:Defend_Gold+1","construct:Defend_Gold","construct:DefenseMode+1","construct:ShieldBurst+1","PanicButton+1","ReplayTheSpireMod:Armaments MK-II+1","construct:ScrapCannon","construct:SweepLaser+1","construct:MoltenSmash","construct:OneWayMirror+1","construct:ShieldGenerator+1","construct:CreateCores","Ghostly","Ghostly","Ghostly","Ghostly","construct:PhosphorStorm+1","construct:SuppressiveFire","Impatience+1","construct:Enhance+1","J.A.X.+1","Master of Strategy","Dark Shackles","construct:Backup+1","construct:FlashFreeze"],"relics":["Burning Blood","Gremlin Horn","Mercury Hourglass","CeramicFish","PreservedInsect","Coffee Dripper","Pen Nib","Centennial Puzzle","Meat on the Bone","construct:ClawGrip","War Paint","Pet Ghost","keyreminder:keyreminder","Golden Egg"],"acts_visited":["Exordium","TheCity","TheBeyond"],"potions_floor_usage":[13,19,33,41,50,50,50],"damage_taken":[{"damage":0,"enemies":"2 Louse","floor":1,"turns":2},{"damage":8,"enemies":"Jaw Worm","floor":2,"turns":7},{"damage":0,"enemies":"3 Sentries","floor":6,"turns":1},{"damage":6,"enemies":"Cultist","floor":8,"turns":4},{"damage":0,"enemies":"3 Louse","floor":11,"turns":1},{"damage":11,"enemies":"Replay:BlueRogue","floor":13,"turns":4},{"damage":38,"enemies":"Slime Boss","floor":16,"turns":9},{"damage":8,"enemies":"Chosen","floor":18,"turns":6},{"damage":14,"enemies":"2 Thieves","floor":19,"turns":5},{"damage":10,"enemies":"Shelled Parasite and Fungi","floor":22,"turns":6},{"damage":0,"enemies":"Slavers","floor":24,"turns":4},{"damage":0,"enemies":"Gremlin Leader","floor":27,"turns":5},{"damage":0,"enemies":"Centurion and Healer","floor":30,"turns":5},{"damage":8,"enemies":"Automaton","floor":33,"turns":11},{"damage":3,"enemies":"3 Darklings","floor":35,"turns":2},{"damage":2,"enemies":"Orb Walker","floor":39,"turns":7},{"damage":3,"enemies":"Reptomancer","floor":41,"turns":7},{"damage":1,"enemies":"Spire Growth","floor":42,"turns":5},{"damage":1,"enemies":"Writhing Mass","floor":46,"turns":6},{"damage":18,"enemies":"Nemesis","floor":47,"turns":5},{"damage":25,"enemies":"Awakened One","floor":50,"turns":13}],"seed_played":"2297314294378534918","potions_obtained":[{"floor":1,"key":"DuplicationPotion"},{"floor":6,"key":"SkillPotion"},{"floor":13,"key":"Doom Potion"},{"floor":16,"key":"Regen Potion"},{"floor":22,"key":"ColorlessPotion"},{"floor":27,"key":"LiquidMemories"},{"floor":33,"key":"Dexterity Potion"},{"floor":41,"key":"EntropicBrew"}],"is_trial":false,"path_per_floor":["M","M","?","$","?","E","R","M","T","R","M","T","E","$","R","B",null,"M","M","?","?","M","R","E","R","T","E","$","R","M","?","R","B",null,"M","?","?","?","M","R","E","M","T","$","R","M","E","?","R","B",null],"character_chosen":"THE_CONSTRUCT_MOD","items_purchased":["PanicButton","construct:OneWayMirror","Impatience","construct:FlashFreeze"],"campfire_rested":0,"item_purchase_floors":[4,14,28,44],"current_hp_per_floor":[72,64,64,64,64,70,70,70,70,70,72,72,67,67,67,35,63,61,53,36,36,32,32,36,36,36,36,36,36,36,36,36,34,36,36,26,12,12,28,28,31,36,36,36,36,36,36,36,36,29],"gold":303,"neow_bonus":"THREE_RARE_CARDS","is_daily":false,"chose_seed":false,"campfire_upgraded":10,"win_rate":0.0,"timestamp":1608236245,"path_taken":["M","M","?","$","?","E","R","M","T","R","M","?","E","?","R","BOSS","M","M","?","?","M","R","E","R","T","E","$","R","?","?","R","BOSS","M","?","?","?","M","R","E","M","T","$","R","?","E","?","R","BOSS"],"items_purchased_type":["Card","Card","Card","Card"],"build_version":"2020-12-13","purchased_purges":3,"victory":true,"max_hp_per_floor":[72,72,72,72,72,72,72,72,72,72,72,72,72,72,72,72,72,72,72,36,36,36,36,36,36,36,36,36,36,36,36,36,36,36,36,36,36,36,36,36,36,36,36,36,36,36,36,36,36,36],"relic_stats":{"Centennial Puzzle":[24],"Gremlin Horn":[21,21],"counters":[21,113],"CeramicFish":153,"PreservedInsect":201,"Pen Nib":[8],"War Paint":["construct:DefenseMode","construct:Defend_Gold"],"obtain_stats":[{"Golden Egg":47,"construct:ClawGrip":34,"Gremlin Horn":6,"CeramicFish":12,"PreservedInsect":13,"Pen Nib":24,"construct:ClockworkPhoenix":0,"War Paint":37,"Burning Blood":5,"Pet Ghost":41,"Mercury Hourglass":9,"keyreminder:keyreminder":43,"Centennial Puzzle":26,"Coffee Dripper":17,"Meat on the Bone":27},{"Golden Egg":20,"construct:ClawGrip":14,"Gremlin Horn":3,"CeramicFish":5,"PreservedInsect":6,"Pen Nib":11,"construct:ClockworkPhoenix":0,"War Paint":15,"Burning Blood":2,"Pet Ghost":17,"Mercury Hourglass":4,"keyreminder:keyreminder":18,"Centennial Puzzle":11,"Coffee Dripper":7,"Meat on the Bone":12},{"Golden Egg":100,"construct:ClawGrip":70,"Gremlin Horn":10,"CeramicFish":15,"PreservedInsect":19,"Pen Nib":49,"construct:ClockworkPhoenix":0,"War Paint":72,"Burning Blood":9,"Pet Ghost":84,"Mercury Hourglass":14,"keyreminder:keyreminder":89,"Centennial Puzzle":49,"Coffee Dripper":28,"Meat on the Bone":54}],"Burning Blood":88,"Mercury Hourglass":[403],"Meat on the Bone":36},"card_choices":[{"not_picked":["construct:HammerDown","construct:Multistage"],"picked":"construct:ShieldBurst","floor":0},{"not_picked":["construct:Overcharge","construct:Versatility","construct:Accumulate"],"picked":"SKIP","floor":1},{"not_picked":["construct:FocusedBeam","construct:Versatility","construct:ModeShift"],"picked":"SKIP","floor":2},{"not_picked":["construct:HeavyBolt","construct:FierceBash"],"picked":"construct:ScrapCannon","floor":6},{"not_picked":["construct:FierceBash","construct:LaserCore"],"picked":"construct:SweepLaser","floor":8},{"not_picked":["construct:Zapper","construct:ElectricArmor","construct:FlammableFog"],"picked":"SKIP","floor":11},{"not_picked":["construct:HammerDown","construct:OilSpill"],"picked":"construct:MoltenSmash","floor":13},{"not_picked":["construct:PanicFire","construct:ShieldBurst"],"picked":"construct:ShieldGenerator","floor":16},{"not_picked":["construct:ClusterMines","construct:Analyze"],"picked":"construct:CreateCores","floor":18},{"not_picked":["construct:ScrapCannon","construct:Rollout+1","construct:ClusterMines"],"picked":"SKIP","floor":19},{"not_picked":["construct:ClusterMines","construct:LaserCore"],"picked":"construct:PhosphorStorm+1","floor":22},{"not_picked":["construct:PowerUp","construct:FierceBash","construct:SweepLaser"],"picked":"SKIP","floor":24},{"not_picked":["construct:Agitation","construct:SyphonStrike"],"picked":"construct:SuppressiveFire","floor":27},{"not_picked":["construct:SyphonStrike","construct:OmegaCannon"],"picked":"construct:Enhance","floor":30},{"not_picked":["construct:Antimatter","construct:SuppressiveFire","construct:Anticipate"],"picked":"SKIP","floor":35},{"not_picked":["Jack Of All Trades","Secret Weapon"],"picked":"Master of Strategy","floor":36},{"not_picked":["Metamorphosis","Flash of Steel"],"picked":"Dark Shackles","floor":36},{"not_picked":["construct:Anticipate+1","construct:Tumble"],"picked":"construct:Backup","floor":39},{"not_picked":["construct:SweepLaser+1","construct:Enhance+1","construct:ClusterMines+1"],"picked":"SKIP","floor":41},{"not_picked":["construct:ModeShift+1","construct:PanicFire","construct:ClusterMines"],"picked":"SKIP","floor":42},{"not_picked":["construct:Rollout+1","construct:Disrupt","construct:PointDefense"],"picked":"SKIP","floor":46},{"not_picked":["construct:Multistage","construct:Autoturret","construct:ModeShift"],"picked":"SKIP","floor":47}],"player_experience":865674,"relics_obtained":[{"floor":6,"key":"Gremlin Horn"},{"floor":9,"key":"Mercury Hourglass"},{"floor":12,"key":"CeramicFish"},{"floor":13,"key":"PreservedInsect"},{"floor":24,"key":"Pen Nib"},{"floor":26,"key":"Centennial Puzzle"},{"floor":27,"key":"Meat on the Bone"},{"floor":37,"key":"War Paint"},{"floor":41,"key":"Pet Ghost"},{"floor":47,"key":"Golden Egg"}],"event_choices":[{"damage_healed":0,"gold_gain":0,"player_choice":"Became a Ghost","damage_taken":0,"max_hp_gain":0,"max_hp_loss":36,"event_name":"Ghosts","floor":20,"gold_loss":0,"cards_obtained":["Ghostly","Ghostly","Ghostly"]},{"damage_healed":0,"gold_gain":0,"player_choice":"Copied","damage_taken":0,"max_hp_gain":0,"max_hp_loss":0,"event_name":"Duplicator","floor":21,"gold_loss":0,"cards_obtained":["Ghostly"]},{"damage_healed":0,"gold_gain":0,"player_choice":"Obtain J.A.X.","damage_taken":0,"max_hp_gain":0,"max_hp_loss":0,"event_name":"Drug Dealer","floor":31,"gold_loss":0,"cards_obtained":["J.A.X."]},{"damage_healed":0,"gold_gain":0,"player_choice":"Memory 3","damage_taken":10,"max_hp_gain":0,"max_hp_loss":0,"event_name":"SensoryStone","floor":36,"gold_loss":0},{"damage_healed":0,"gold_gain":50,"player_choice":"Pray","damage_taken":0,"max_hp_gain":0,"max_hp_loss":0,"event_name":"Golden Shrine","floor":38,"gold_loss":0}],"is_beta":false,"boss_relics":[{"not_picked":["Ectoplasm","Replay:Bronze Core"],"picked":"Coffee Dripper"},{"not_picked":["SacredBark","Calling Bell"],"picked":"construct:ClawGrip"}],"items_purged_floors":[14,28,44],"is_endless":false,"potions_floor_spawned":[1,6,13,16,22,27,30,33,35,41,46],"ascension_level":18}}