{"host":"nox","time":1608188700,"event":{"mods":["BaseMod","Colored Powertips","Minty Spire (QoL Compilation)","Quick Restart","Replay The Spire","StSLib"],"gold_per_floor":[109,128,128,147,166,197,197,122,122,72,72,89,89,118,118,214,214,139,166,176,29,47,79,79,79],"floor_reached":24,"playtime":2338,"items_purged":["Strike_B"],"score":269,"play_id":"36f4b96d-94de-40db-a955-f2be085fef80","local_time":"20201217140500","is_ascension_mode":true,"campfire_choices":[{"floor":7.0,"key":"REST"},{"floor":13.0,"key":"RECALL"},{"floor":15.0,"key":"REST"}],"circlet_count":0,"master_deck":["Defend_B","Defend_B","Zap","Dualcast","White Noise","Consume","Leap","Zap","Ball Lightning","Creative AI","Crystallizer+1","Chaos+1"],"relics":["Fusion Hammer","Calipers","Mango","Ginger","Replay:Drink Me","Runic Capacitor","Bag of Preparation"],"acts_visited":["Exordium","TheCity"],"potions_floor_usage":[22,22,23],"damage_taken":[{"damage":7.0,"enemies":"Jaw Worm","floor":1.0,"turns":2.0},{"damage":1.0,"enemies":"Cultist","floor":2.0,"turns":3.0},{"damage":0.0,"enemies":"2 Louse","floor":4.0,"turns":2.0},{"damage":11.0,"enemies":"Blue Slaver","floor":5.0,"turns":3.0},{"damage":22.0,"enemies":"3 Sentries","floor":6.0,"turns":4.0},{"damage":4.0,"enemies":"Red Slaver","floor":12.0,"turns":4.0},{"damage":15.0,"enemies":"Gremlin Nob","floor":14.0,"turns":3.0},{"damage":75.0,"enemies":"Fading Forest","floor":16.0,"turns":11.0},{"damage":11.0,"enemies":"2 Thieves","floor":18.0,"turns":5.0},{"damage":38.0,"enemies":"Shell Parasite","floor":20.0,"turns":7.0},{"damage":12,"enemies":"Chosen and Byrds","floor":22,"turns":4},{"damage":1,"enemies":"Replay:Snechameleon","floor":23,"turns":6},{"damage":12,"enemies":"Centurion and Healer","floor":24,"turns":2}],"seed_played":"-2466587756334924362","potions_obtained":[{"floor":1.0,"key":"AttackPotion"},{"floor":4.0,"key":"Doom Potion"},{"floor":5.0,"key":"Weak Potion"},{"floor":6.0,"key":"Energy Potion"}],"is_trial":false,"path_per_floor":["M","M","?","M","M","E","R","$","T","?","?","M","R","E","R","B",null,"M","T","M","$","M","E","M"],"character_chosen":"DEFECT","items_purchased":["Runic Capacitor"],"campfire_rested":2,"item_purchase_floors":[21],"current_hp_per_floor":[68,67,67,67,56,34,56,56,70,70,70,66,66,51,77,2,67,56,56,18,18,6,5,0,0],"gold":79,"neow_bonus":"BOSS_RELIC","is_daily":false,"chose_seed":false,"campfire_upgraded":0,"win_rate":0.0,"timestamp":1608188700,"path_taken":["M","M","?","M","?","E","R","$","T","?","?","?","R","E","R","BOSS","M","?","M","?","M","E","M"],"items_purchased_type":["Relic"],"build_version":"2020-11-17","purchased_purges":1,"victory":false,"max_hp_per_floor":[75,75,75,75,75,75,75,75,89,89,89,89,89,89,89,89,67,67,67,67,67,67,67,67,67],"card_choices":[{"not_picked":["Auto Shields","Barrage","Genetic Algorithm"],"picked":"SKIP","floor":1.0},{"not_picked":["Sweeping Beam","Panic Button"],"picked":"White Noise","floor":2.0},{"not_picked":["Streamline","BasicCrystalCard"],"picked":"Consume","floor":4.0},{"not_picked":["Gash","Turbo","Darkness"],"picked":"SKIP","floor":5.0},{"not_picked":["Genetic Algorithm","ReplaySort"],"picked":"Leap","floor":6.0},{"not_picked":["Redo","Turbo"],"picked":"Ball Lightning","floor":12.0},{"not_picked":["Steam","Coolheaded","Stack"],"picked":"SKIP","floor":14.0},{"not_picked":["All For One","Fission"],"picked":"Creative AI","floor":16.0},{"not_picked":["Rip and Tear+1","Steam"],"picked":"Crystallizer+1","floor":18.0},{"not_picked":["Hologram","Panic Button","Streamline"],"picked":"SKIP","floor":20.0},{"not_picked":["Buffer","Stack+1","Gash"],"picked":"SKIP","floor":22},{"not_picked":["Cold Snap","ReplayTheSpireMod:Fabricate Wheel"],"picked":"Chaos+1","floor":23}],"player_experience":158755,"relics_obtained":[{"floor":6.0,"key":"Calipers"},{"floor":9.0,"key":"Mango"},{"floor":14.0,"key":"Ginger"},{"floor":23,"key":"Bag of Preparation"}],"event_choices":[{"cards_removed":["Strike_B"],"damage_healed":0.0,"max_hp_gain":0.0,"max_hp_loss":0.0,"gold_gain":0.0,"event_name":"Purifier","player_choice":"Purged","floor":3.0,"gold_loss":0.0,"damage_taken":0.0},{"cards_removed":["Strike_B"],"damage_healed":0.0,"max_hp_gain":0.0,"max_hp_loss":0.0,"gold_gain":0.0,"event_name":"The Cleric","player_choice":"Card Removal","floor":10.0,"gold_loss":50.0,"damage_taken":0.0},{"damage_healed":0.0,"max_hp_gain":0.0,"max_hp_loss":0.0,"gold_gain":0.0,"event_name":"Match and Keep!","player_choice":"1 cards matched","floor":11.0,"gold_loss":0.0,"damage_taken":0.0,"cards_obtained":["Zap"]}],"is_beta":true,"boss_relics":[{"not_picked":["Astrolabe","Nuclear Battery"],"picked":"Replay:Drink Me"}],"items_purged_floors":[8],"is_endless":false,"potions_floor_spawned":[1,4,5,6,20],"killed_by":"Centurion and Healer","ascension_level":4}}