{"host":"p6y17sixyu8q9v1f","time":1608193790,"event":{"mods":["BaseMod","Colored Map","Minty Spire (QoL Compilation)"],"gold_per_floor":[112,112,37,37,52,52,52,52,105,129,150,184,67,102,102,102,102],"floor_reached":16,"playtime":1934,"items_purged":["Strike_B","Strike_B"],"score":120,"play_id":"33b92dc5-c4eb-4f62-8d8d-071b25bfe3b9","local_time":"20201217022950","is_ascension_mode":true,"campfire_choices":[{"data":"Rainbow","floor":6,"key":"SMITH"},{"floor":15,"key":"REST"}],"circlet_count":0,"master_deck":["Strike_B","Strike_B","Defend_B","Defend_B","Defend_B","Zap","Dualcast","Rainbow+1","Streamline","Hologram","Genetic Algorithm","Redo"],"relics":["Cracked Core","Gambling Chip","Golden Idol","CeramicFish","Letter Opener"],"acts_visited":["Exordium"],"potions_floor_usage":[14,14,16],"damage_taken":[{"damage":3,"enemies":"Small Slimes","floor":1,"turns":3},{"damage":1,"enemies":"2 Louse","floor":5,"turns":2},{"damage":0,"enemies":"Cultist","floor":10,"turns":2},{"damage":13,"enemies":"Large Slime","floor":11,"turns":4},{"damage":16,"enemies":"3 Louse","floor":12,"turns":3},{"damage":21,"enemies":"3 Sentries","floor":14,"turns":6},{"damage":25,"enemies":"Hexaghost","floor":16,"turns":7}],"seed_played":"-4512751585485500021","potions_obtained":[{"floor":5,"key":"LiquidBronze"},{"floor":10,"key":"FocusPotion"},{"floor":12,"key":"GamblersBrew"}],"is_trial":false,"path_per_floor":["M","?","$","?","M","R","?","?","T","M","M","M","$","E","R","B"],"character_chosen":"DEFECT","items_purchased":["Redo"],"campfire_rested":1,"item_purchase_floors":[13],"current_hp_per_floor":[72,65,65,65,64,64,46,51,51,51,38,22,22,1,25,0,0],"gold":102,"neow_bonus":"ONE_RANDOM_RARE_CARD","is_daily":false,"chose_seed":false,"campfire_upgraded":1,"win_rate":0.0,"timestamp":1608193790,"path_taken":["M","?","$","?","?","R","?","?","T","M","M","M","$","E","R","BOSS"],"items_purchased_type":["Card"],"build_version":"2020-12-13","purchased_purges":2,"victory":false,"max_hp_per_floor":[75,75,75,75,75,75,75,80,80,80,80,80,80,80,80,80,80],"card_choices":[{"not_picked":["Stack","Rebound"],"picked":"Conserve Battery","floor":1},{"not_picked":["Doom and Gloom","Coolheaded"],"picked":"Streamline","floor":5},{"not_picked":["Skim","Turbo"],"picked":"Hologram","floor":10},{"not_picked":["Coolheaded","Creative AI","Ball Lightning"],"picked":"SKIP","floor":11},{"not_picked":["Redo","Steam"],"picked":"Genetic Algorithm","floor":12},{"not_picked":["Lockon","Compile Driver","Stack"],"picked":"SKIP","floor":14}],"player_experience":760015,"relics_obtained":[{"floor":9,"key":"CeramicFish"},{"floor":14,"key":"Letter Opener"}],"event_choices":[{"cards_removed":["Defend_B"],"damage_healed":0,"gold_gain":0,"player_choice":"Card Removal","damage_taken":7,"max_hp_gain":0,"max_hp_loss":0,"event_name":"Golden Wing","floor":2,"gold_loss":0},{"cards_removed":["Conserve Battery"],"damage_healed":0,"gold_gain":0,"player_choice":"Gave Card","damage_taken":0,"relics_obtained":["Gambling Chip"],"max_hp_gain":0,"max_hp_loss":0,"event_name":"WeMeetAgain","floor":4,"gold_loss":0},{"damage_healed":0,"gold_gain":0,"player_choice":"Take Damage","damage_taken":18,"relics_obtained":["Golden Idol"],"max_hp_gain":0,"max_hp_loss":0,"event_name":"Golden Idol","floor":7,"gold_loss":0},{"damage_healed":0,"gold_gain":0,"player_choice":"Donut","damage_taken":0,"max_hp_gain":5,"max_hp_loss":0,"event_name":"Big Fish","floor":8,"gold_loss":0}],"is_beta":false,"boss_relics":[],"items_purged_floors":[3,13],"is_endless":false,"potions_floor_spawned":[5,10,12],"killed_by":"Hexaghost","ascension_level":4}}