{"host":"irbs4k8g1zbsytxn","time":1608191596,"event":{"mods":["BaseMod","Better Third Choice","Colored Map","Downfall","Duelist Mod","Hermit","Highlight Path","Hubris","Koishi","Marisa????????","Minty Spire (QoL Compilation)","Replay The Spire","Robot Space Explorer","Shade Mod","StSLib","The Bug Knight","The Cursed","The Hierophant","The Jungle","The Necromancer","The Runesmith","The Servant 0.9.4","Yuyuko"],"gold_per_floor":[119,131,131,151,161,186,186,205,205,215,240,205,0,28,28,36,36],"floor_reached":16,"playtime":1380,"items_purged":[],"score":120,"play_id":"226f7c7e-219c-436e-93d8-8cc0c6cc2cd4","local_time":"20201217155316","is_ascension_mode":true,"campfire_choices":[{"data":"hermit:CursedWeapon","floor":7,"key":"SMITH"},{"floor":15,"key":"REST"}],"circlet_count":0,"master_deck":["hermit:Strike_Hermit","hermit:Strike_Hermit","hermit:Strike_Hermit","hermit:Strike_Hermit","hermit:Defend_Hermit","hermit:Defend_Hermit","hermit:Defend_Hermit","hermit:Defend_Hermit","hermit:Snapshot","hermit:Covet","hermit:Showdown","hermit:ShadowCloak","hermit:HighCaliber","hermit:TakeAim","hermit:CursedWeapon+1","hermit:GoldenBullet","hermit:ShadowCloak","hermit:FinalCanter","hermit:Malice+1","hermit:BodyArmor"],"relics":["hermit:Momento","hubris:Towel","hermit:RedScarf","Replay:Baseball","Happy Flower","Replay:Bandana"],"acts_visited":["Exordium"],"potions_floor_usage":[6,11,11,11],"damage_taken":[{"damage":1.0,"enemies":"2 Louse","floor":1.0,"turns":2.0},{"damage":0.0,"enemies":"Small Slimes","floor":2.0,"turns":3.0},{"damage":7.0,"enemies":"Jaw Worm","floor":4.0,"turns":4.0},{"damage":9.0,"enemies":"2 Fungi Beasts","floor":5.0,"turns":3.0},{"damage":11,"enemies":"3 Sentries","floor":6,"turns":5},{"damage":4,"enemies":"3 Louse","floor":8,"turns":3},{"damage":11,"enemies":"Blue Slaver","floor":10,"turns":3},{"damage":33,"enemies":"Gremlin Nob","floor":11,"turns":5},{"damage":6,"enemies":"2 Fungi Beasts","floor":14,"turns":3},{"damage":58,"enemies":"The Guardian","floor":16,"turns":8}],"seed_played":"9017787431638295504","potions_obtained":[{"floor":1.0,"key":"SpeedPotion"},{"floor":5.0,"key":"AttackPotion"},{"floor":6,"key":"Explosive Potion"},{"floor":8,"key":"Regen Potion"}],"is_trial":false,"path_per_floor":["M","M","?","M","M","E","R","M","T","M","E","?","$","M","R","B"],"character_chosen":"HERMIT","items_purchased":["hermit:Malice+1","Replay:Bandana"],"campfire_rested":1,"item_purchase_floors":[13,13],"current_hp_per_floor":[81,81,81,74,65,54,54,50,50,39,20,40,40,34,58,0,0],"gold":36,"neow_bonus":"TEN_PERCENT_HP_BONUS","is_daily":false,"chose_seed":false,"campfire_upgraded":1,"win_rate":0.0,"timestamp":1608191596,"path_taken":["M","M","?","M","M","E","R","M","T","M","E","?","$","M","R","BOSS"],"items_purchased_type":["Card","Relic"],"build_version":"2020-12-13","purchased_purges":0,"victory":false,"max_hp_per_floor":[82,82,82,82,82,82,82,82,82,82,82,82,82,82,82,82,82],"card_choices":[{"not_picked":["hermit:Cheat","hermit:Misfire"],"picked":"hermit:Showdown","floor":1.0},{"not_picked":["hermit:Spite","hermit:BodyArmor"],"picked":"hermit:ShadowCloak","floor":2.0},{"not_picked":["hermit:LowProfile","hermit:PistolWhip"],"picked":"hermit:HighCaliber","floor":4.0},{"not_picked":["hermit:Dive","hermit:WideOpen"],"picked":"hermit:TakeAim","floor":5.0},{"not_picked":["hermit:Manifest","hermit:LowProfile"],"picked":"hermit:CursedWeapon","floor":6},{"not_picked":["hermit:DeadMansHand","hermit:Manifest"],"picked":"hermit:GoldenBullet","floor":8},{"not_picked":["hermit:Quickdraw","hermit:ItchyTrigger"],"picked":"hermit:ShadowCloak","floor":10},{"not_picked":["hermit:FlashPowder","hermit:Roulette"],"picked":"hermit:FinalCanter","floor":11},{"not_picked":["hermit:Scavenge","hermit:GoldenBullet"],"picked":"hermit:BodyArmor","floor":14}],"player_experience":255663,"relics_obtained":[{"floor":6,"key":"hermit:RedScarf"},{"floor":9,"key":"Replay:Baseball"},{"floor":11,"key":"Happy Flower"}],"event_choices":[{"damage_healed":20,"gold_gain":0,"player_choice":"Healed","damage_taken":0,"max_hp_gain":0,"max_hp_loss":0,"event_name":"The Cleric","floor":12,"gold_loss":35}],"is_beta":false,"boss_relics":[],"items_purged_floors":[],"is_endless":false,"potions_floor_spawned":[1,5,6,8],"killed_by":"The Guardian","ascension_level":1}}