{"host":"61ejhfsushs0xmcl","time":1608193552,"event":{"mods":["Act Like it!","BaseMod","Colored Map","Gold Saver","Marisa（F雨　魔理沙）","Minty Spire (QoL Compilation)","MostiFishMod","Replay The Spire","Robot Space Explorer","Spicy Shops","StSLib","TestMod","The Alterego","The Dragon Tamer","Waifu the Spire","[地精首领爬塔]The Maniac","篝火指南"],"gold_per_floor":[968,418,436,189,202,234,234,234,259,274,307,317,374,374,374],"floor_reached":14,"playtime":700,"items_purged":["maniac:Strike","maniac:Strike"],"score":105,"play_id":"ad27ef52-bed5-4473-b01b-91d2d4f38834","local_time":"20201217162552","is_ascension_mode":true,"campfire_choices":[{"data":"maniac:BladesInCloak","floor":7.0,"key":"SMITH"}],"circlet_count":0,"master_deck":["maniac:Strike+1","maniac:Strike+1","maniac:Strike+1","maniac:Defend","maniac:Defend+1","maniac:Defend","maniac:BurnBlood","maniac:AbyssShackle+1","maniac:RallyToMe+1","maniac:Exterminator","maniac:BladeEnd+1","maniac:BladesInCloak+1","maniac:TimeForm+1","maniac:BladeArtist","maniac:WitnessTrueSorcery"],"relics":["maniac:DamagedAnvil","maniac:BrokenHorn","testmod-TestBox","DaveBox","testmod-RealStoneCalender","DSteel32","Question Card","Dodecahedron","Shuriken","Replay:Baseball","Tiny Chest","Pocketwatch","Golden Egg"],"acts_visited":["Exordium"],"potions_floor_usage":[14],"damage_taken":[{"damage":0.0,"enemies":"2 Louse","floor":1.0,"turns":3.0},{"damage":0.0,"enemies":"Cultist","floor":3.0,"turns":2.0},{"damage":11.0,"enemies":"Jaw Worm","floor":5.0,"turns":2.0},{"damage":21.0,"enemies":"3 Sentries","floor":6.0,"turns":4.0},{"damage":0.0,"enemies":"Exordium Wildlife","floor":10.0,"turns":3.0},{"damage":21.0,"enemies":"Gremlin Nob","floor":11.0,"turns":4.0},{"damage":14.0,"enemies":"Gremlin Gang","floor":12.0,"turns":3.0},{"damage":3.0,"enemies":"Lagavulin Event","floor":13.0,"turns":2.0},{"damage":10,"enemies":"3 Sentries","floor":14,"turns":1}],"seed_played":"1427983242511113930","potions_obtained":[{"floor":5.0,"key":"DistilledChaos"},{"floor":6.0,"key":"Reflective Coating"},{"floor":11.0,"key":"FearPotion"}],"is_trial":false,"path_per_floor":["M","$","M","$","M","E","R","?","T","M","E","M","?","E"],"character_chosen":"THE_MANIAC","items_purchased":["Dodecahedron","maniac:BladeEnd","Shuriken","Replay:Baseball"],"campfire_rested":0,"item_purchase_floors":[2,2,2,4],"current_hp_per_floor":[80,80,80,80,69,48,48,48,48,48,27,13,10,0,0],"gold":374,"neow_bonus":"ONE_RANDOM_RARE_CARD","is_daily":false,"chose_seed":false,"campfire_upgraded":1,"win_rate":0.0,"timestamp":1608193552,"path_taken":["M","$","M","$","M","E","R","?","T","?","E","M","?","E"],"items_purchased_type":["Relic","Card","Relic","Relic"],"build_version":"2020-12-13","purchased_purges":2,"victory":false,"max_hp_per_floor":[80,80,80,80,80,80,80,80,80,80,80,80,80,80,80],"card_choices":[{"not_picked":["maniac:Confront","maniac:FindAShortcut"],"picked":"maniac:Exterminator","floor":1.0},{"not_picked":["maniac:Confront","maniac:Refine","maniac:Whirlscythe"],"picked":"maniac:BladesInCloak","floor":3.0},{"not_picked":["maniac:Confront","maniac:ReconstructWounds","maniac:Lacerate","maniac:ForsakenHand"],"picked":"SKIP","floor":5.0},{"not_picked":["maniac:UndyingDesire","maniac:UntravelledPath","maniac:BladeShoot"],"picked":"maniac:TimeForm","floor":6.0},{"not_picked":["maniac:BladesInCloak","maniac:Intimidate","maniac:RallyToMe"],"picked":"maniac:BladeArtist","floor":10.0},{"not_picked":["maniac:ForsakenHand","maniac:MeleeStrike","maniac:WardAndDefend","maniac:SeekerKnife"],"picked":"SKIP","floor":11.0},{"not_picked":["maniac:ObscuredAttack","maniac:Confront","maniac:BladesInCloak"],"picked":"maniac:WitnessTrueSorcery","floor":12.0}],"player_experience":805583,"relics_obtained":[{"floor":1.0,"key":"Question Card"},{"floor":6.0,"key":"Tiny Chest"},{"floor":11.0,"key":"Pocketwatch"}],"event_choices":[{"cards_removed":["maniac:Defend"],"damage_healed":0.0,"max_hp_gain":0.0,"max_hp_loss":0.0,"gold_gain":0.0,"event_name":"Purifier","player_choice":"Purged","floor":8.0,"gold_loss":0.0,"damage_taken":0.0},{"damage_healed":0.0,"max_hp_gain":0.0,"max_hp_loss":0.0,"gold_gain":0.0,"event_name":"Dead Adventurer","player_choice":"Searched \u00272\u0027 times","floor":13.0,"gold_loss":0.0,"damage_taken":0.0,"relics_obtained":["Golden Egg"]}],"is_beta":false,"boss_relics":[],"items_purged_floors":[2,4],"is_endless":false,"potions_floor_spawned":[5,6,11],"killed_by":"3 Sentries","ascension_level":1}}