{"host":"ok3pmhc1fiz31noj","time":1608164487,"event":{"mods":["AchievementEnabler","BaseMod","Colored Map","Colored Powertips","Minty Spire (QoL Compilation)","Quick Restart","Relic Stats","Replay The Spire","StSLib"],"gold_per_floor":[115,132,57,57,9,9,9,78,78,30,43,43,58,102,102,102,102],"floor_reached":16,"playtime":509,"items_purged":["Strike_R"],"score":98,"play_id":"def3ca50-4f6b-4f6f-b18e-57ffca3a4de5","local_time":"20201217082127","is_ascension_mode":false,"campfire_choices":[{"data":"ReplayTheSpireMod:Strike From Hell","floor":6,"key":"SMITH"},{"data":"True Grit","floor":12,"key":"SMITH"},{"data":"Flex","floor":15,"key":"SMITH"}],"circlet_count":0,"master_deck":["Strike_R","Strike_R","Strike_R","Strike_R","Defend_R","Defend_R","Defend_R","Bash","ReplayTheSpireMod:Strike From Hell+1","Heavy Blade","Flex+1","True Grit+1","ReplayTheSpireMod:Stacked"],"relics":["Burning Blood","NeowsBlessing","Golden Idol","Meat on the Bone","Replay:Baseball","Red Skull"],"acts_visited":["Exordium"],"potions_floor_usage":[16,16,16],"damage_taken":[{"damage":0,"enemies":"Jaw Worm","floor":1,"turns":1},{"damage":0,"enemies":"Cultist","floor":2,"turns":1},{"damage":0,"enemies":"Gremlin Nob","floor":8,"turns":1},{"damage":0,"enemies":"Small Slimes","floor":11,"turns":3},{"damage":0,"enemies":"3 Louse","floor":13,"turns":2},{"damage":31,"enemies":"3 Sentries","floor":14,"turns":11},{"damage":51,"enemies":"Fading Forest","floor":16,"turns":9}],"seed_played":"-397565946774310236","potions_obtained":[{"floor":2,"key":"Explosive Potion"},{"floor":11,"key":"Reflective Coating"}],"is_trial":false,"path_per_floor":["M","M","$","?","$","R","?","?","T","$","M","R","M","E","R","B"],"character_chosen":"IRONCLAD","items_purchased":["Adrenaline Potion","True Grit"],"campfire_rested":0,"item_purchase_floors":[5,10],"current_hp_per_floor":[80,80,80,80,80,80,74,74,74,74,74,74,74,49,49,0,0],"gold":102,"neow_bonus":"THREE_ENEMY_KILL","is_daily":false,"chose_seed":false,"campfire_upgraded":3,"win_rate":0.0,"timestamp":1608164487,"path_taken":["M","M","$","?","?","R","?","?","T","?","M","R","?","E","R","BOSS"],"items_purchased_type":["Potion","Card"],"build_version":"2020-12-13","purchased_purges":1,"victory":false,"max_hp_per_floor":[80,80,80,80,80,80,74,74,74,74,74,74,74,74,74,74,74],"relic_stats":{"counters":[7,28],"Golden Idol":35,"obtain_stats":[{"Replay:Baseball":9,"NeowsBlessing":0,"Golden Idol":7,"Burning Blood":0,"Red Skull":14,"Meat on the Bone":8},{"Replay:Baseball":3,"NeowsBlessing":0,"Golden Idol":2,"Burning Blood":0,"Red Skull":6,"Meat on the Bone":3},{"Replay:Baseball":3,"NeowsBlessing":0,"Golden Idol":2,"Burning Blood":0,"Red Skull":19,"Meat on the Bone":3}],"Burning Blood":6,"Meat on the Bone":0},"card_choices":[{"not_picked":["Carnage","Life Link"],"picked":"ReplayTheSpireMod:Strike From Hell","floor":1},{"not_picked":["Whirlwind","Evolve"],"picked":"Heavy Blade","floor":2},{"not_picked":["Perfected Strike","Sword Boomerang"],"picked":"Flex","floor":8},{"not_picked":["Anger","Pommel Strike"],"picked":"ReplayTheSpireMod:Stacked","floor":11},{"not_picked":["Anger","Life Link","Clothesline"],"picked":"SKIP","floor":13},{"not_picked":["Thunderclap","Barricade","Run Through"],"picked":"SKIP","floor":14}],"player_experience":126439,"relics_obtained":[{"floor":8,"key":"Meat on the Bone"},{"floor":9,"key":"Replay:Baseball"},{"floor":14,"key":"Red Skull"}],"event_choices":[{"cards_removed":["Defend_R"],"damage_healed":0,"gold_gain":0,"player_choice":"Purged","damage_taken":0,"max_hp_gain":0,"max_hp_loss":0,"event_name":"Purifier","floor":4,"gold_loss":0},{"damage_healed":0,"gold_gain":0,"player_choice":"Lose Max HP","damage_taken":0,"relics_obtained":["Golden Idol"],"max_hp_gain":0,"max_hp_loss":6,"event_name":"Golden Idol","floor":7,"gold_loss":0},{"damage_healed":0,"gold_gain":0,"player_choice":"Searched \u00271\u0027 times","damage_taken":0,"max_hp_gain":0,"max_hp_loss":0,"event_name":"Dead Adventurer","floor":8,"gold_loss":0}],"is_beta":false,"boss_relics":[],"items_purged_floors":[3],"is_endless":false,"potions_floor_spawned":[2,11],"killed_by":"Fading Forest","ascension_level":0}}