{"host":"o7j6aatxjwpw1421","time":1608215063,"event":{"mods":["2.2 Compatiblity","BaseMod","Colored Map","DeckTracker","Highlight Path","Keyboard Shortcuts","Minty Spire (QoL Compilation)","Permanent Neow","Quick Restart","StSLib","SuperFastMode","everything is the same but u backflip on backflip"],"gold_per_floor":[113,129,145,70,82,82,107,107,132,132,132,132,161,161,161,161,161],"floor_reached":16,"playtime":2401,"items_purged":["Strike_R"],"score":119,"play_id":"ccff1d56-a4fa-416e-b104-eee82f74c1a5","local_time":"20201217232423","is_ascension_mode":true,"campfire_choices":[{"data":"Thunderclap","floor":6,"key":"SMITH"},{"data":"Armaments","floor":8,"key":"SMITH"},{"data":"Armaments","floor":10,"key":"SMITH"},{"data":"Bash","floor":12,"key":"SMITH"},{"data":"Cleave","floor":15,"key":"SMITH"}],"circlet_count":0,"master_deck":["Strike_R","Strike_R","Strike_R","Strike_R","Defend_R","Defend_R","Defend_R","Defend_R","Bash+1","Cleave+1","Thunderclap+1","Armaments+1","Dark Embrace","Armaments+1","Reaper+1"],"relics":["Burning Blood","NeowsBlessing","Strawberry","Bronze Scales","MealTicket"],"acts_visited":["Exordium"],"potions_floor_usage":[7],"damage_taken":[{"damage":0,"enemies":"2 Louse","floor":1,"turns":1},{"damage":0,"enemies":"Jaw Worm","floor":2,"turns":1},{"damage":0,"enemies":"Cultist","floor":3,"turns":1},{"damage":3,"enemies":"2 Fungi Beasts","floor":5,"turns":4},{"damage":13,"enemies":"3 Sentries","floor":7,"turns":5},{"damage":40,"enemies":"Lagavulin","floor":13,"turns":6},{"damage":30,"enemies":"Slime Boss","floor":16,"turns":6}],"seed_played":"-287819729123554874","potions_obtained":[{"floor":3,"key":"FearPotion"},{"floor":5,"key":"Fire Potion"},{"floor":7,"key":"ElixirPotion"}],"is_trial":false,"path_per_floor":["M","M","M","$","M","R","E","R","T","R","?","R","E","?","R","B"],"character_chosen":"IRONCLAD","items_purchased":[],"campfire_rested":0,"item_purchase_floors":[],"current_hp_per_floor":[80,80,80,80,80,80,80,80,80,80,80,80,46,46,46,26,26],"gold":161,"neow_bonus":"THREE_ENEMY_KILL","is_daily":false,"chose_seed":false,"campfire_upgraded":5,"win_rate":0.0,"timestamp":1608215063,"path_taken":["M","M","M","$","M","R","E","R","T","R","?","R","E","?","R","BOSS"],"items_purchased_type":[],"build_version":"2020-12-13","purchased_purges":1,"victory":false,"max_hp_per_floor":[80,80,80,80,80,80,87,87,87,87,87,87,87,87,87,87,87],"card_choices":[{"not_picked":["Intimidate","Metallicize"],"picked":"Cleave","floor":1},{"not_picked":["Headbutt","Iron Wave"],"picked":"Thunderclap","floor":2},{"not_picked":["Heavy Blade","Fire Breathing"],"picked":"Armaments","floor":3},{"not_picked":["Flex","Fire Breathing"],"picked":"Dark Embrace","floor":5},{"not_picked":["Wild Strike","Iron Wave"],"picked":"Armaments","floor":7},{"not_picked":["Clash","Armaments"],"picked":"Reaper","floor":13}],"player_experience":251755,"relics_obtained":[{"floor":7,"key":"Strawberry"},{"floor":9,"key":"Bronze Scales"},{"floor":13,"key":"MealTicket"}],"event_choices":[{"damage_healed":0,"gold_gain":0,"player_choice":"Ignored","damage_taken":0,"max_hp_gain":0,"max_hp_loss":0,"event_name":"Liars Game","floor":11,"gold_loss":0},{"damage_healed":0,"gold_gain":0,"player_choice":"Upgraded","damage_taken":0,"max_hp_gain":0,"max_hp_loss":0,"event_name":"Upgrade Shrine","floor":14,"gold_loss":0,"cards_upgraded":["Reaper"]}],"is_beta":false,"boss_relics":[],"items_purged_floors":[4],"is_endless":false,"potions_floor_spawned":[3,5,7],"killed_by":"Slime Boss","ascension_level":2}}