{"host":"yecadp3kwkksam5a","time":1608213935,"event":{"mods":["BaseMod","Minty Spire (QoL Compilation)","StSLib","The Gatherer"],"gold_per_floor":[114,129,148,223,72,72,105,164,164,192,202,202,202,218,218,316,316,333,258,198,212,222,222,241,268,268,298,478,490,505,532,532,634,634,647,647,665,665,680,680,711,711,711,811,828,187,187,214,214,214,214,214,42,76,76],"floor_reached":56,"playtime":2550,"items_purged":["Defend_R","Defend_R","Headbutt+1"],"score":1856,"play_id":"cd601406-c64b-439f-82d6-afbf9bfb8d31","local_time":"20201217230535","is_ascension_mode":true,"campfire_choices":[{"data":"Seeing Red","floor":6.0,"key":"SMITH"},{"data":"Bash","floor":12.0,"key":"SMITH"},{"floor":15.0,"key":"RECALL"},{"data":"Double Tap","floor":23.0,"key":"SMITH"},{"floor":32.0,"key":"REST"},{"data":"Offering","floor":40.0,"key":"SMITH"},{"floor":42.0,"key":"REST"},{"floor":47.0,"key":"REST"},{"floor":49,"key":"REST"},{"floor":52,"key":"REST"}],"circlet_count":0,"master_deck":["Bash+1","Rage+1","Dropkick+1","Seeing Red+1","Dropkick+1","Thunderclap+1","Double Tap+1","Warcry+1","Body Slam+1","Offering+1","Shockwave+1","Dual Wield+1","Warcry+1"],"relics":["Astrolabe","DollysMirror","PreservedInsect","Lantern","The Courier","Molten Egg 2","Runic Pyramid","Sundial","Oddly Smooth Stone","Pantograph","Empty Cage","Regal Pillow","Whetstone","Eternal Feather","Vajra","Orrery","Akabeko","Smiling Mask","Bag of Preparation","CaptainsWheel"],"acts_visited":["Exordium","TheCity","TheBeyond","TheEnding"],"potions_floor_usage":[],"damage_taken":[{"damage":1.0,"enemies":"2 Louse","floor":1.0,"turns":3.0},{"damage":0.0,"enemies":"Small Slimes","floor":2.0,"turns":3.0},{"damage":0.0,"enemies":"Cultist","floor":3.0,"turns":3.0},{"damage":20.0,"enemies":"Lagavulin","floor":7.0,"turns":5.0},{"damage":0.0,"enemies":"Gremlin Nob","floor":8.0,"turns":2.0},{"damage":5.0,"enemies":"3 Sentries","floor":10.0,"turns":6.0},{"damage":0.0,"enemies":"2 Fungi Beasts","floor":11.0,"turns":2.0},{"damage":5.0,"enemies":"Gremlin Gang","floor":14.0,"turns":2.0},{"damage":33.0,"enemies":"Hexaghost","floor":16.0,"turns":9.0},{"damage":5.0,"enemies":"2 Thieves","floor":18.0,"turns":2.0},{"damage":1.0,"enemies":"Spheric Guardian","floor":21.0,"turns":3.0},{"damage":18.0,"enemies":"Snecko","floor":22.0,"turns":4.0},{"damage":0.0,"enemies":"Snake Plant","floor":24.0,"turns":1.0},{"damage":0.0,"enemies":"Gremlin Leader","floor":25.0,"turns":2.0},{"damage":0.0,"enemies":"Book of Stabbing","floor":27.0,"turns":2.0},{"damage":0.0,"enemies":"Centurion and Healer","floor":29.0,"turns":2.0},{"damage":1.0,"enemies":"Cultist and Chosen","floor":30.0,"turns":3.0},{"damage":0.0,"enemies":"Gremlin Leader","floor":31.0,"turns":2.0},{"damage":0.0,"enemies":"Automaton","floor":33.0,"turns":4.0},{"damage":6.0,"enemies":"Orb Walker","floor":35.0,"turns":2.0},{"damage":20.0,"enemies":"3 Shapes","floor":37.0,"turns":3.0},{"damage":6.0,"enemies":"Transient","floor":39.0,"turns":3.0},{"damage":6.0,"enemies":"Reptomancer","floor":41.0,"turns":1.0},{"damage":7.0,"enemies":"3 Darklings","floor":45.0,"turns":2.0},{"damage":12,"enemies":"Giant Head","floor":48,"turns":2},{"damage":6,"enemies":"Donu and Deca","floor":50,"turns":1},{"damage":6,"enemies":"Shield and Spear","floor":54,"turns":1},{"damage":10,"enemies":"The Heart","floor":55,"turns":3}],"seed_played":"-8709676971158541365","potions_obtained":[{"floor":2.0,"key":"Strength Potion"},{"floor":7.0,"key":"Block Potion"},{"floor":11.0,"key":"BlessingOfTheForge"},{"floor":22.0,"key":"CultistPotion"}],"is_trial":false,"path_per_floor":["M","M","M","?","$","R","E","?","T","E","M","R","?","M","R","B",null,"M","?","$","M","M","R","M","E","T","E","?","M","M","E","R","B",null,"M","?","M","?","M","R","E","R","T","?","M","$","R","E","R","B",null,"R","$","E","B",null],"character_chosen":"IRONCLAD","items_purchased":["DollysMirror","Eternal Feather","Vajra","Orrery","Akabeko","Bag of Preparation"],"campfire_rested":5,"item_purchase_floors":[5,46,46,46,46,53],"current_hp_per_floor":[79,79,79,68,68,68,48,48,48,43,43,43,43,38,38,5,61,56,56,56,55,37,37,37,37,37,37,18,18,17,17,41,66,77,71,71,51,51,45,45,39,78,78,78,71,71,80,68,80,74,79,80,80,74,70],"gold":76,"neow_bonus":"BOSS_RELIC","is_daily":false,"chose_seed":true,"campfire_upgraded":4,"win_rate":0.0,"timestamp":1608213935,"path_taken":["M","M","M","?","$","R","E","?","T","E","M","R","?","M","R","BOSS","M","?","$","M","M","R","M","E","T","E","?","?","M","E","R","BOSS","M","?","M","?","M","R","E","R","T","?","M","$","R","E","R","BOSS","R","$","E","BOSS"],"items_purchased_type":["Relic","Relic","Relic","Relic","Relic","Relic"],"build_version":"2020-12-13","purchased_purges":3,"victory":true,"max_hp_per_floor":[80,80,80,80,80,80,80,80,80,80,80,80,80,80,80,80,80,80,80,80,80,80,80,80,80,80,80,80,80,80,80,80,80,80,80,80,80,80,80,80,80,80,80,80,80,80,80,80,80,80,80,80,80,80,80],"card_choices":[{"not_picked":["Wild Strike","Clothesline"],"picked":"Seeing Red","floor":1.0},{"not_picked":["Burning Pact","Fire Breathing","Shrug It Off"],"picked":"SKIP","floor":2.0},{"not_picked":["Warcry","Searing Blow","Heavy Blade"],"picked":"SKIP","floor":3.0},{"not_picked":["Havoc","Bloodletting","Rage"],"picked":"SKIP","floor":7.0},{"not_picked":["Reckless Charge+1","Body Slam+1","Anger+1"],"picked":"SKIP","floor":10.0},{"not_picked":["Warcry","Metallicize"],"picked":"Thunderclap+1","floor":11.0},{"not_picked":["Combust","Searing Blow+1","Demon Form"],"picked":"SKIP","floor":14.0},{"not_picked":["Demon Form","Impervious"],"picked":"Double Tap","floor":16.0},{"not_picked":["Armaments+1","Iron Wave+1"],"picked":"Warcry+1","floor":18.0},{"not_picked":["Twin Strike+1","Clash+1"],"picked":"Body Slam+1","floor":21.0},{"not_picked":["Iron Wave+1","Warcry","Cleave+1"],"picked":"SKIP","floor":22.0},{"not_picked":["Reckless Charge+1","Cleave+1","Perfected Strike+1"],"picked":"SKIP","floor":24.0},{"not_picked":["Immolate+1","Anger+1","Whirlwind+1"],"picked":"SKIP","floor":25.0},{"not_picked":["Pommel Strike+1","Thunderclap+1","Infernal Blade+1"],"picked":"SKIP","floor":27.0},{"not_picked":["Whirlwind+1","Pummel+1","Twin Strike+1"],"picked":"SKIP","floor":29.0},{"not_picked":["Shrug It Off","Headbutt+1","Thunderclap+1"],"picked":"SKIP","floor":30.0},{"not_picked":["Fiend Fire+1","Clash+1","Rage"],"picked":"SKIP","floor":31.0},{"not_picked":["Double Tap","Fiend Fire+1"],"picked":"Offering","floor":33.0},{"not_picked":["Shrug It Off+1","Sentinel","Body Slam+1"],"picked":"SKIP","floor":35.0},{"not_picked":["Dark Embrace+1","Reckless Charge+1"],"picked":"Warcry+1","floor":37.0},{"not_picked":["Pommel Strike+1","Intimidate+1"],"picked":"Shockwave+1","floor":39.0},{"not_picked":["Havoc+1","Clash+1","Blood for Blood+1"],"picked":"SKIP","floor":41.0},{"not_picked":["Flame Barrier","Second Wind","Twin Strike+1"],"picked":"SKIP","floor":45.0},{"not_picked":["Havoc+1","Armaments+1"],"picked":"Dual Wield+1","floor":46.0},{"not_picked":["Pummel+1","Iron Wave+1"],"picked":"Warcry+1","floor":48},{"not_picked":["Battle Trance+1","Entrench","Heavy Blade+1"],"picked":"SKIP","floor":54}],"player_experience":222470,"relics_obtained":[{"floor":7.0,"key":"PreservedInsect"},{"floor":9.0,"key":"The Courier"},{"floor":10.0,"key":"Molten Egg 2"},{"floor":25.0,"key":"Sundial"},{"floor":27.0,"key":"Oddly Smooth Stone"},{"floor":31.0,"key":"Pantograph"},{"floor":41.0,"key":"Regal Pillow"},{"floor":43.0,"key":"Whetstone"},{"floor":48,"key":"Smiling Mask"},{"floor":54,"key":"CaptainsWheel"}],"event_choices":[{"damage_healed":0.0,"max_hp_gain":0.0,"max_hp_loss":0.0,"gold_gain":75.0,"event_name":"World of Goop","player_choice":"Gather Gold","floor":4.0,"gold_loss":0.0,"damage_taken":11.0},{"damage_healed":0.0,"max_hp_gain":0.0,"max_hp_loss":0.0,"gold_gain":0.0,"event_name":"Dead Adventurer","player_choice":"Searched \u00272\u0027 times","floor":8.0,"gold_loss":0.0,"damage_taken":0.0,"relics_obtained":["Lantern"]},{"cards_removed":["Strike_R"],"damage_healed":0.0,"max_hp_gain":0.0,"max_hp_loss":0.0,"gold_gain":0.0,"event_name":"Bonfire Elementals","player_choice":"Offered Basic","floor":13.0,"gold_loss":0.0,"damage_taken":0.0},{"cards_removed":["Strike_R"],"damage_healed":0.0,"max_hp_gain":0.0,"max_hp_loss":0.0,"gold_gain":0.0,"event_name":"Beggar","player_choice":"Gave Gold","floor":19.0,"gold_loss":75.0,"damage_taken":0.0},{"damage_healed":0.0,"max_hp_gain":0.0,"max_hp_loss":0.0,"gold_gain":180.0,"event_name":"Knowing Skull","player_choice":"GOLD GOLD ","floor":28.0,"potions_obtained":[],"gold_loss":0.0,"damage_taken":19.0,"cards_obtained":[]},{"damage_healed":0.0,"max_hp_gain":0.0,"max_hp_loss":0.0,"gold_gain":0.0,"event_name":"Tomb of Lord Red Mask","player_choice":"Ignored","floor":36.0,"gold_loss":0.0,"damage_taken":0.0},{"cards_removed":["Warcry"],"damage_healed":0.0,"max_hp_gain":0.0,"max_hp_loss":0.0,"gold_gain":0.0,"event_name":"Falling","player_choice":"Removed Skill","floor":38.0,"gold_loss":0.0,"damage_taken":0.0},{"damage_healed":0.0,"max_hp_gain":0.0,"max_hp_loss":0.0,"gold_gain":100.0,"event_name":"Golden Shrine","player_choice":"Pray","floor":44.0,"gold_loss":0.0,"damage_taken":0.0}],"is_beta":false,"boss_relics":[{"not_picked":["Pandora\u0027s Box","Black Star"],"picked":"Runic Pyramid"},{"not_picked":["SacredBark","Runic Cube"],"picked":"Empty Cage"}],"items_purged_floors":[20,46,53],"is_endless":false,"potions_floor_spawned":[2,7,11,22,25,27,29,35,48],"ascension_level":5}}