{"host":"f55lpzc7830gmx23","time":1608163315,"event":{"mods":["BaseMod","Better Note","Downfall","Hermit","Minty Spire (QoL Compilation)","StSLib","The Blackbeard","The Cursed","The Necromancer"],"gold_per_floor":[114,79,98,117,117,117,140,150,173,200,200,219,235,248,248,352,352,366,412,442,442,442],"floor_reached":20,"playtime":3409,"items_purged":[],"score":327,"play_id":"73e4cbb7-ff1d-4681-a74f-9d81e4cc8d22","local_time":"20201217010155","is_ascension_mode":true,"campfire_choices":[{"floor":6,"key":"REST"},{"floor":15,"key":"REST"}],"circlet_count":0,"master_deck":["AscendersBane","blackbeard:BlackbeardStrike+1","blackbeard:BlackbeardStrike","blackbeard:BlackbeardStrike","blackbeard:BlackbeardStrike+1","blackbeard:IntimidatingStrike","blackbeard:BlackbeardDefend","blackbeard:BlackbeardDefend","blackbeard:BlackbeardDefend","blackbeard:Cutlass","blackbeard:InfiniteBarrage","blackbeard:Dagger","blackbeard:Sword","blackbeard:Dagger","blackbeard:BeatUp","blackbeard:TerrorOfTheSeas","blackbeard:AgileStrike","blackbeard:PirateHook","blackbeard:ArmorUp","blackbeard:Parrot","blackbeard:Bandana+1","blackbeard:Fencing+1"],"relics":["blackbeard:LoadTheCannons","Odd Mushroom","Ancient Tea Set","Omamori","Cursed Key"],"acts_visited":["Exordium","TheCity"],"potions_floor_usage":[7,7,16,18,20,20],"damage_taken":[{"damage":7,"enemies":"Small Slimes","floor":1,"turns":3},{"damage":7,"enemies":"Jaw Worm","floor":3,"turns":4},{"damage":1,"enemies":"Cultist","floor":4,"turns":4},{"damage":5,"enemies":"The Mushroom Lair","floor":7,"turns":3},{"damage":6,"enemies":"3 Louse","floor":8,"turns":2},{"damage":16,"enemies":"Lots of Slimes","floor":12,"turns":3},{"damage":3,"enemies":"Blue Slaver","floor":13,"turns":2},{"damage":0,"enemies":"2 Fungi Beasts","floor":14,"turns":1},{"damage":0,"enemies":"Slime Boss","floor":16,"turns":5},{"damage":47,"enemies":"2 Thieves","floor":18,"turns":4},{"damage":11,"enemies":"Spheric Guardian","floor":19,"turns":3},{"damage":24,"enemies":"Shelled Parasite and Fungi","floor":20,"turns":3}],"seed_played":"7051440083565898856","potions_obtained":[{"floor":3,"key":"Swift Potion"},{"floor":4,"key":"DistilledChaos"},{"floor":12,"key":"LiquidBronze"},{"floor":13,"key":"SteroidPotion"},{"floor":18,"key":"LiquidBronze"},{"floor":19,"key":"PowerPotion"}],"is_trial":false,"path_per_floor":["M","?","M","M","?","R","?","M","T","T","?","M","M","M","R","B",null,"M","M","M"],"character_chosen":"BLACKBEARD_CLASS","items_purchased":[],"campfire_rested":2,"item_purchase_floors":[],"current_hp_per_floor":[68,82,75,74,58,82,77,71,71,71,71,55,52,52,76,76,81,34,23,0,0,0],"gold":442,"neow_bonus":"TEN_PERCENT_HP_BONUS","is_daily":false,"chose_seed":false,"campfire_upgraded":0,"win_rate":0.0,"timestamp":1608163315,"path_taken":["M","?","M","M","?","R","?","?","T","?","?","M","M","M","R","BOSS","M","M","?"],"items_purchased_type":[],"build_version":"2020-12-13","purchased_purges":0,"victory":false,"max_hp_per_floor":[82,82,82,82,82,82,82,82,82,82,82,82,82,82,82,82,82,82,82,82,82,82],"card_choices":[{"not_picked":["blackbeard:DeadlyArsenal","blackbeard:PiratesWill"],"picked":"blackbeard:InfiniteBarrage","floor":1},{"not_picked":["blackbeard:WoodenLeg","blackbeard:Toast"],"picked":"blackbeard:Dagger","floor":3},{"not_picked":["blackbeard:ArmorUp","blackbeard:Upgrade"],"picked":"blackbeard:Sword","floor":4},{"not_picked":["blackbeard:FieryDefense","blackbeard:Fencing"],"picked":"blackbeard:Dagger","floor":7},{"not_picked":["blackbeard:DeadlyArsenal","blackbeard:Spear"],"picked":"blackbeard:BeatUp","floor":8},{"not_picked":["blackbeard:CloakAndCannonball","blackbeard:BrownPants"],"picked":"blackbeard:AgileStrike","floor":12},{"not_picked":["blackbeard:Sword","blackbeard:PiratesWill"],"picked":"blackbeard:PirateHook","floor":13},{"not_picked":["blackbeard:PiratesWill","blackbeard:VengefulSpirit"],"picked":"blackbeard:ArmorUp","floor":14},{"not_picked":["blackbeard:BountyHunter","blackbeard:Lifeboat"],"picked":"blackbeard:Parrot","floor":16},{"not_picked":["blackbeard:PiratesWill","blackbeard:TacticalRetreat"],"picked":"blackbeard:Bandana+1","floor":18},{"not_picked":["blackbeard:RearmingStrike","blackbeard:FieryDefense"],"picked":"blackbeard:Fencing+1","floor":19}],"player_experience":420691,"relics_obtained":[{"floor":7,"key":"Odd Mushroom"},{"floor":9,"key":"Ancient Tea Set"},{"floor":10,"key":"Omamori"}],"event_choices":[{"damage_healed":20,"gold_gain":0,"player_choice":"Healed","damage_taken":0,"max_hp_gain":0,"max_hp_loss":0,"event_name":"The Cleric","floor":2,"gold_loss":35},{"damage_healed":0,"gold_gain":0,"player_choice":"Entered Light","damage_taken":16,"max_hp_gain":0,"max_hp_loss":0,"event_name":"Shining Light","floor":5,"gold_loss":0,"cards_upgraded":["blackbeard:BlackbeardStrike","blackbeard:BlackbeardStrike"]},{"damage_healed":0,"gold_gain":0,"player_choice":"Fought Mushrooms","damage_taken":0,"max_hp_gain":0,"max_hp_loss":0,"event_name":"Mushrooms","floor":7,"gold_loss":0},{"damage_healed":0,"gold_gain":0,"cards_transformed":["blackbeard:BlackbeardDefend"],"player_choice":"Transformed","damage_taken":0,"max_hp_gain":0,"max_hp_loss":0,"event_name":"Transmorgrifier","floor":11,"gold_loss":0,"cards_obtained":["blackbeard:TerrorOfTheSeas"]}],"is_beta":false,"boss_relics":[{"not_picked":["SlaversCollar","Velvet Choker"],"picked":"Cursed Key"}],"items_purged_floors":[],"is_endless":false,"potions_floor_spawned":[3,4,12,13,18,19],"killed_by":"Shelled Parasite and Fungi","ascension_level":10}}