{"host":"55yei7x27djrlaep","time":1608211495,"event":{"mods":["Act Like it!","BaseMod","Better Third Choice","BetterRewards","Colored Map","Friendly Minions","GifTheSpireLib","Hermit","Infinite Spire","Marisa????????","Minty Spire (QoL Compilation)","Replay The Spire","StSLib","Stuff the Spire"],"gold_per_floor":[110,126,76,0,0,29,29,29,29,48,62,87,104,134,134,134,134],"floor_reached":16,"playtime":496,"items_purged":[],"score":138,"play_id":"08020a31-76a1-4ec2-a6c5-3942ae74d5dc","local_time":"20201217162455","is_ascension_mode":true,"campfire_choices":[{"data":"Armaments","floor":8,"key":"SMITH"},{"floor":15,"key":"DIG"}],"circlet_count":0,"master_deck":["Strike_R","Strike_R","Strike_R","Strike_R","Defend_R","Defend_R","Defend_R","Defend_R","Bash","Replay:Light Bash","Strike_MRS","Spot Weakness","Armaments+1","Bludgeon","Regret","Cleave","Pain","Sever Soul","Shrug It Off","Flame Barrier"],"relics":["Burning Blood","Du-Vu Doll","StuffTheSpire:RedRose","Anchor","WarpedTongs","infinitespire:CheckeredPen","Letter Opener","TungstenRod","StuffTheSpire:Barrel"],"acts_visited":["Exordium"],"potions_floor_usage":[6,16],"damage_taken":[{"damage":12,"enemies":"2 Louse","floor":1,"turns":3},{"damage":10,"enemies":"Small Slimes","floor":2,"turns":3},{"damage":13,"enemies":"Gremlin Nob","floor":6,"turns":3},{"damage":10,"enemies":"Cultist","floor":10,"turns":3},{"damage":1,"enemies":"Large Slime","floor":11,"turns":3},{"damage":13,"enemies":"3 Sentries","floor":12,"turns":4},{"damage":4,"enemies":"Looter","floor":13,"turns":2},{"damage":12,"enemies":"Gremlin Nob","floor":14,"turns":3},{"damage":54,"enemies":"The Guardian","floor":16,"turns":7}],"seed_played":"-558825236326305733","potions_obtained":[{"floor":2,"key":"BlessingOfTheForge"},{"floor":10,"key":"LifebloodPotion"},{"floor":13,"key":"AttackPotion"},{"floor":14,"key":"FearPotion"}],"is_trial":false,"path_per_floor":["M","M","?","$","?","E","?","R","T","M","M","E","M","E","R_BF","B"],"character_chosen":"IRONCLAD","items_purchased":["Bludgeon"],"campfire_rested":0,"item_purchase_floors":[4],"current_hp_per_floor":[74,70,70,70,70,63,63,63,63,59,64,57,59,53,53,0,0],"gold":134,"neow_bonus":"ONE_RARE_RELIC","is_daily":false,"chose_seed":false,"campfire_upgraded":1,"win_rate":0.0,"timestamp":1608211495,"path_taken":["M","M","?","$","?","E","?","R","T","M","M","E","?","E","R_BF","BOSS"],"items_purchased_type":["Card"],"build_version":"2020-12-13","purchased_purges":0,"victory":false,"max_hp_per_floor":[80,80,80,80,80,80,80,80,80,80,80,80,80,80,80,80,80],"card_choices":[{"not_picked":["Warcry","Hemokinesis"],"picked":"Spot Weakness","floor":1},{"not_picked":["Sentinel","StuffTheSpire:Slingshot"],"picked":"Armaments","floor":2},{"not_picked":["Rupture","Second Wind"],"picked":"Cleave","floor":6},{"not_picked":["Whirlwind","ReplayTheSpireMod:Corrosion Curse"],"picked":"Sever Soul","floor":10},{"not_picked":["Sword Boomerang","Power Through"],"picked":"Shrug It Off","floor":11},{"not_picked":["Barricade","Shrug It Off"],"picked":"Flame Barrier","floor":12},{"not_picked":["Searing Blow","Flame Barrier","Thunderclap"],"picked":"SKIP","floor":13},{"not_picked":["Thunderclap","Carnage","Wild Strike"],"picked":"SKIP","floor":14}],"player_experience":330603,"relics_obtained":[{"floor":6,"key":"Anchor"},{"floor":9,"key":"infinitespire:CheckeredPen"},{"floor":12,"key":"Letter Opener"},{"floor":14,"key":"TungstenRod"},{"floor":15,"key":"StuffTheSpire:Barrel"}],"event_choices":[{"cards_removed":["Strike_R"],"damage_healed":0,"gold_gain":0,"player_choice":"Card Removal","damage_taken":0,"max_hp_gain":0,"max_hp_loss":0,"event_name":"The Cleric","floor":3,"gold_loss":50},{"damage_healed":0,"gold_gain":0,"player_choice":"Rummage","damage_taken":0,"relics_obtained":["WarpedTongs"],"max_hp_gain":0,"max_hp_loss":0,"event_name":"Accursed Blacksmith","floor":7,"gold_loss":0,"cards_obtained":["Pain"]}],"is_beta":false,"boss_relics":[],"items_purged_floors":[],"is_endless":false,"potions_floor_spawned":[2,10,13,14],"killed_by":"The Guardian","ascension_level":3}}