{"host":"oc5h2hqz0xgb0igf","time":1608194450,"event":{"mods":["AchievementEnabler","BaseMod","Card Forge","Colored Map","Colored Powertips","Minty Spire (QoL Compilation)","Rare Cards Sparkle","StSLib"],"gold_per_floor":[115,115,125,136,311,339,339,370,393,393,393,425,444,476,476,575,575,592,592,611,625,635,660,660,689,714,741,741,770,781,799,799,895,895,908,926,944,962,977,1004,1023,1049,1049,1059,1071,1090,1117,1117,1117,1117,1117,1117,756,783,783],"floor_reached":56,"playtime":4278,"items_purged":["Bandage Up+1"],"score":1979,"play_id":"7b371f1e-6a8c-4399-bd2f-5ce12e9333f8","local_time":"20201217004050","is_ascension_mode":true,"campfire_choices":[{"data":"Bandage Up","floor":7,"key":"SMITH"},{"floor":10,"key":"REST"},{"floor":15,"key":"RECALL"},{"data":"MentalFortress","floor":24,"key":"SMITH"},{"floor":28,"key":"REST"},{"floor":32,"key":"REST"}],"circlet_count":0,"master_deck":["DeusExMachina+1","Devotion+1","Devotion+1","Devotion+1","Devotion+1","Wallop+1","Wallop+1","Ghostly+1","Ghostly+1","Ghostly+1","Ghostly+1","Ghostly+1","MentalFortress+1"],"relics":["PureWater","Hammer of Thor","Seething Fire","Anvil of the Gods","Smiling Mask","War Paint","Dead Branch","Bottled Tornado","SacredBark","Nilry\u0027s Codex","Damaru","Blood Vial","Bag of Preparation","Matryoshka","Boot","Coffee Dripper","Orichalcum","Vajra","Art of War","Question Card","PreservedInsect","Calipers","Oddly Smooth Stone"],"acts_visited":["Exordium","TheCity","TheBeyond","TheEnding"],"potions_floor_usage":[18,40],"damage_taken":[{"damage":2,"enemies":"Small Slimes","floor":1,"turns":4},{"damage":1,"enemies":"Jaw Worm","floor":3,"turns":3},{"damage":1,"enemies":"Cultist","floor":4,"turns":3},{"damage":1,"enemies":"Gremlin Nob","floor":6,"turns":5},{"damage":22,"enemies":"3 Sentries","floor":8,"turns":8},{"damage":1,"enemies":"Gremlin Nob","floor":12,"turns":5},{"damage":2,"enemies":"3 Louse","floor":13,"turns":4},{"damage":2,"enemies":"3 Sentries","floor":14,"turns":5},{"damage":0,"enemies":"Hexaghost","floor":16,"turns":5},{"damage":0,"enemies":"Chosen","floor":18,"turns":7},{"damage":1,"enemies":"Spheric Guardian","floor":20,"turns":4},{"damage":6,"enemies":"Snake Plant","floor":21,"turns":3},{"damage":0,"enemies":"Sentry and Sphere","floor":22,"turns":3},{"damage":5,"enemies":"Slavers","floor":23,"turns":5},{"damage":3,"enemies":"Gremlin Leader","floor":25,"turns":4},{"damage":0,"enemies":"Slavers","floor":27,"turns":4},{"damage":0,"enemies":"Book of Stabbing","floor":29,"turns":4},{"damage":0,"enemies":"Centurion and Healer","floor":30,"turns":4},{"damage":8,"enemies":"Chosen and Byrds","floor":31,"turns":3},{"damage":0,"enemies":"Collector","floor":33,"turns":6},{"damage":0,"enemies":"3 Darklings","floor":35,"turns":4},{"damage":1,"enemies":"Orb Walker","floor":36,"turns":2},{"damage":3,"enemies":"Jaw Worm Horde","floor":37,"turns":5},{"damage":0,"enemies":"Writhing Mass","floor":38,"turns":5},{"damage":0,"enemies":"Sphere and 2 Shapes","floor":39,"turns":5},{"damage":1,"enemies":"Giant Head","floor":40,"turns":6},{"damage":0,"enemies":"4 Shapes","floor":41,"turns":3},{"damage":0,"enemies":"Nemesis","floor":42,"turns":3},{"damage":0,"enemies":"Spire Growth","floor":44,"turns":4},{"damage":0,"enemies":"Jaw Worm Horde","floor":45,"turns":3},{"damage":0,"enemies":"Writhing Mass","floor":46,"turns":3},{"damage":0,"enemies":"Reptomancer","floor":47,"turns":4},{"damage":0,"enemies":"Donu and Deca","floor":50,"turns":5},{"damage":0,"enemies":"Shield and Spear","floor":54,"turns":5},{"damage":12,"enemies":"The Heart","floor":55,"turns":8}],"seed_played":"-395164024505749009","potions_obtained":[{"floor":4,"key":"FearPotion"},{"floor":6,"key":"SpeedPotion"},{"floor":8,"key":"Block Potion"},{"floor":20,"key":"Fire Potion"},{"floor":23,"key":"FairyPotion"},{"floor":40,"key":"Block Potion"}],"is_trial":false,"path_per_floor":["M","$","M","M","?","E","R","E","T","R","?","E","M","E","R","B",null,"M","?","M","M","M","E","R","E","T","E","R","E","M","M","R","B",null,"M","M","M","M","M","E","M","E","T","M","M","M","E","?","R","B",null,"R","$","E","B",null],"character_chosen":"WATCHER","items_purchased":["Calipers"],"campfire_rested":3,"item_purchase_floors":[53],"current_hp_per_floor":[69,69,69,68,68,68,68,48,48,68,68,69,69,69,69,69,69,69,53,58,58,64,65,65,68,68,69,69,69,69,67,69,69,69,69,69,69,69,69,69,69,69,69,69,69,69,69,69,69,69,69,69,69,69,57],"gold":783,"neow_bonus":"THREE_RARE_CARDS","is_daily":false,"chose_seed":false,"campfire_upgraded":2,"win_rate":0.0,"timestamp":1608194450,"path_taken":["M","$","M","M","?","E","R","E","T","R","?","E","?","E","R","BOSS","M","?","M","M","M","E","R","E","T","E","R","E","M","M","R","BOSS","M","M","M","M","M","E","M","E","T","M","M","M","E","?","R","BOSS","R","$","E","BOSS"],"items_purchased_type":["Relic"],"build_version":"2020-12-13","purchased_purges":1,"victory":true,"max_hp_per_floor":[69,69,69,69,69,69,69,69,69,69,69,69,69,69,69,69,69,69,69,69,69,69,69,69,69,69,69,69,69,69,69,69,69,69,69,69,69,69,69,69,69,69,69,69,69,69,69,69,69,69,69,69,69,69,69],"card_choices":[{"not_picked":["Omniscience","MasterReality"],"picked":"DeusExMachina","floor":0},{"not_picked":["Vengeance","DeceiveReality","EmptyMind"],"picked":"SKIP","floor":1},{"not_picked":["EmptyBody","FlyingSleeves","Halt"],"picked":"SKIP","floor":3},{"not_picked":["ClearTheMind","LikeWater","Vengeance"],"picked":"SKIP","floor":4},{"not_picked":["FearNoEvil","Prostrate","InnerPeace"],"picked":"SKIP","floor":6},{"not_picked":["WindmillStrike","Perseverance","BowlingBash"],"picked":"SKIP","floor":8},{"not_picked":["ThirdEye","SashWhip","Conclude"],"picked":"SKIP","floor":12},{"not_picked":["SandsOfTime","JustLucky","PathToVictory"],"picked":"SKIP","floor":13},{"not_picked":["CutThroughFate","ForeignInfluence","Prostrate"],"picked":"SKIP","floor":14},{"not_picked":["FlurryOfBlows","Halt","CrushJoints"],"picked":"SKIP","floor":18},{"not_picked":["DevaForm","Study","Crescendo"],"picked":"SKIP","floor":20},{"not_picked":["SashWhip","Prostrate","Pray"],"picked":"SKIP","floor":21},{"not_picked":["SignatureMove+1","SandsOfTime+1","Collect"],"picked":"SKIP","floor":22},{"not_picked":["WaveOfTheHand","MentalFortress","SandsOfTime+1"],"picked":"SKIP","floor":23},{"not_picked":["WaveOfTheHand","SandsOfTime+1"],"picked":"MentalFortress","floor":23},{"not_picked":["EmptyBody","Crescendo","Wallop"],"picked":"SKIP","floor":25},{"not_picked":["Protect+1","EmptyBody","LikeWater+1"],"picked":"SKIP","floor":27},{"not_picked":["Prostrate+1","Wallop+1","FollowUp"],"picked":"SKIP","floor":29},{"not_picked":["FlyingSleeves","LikeWater","Pray"],"picked":"SKIP","floor":30},{"not_picked":["WaveOfTheHand","Protect","Evaluate"],"picked":"SKIP","floor":31},{"not_picked":["Worship+1","BattleHymn+1","CrushJoints+1"],"picked":"SKIP","floor":35},{"not_picked":["LikeWater+1","Crescendo","Evaluate+1"],"picked":"SKIP","floor":36},{"not_picked":["SashWhip+1","BowlingBash+1","Prostrate"],"picked":"SKIP","floor":37},{"not_picked":["Omniscience","FlyingSleeves","CarveReality"],"picked":"SKIP","floor":38},{"not_picked":["Tantrum","FlyingSleeves+1","CrushJoints+1"],"picked":"SKIP","floor":39},{"not_picked":["Conclude+1","Wallop+1","CrushJoints+1"],"picked":"SKIP","floor":40},{"not_picked":["CrushJoints","ForeignInfluence","JustLucky"],"picked":"SKIP","floor":41},{"not_picked":["Evaluate+1","SpiritShield","WindmillStrike"],"picked":"SKIP","floor":42},{"not_picked":["FearNoEvil+1","SignatureMove","ReachHeaven","Prostrate+1"],"picked":"SKIP","floor":44},{"not_picked":["SandsOfTime","FollowUp+1","FlurryOfBlows","Evaluate+1"],"picked":"SKIP","floor":45},{"not_picked":["FlyingSleeves+1","Halt","BowlingBash+1","CrushJoints+1"],"picked":"SKIP","floor":46},{"not_picked":["CutThroughFate","Swivel","Conclude+1","Halt"],"picked":"SKIP","floor":47},{"not_picked":["Protect","FlyingSleeves","Evaluate+1","SignatureMove"],"picked":"SKIP","floor":54}],"player_experience":117542,"relics_obtained":[{"floor":6,"key":"Smiling Mask"},{"floor":8,"key":"War Paint"},{"floor":12,"key":"Dead Branch"},{"floor":14,"key":"Bottled Tornado"},{"floor":19,"key":"Nilry\u0027s Codex"},{"floor":23,"key":"Damaru"},{"floor":25,"key":"Blood Vial"},{"floor":26,"key":"Bag of Preparation"},{"floor":27,"key":"Matryoshka"},{"floor":29,"key":"Boot"},{"floor":40,"key":"Orichalcum"},{"floor":42,"key":"Vajra"},{"floor":43,"key":"Art of War"},{"floor":43,"key":"Question Card"},{"floor":47,"key":"PreservedInsect"},{"floor":54,"key":"Oddly Smooth Stone"}],"event_choices":[{"damage_healed":0,"gold_gain":175,"player_choice":"AGREE","damage_taken":0,"max_hp_gain":0,"max_hp_loss":0,"event_name":"Liars Game","floor":5,"gold_loss":0,"cards_obtained":["Doubt"]},{"cards_removed":["Doubt"],"damage_healed":0,"gold_gain":0,"player_choice":"Removed Curses","damage_taken":0,"max_hp_gain":0,"max_hp_loss":0,"event_name":"Fountain of Cleansing","floor":11,"gold_loss":0},{"damage_healed":0,"gold_gain":0,"player_choice":"Obtained Book","damage_taken":16,"max_hp_gain":0,"max_hp_loss":0,"event_name":"Cursed Tome","floor":19,"gold_loss":0},{"damage_healed":0,"gold_gain":0,"player_choice":"Memory 1","damage_taken":0,"max_hp_gain":0,"max_hp_loss":0,"event_name":"SensoryStone","floor":48,"gold_loss":0}],"is_beta":false,"boss_relics":[{"not_picked":["Runic Pyramid","VioletLotus"],"picked":"SacredBark"},{"not_picked":["Empty Cage","Sozu"],"picked":"Coffee Dripper"}],"items_purged_floors":[53],"is_endless":false,"potions_floor_spawned":[4,6,8,14,20,23,25,27,31,33,35,37,40,42,47,54],"ascension_level":4}}