{"host":"aunmuzt9j70r7vun","time":1608169267,"event":{"mods":["BaseMod","Better Altar","Better Third Choice","BetterRewards","Clockwork Mod","Curses Come First","Downfall","Infinite Spire","LagranYue(???·?)","Mad Scientist","Marisa????????","Minty Spire (QoL Compilation)","Rare Cards Sparkle","Relic Sorter","Say the Spire","Shop Mod","Spicy Shops","StSLib","The Cursed","The Disciple","The Edgeheg","The Mystic","The Servant 0.9.4"],"gold_per_floor":[212,487,503,517,20,20,30,40,91,91,91,91,91,112,112,112,112],"floor_reached":16,"playtime":1715,"items_purged":["Regret"],"score":120,"play_id":"db5c63b6-add2-444e-aeae-11a228623ad6","local_time":"20201216214107","is_ascension_mode":true,"campfire_choices":[{"data":"Defragment","floor":6,"key":"SMITH"},{"data":"Defragment","floor":10,"key":"SMITH"},{"floor":12,"key":"REST"},{"floor":15,"key":"REST"}],"circlet_count":0,"master_deck":["Strike_B","Strike_B","Strike_B","Strike_B","Defend_B","Defend_B","Defend_B","Defend_B","Zap","Dualcast","Defragment+1","White Noise","Defragment+1","Buffer"],"relics":["Cracked Core","LagranYue:RandomDrawCardRelic","Membership Card","Singing Bowl","MerchantsRug","Anchor","Golden Idol","Vajra"],"acts_visited":["Exordium"],"potions_floor_usage":[8,14,16,16],"damage_taken":[{"damage":4,"enemies":"Jaw Worm","floor":1,"turns":4},{"damage":15,"enemies":"Cultist","floor":3,"turns":4},{"damage":11,"enemies":"Small Slimes","floor":4,"turns":4},{"damage":3,"enemies":"Blue Slaver","floor":7,"turns":3},{"damage":4,"enemies":"Red Slaver","floor":8,"turns":3},{"damage":14,"enemies":"Lots of Slimes","floor":14,"turns":5},{"damage":39,"enemies":"Hexaghost","floor":16,"turns":9}],"seed_played":"2157772409005412837","potions_obtained":[{"floor":1,"key":"FearPotion"},{"floor":7,"key":"Energy Potion"},{"floor":8,"key":"EssenceOfSteel"}],"is_trial":false,"path_per_floor":["M","?","M","M","$","R","M","M","T","R","?","R","?","M","R","B"],"character_chosen":"DEFECT","items_purchased":["Membership Card","Defragment","White Noise","Singing Bowl","MerchantsRug","FocusPotion"],"campfire_rested":2,"item_purchase_floors":[5,5,5,5,5,5],"current_hp_per_floor":[64,64,49,38,38,38,35,33,33,33,14,37,30,16,39,0,0],"gold":112,"neow_bonus":"HUNDRED_GOLD","is_daily":false,"chose_seed":false,"campfire_upgraded":2,"win_rate":0.0,"timestamp":1608169267,"path_taken":["M","?","M","M","$","R","M","?","T","R","?","R","?","M","R","BOSS"],"items_purchased_type":["Relic","Card","Card","Relic","Relic","Potion"],"build_version":"2020-12-13","purchased_purges":1,"victory":false,"max_hp_per_floor":[75,75,75,75,75,75,75,77,77,77,77,77,77,77,77,77,77],"card_choices":[{"not_picked":["Gash","Steam Power","Stack"],"picked":"SKIP","floor":1},{"not_picked":["Stack","Rebound","Turbo"],"picked":"SKIP","floor":3},{"not_picked":["Turbo","Barrage","FTL"],"picked":"SKIP","floor":4},{"not_picked":["Melter","Undo"],"picked":"Defragment","floor":7},{"not_picked":["Barrage","Gash","Rebound"],"picked":"Singing Bowl","floor":8},{"not_picked":["Reinforced Body","Ball Lightning"],"picked":"Buffer","floor":14}],"player_experience":742185,"relics_obtained":[{"floor":9,"key":"Anchor"}],"event_choices":[{"damage_healed":0,"gold_gain":275,"player_choice":"Desecrate","damage_taken":0,"max_hp_gain":0,"max_hp_loss":0,"event_name":"Golden Shrine","floor":2,"gold_loss":0,"cards_obtained":["Regret"]},{"damage_healed":0,"gold_gain":0,"player_choice":"Take Damage","damage_taken":19,"relics_obtained":["Golden Idol"],"max_hp_gain":0,"max_hp_loss":0,"event_name":"Golden Idol","floor":11,"gold_loss":0},{"damage_healed":0,"gold_gain":0,"player_choice":"Relic ","damage_taken":7,"max_hp_gain":0,"max_hp_loss":0,"event_name":"betterThird:BetterScrap","floor":13,"gold_loss":0,"cards_obtained":["Flechettes"]}],"is_beta":false,"boss_relics":[],"items_purged_floors":[5],"is_endless":false,"potions_floor_spawned":[1,7,8],"killed_by":"Hexaghost","ascension_level":6}}