{"host":"f0gpob8hq9vgebej","time":1608168487,"event":{"mods":["AchievementEnabler","BaseMod","Googly Eyes","Minty Spire (QoL Compilation)","Quick Restart","SuperFastMode"],"gold_per_floor":[361,380,113,133,152,152,171,181,181,42,60,84,99,115,115,211,211,231,246,40,53,73,108,108,140,194,208,208,208,208,307,307,408,408,420,26,42,55,68,68,18,18,44,44,59,9,21,40,40,40],"floor_reached":51,"playtime":1282,"items_purged":["Strike_G","Defend_G","Bane","Writhe","Dodge and Roll","Backstab"],"score":1034,"play_id":"8ad8c96c-2987-4474-b734-1b7b145b8c47","local_time":"20201217102807","is_ascension_mode":true,"campfire_choices":[{"data":"Blade Dance","floor":6.0,"key":"SMITH"},{"data":"Accuracy","floor":15.0,"key":"SMITH"},{"data":"Phantasmal Killer","floor":24.0,"key":"SMITH"},{"data":"Calculated Gamble","floor":32.0,"key":"SMITH"},{"data":"Envenom","floor":40.0,"key":"SMITH"},{"data":"Bandage Up","floor":42.0,"key":"SMITH"},{"data":"Adrenaline","floor":49.0,"key":"SMITH"}],"circlet_count":0,"master_deck":["AscendersBane","Survivor","Neutralize","PiercingWail","Blade Dance+1","Prepared","Cloak And Dagger+1","Finisher","Calculated Gamble+1","Backflip","Accuracy+1","Adrenaline","Endless Agony","Noxious Fumes","Phantasmal Killer+1","Backflip","Escape Plan","Escape Plan","Acrobatics+1","Cloak And Dagger+1","Terror","Adrenaline+1","Envenom+1","Bandage Up+1","Adrenaline"],"relics":["Ring of the Snake","Snake Skull","Eternal Feather","Vajra","Pandora\u0027s Box","Art of War","Paper Crane","Smiling Mask","Shuriken","WristBlade","Sundial","Oddly Smooth Stone"],"acts_visited":["Exordium","TheCity","TheBeyond"],"potions_floor_usage":[50],"damage_taken":[{"damage":0.0,"enemies":"Cultist","floor":1.0,"turns":4.0},{"damage":0.0,"enemies":"Jaw Worm","floor":2.0,"turns":7.0},{"damage":0.0,"enemies":"2 Louse","floor":4.0,"turns":3.0},{"damage":0.0,"enemies":"Large Slime","floor":5.0,"turns":8.0},{"damage":2.0,"enemies":"Blue Slaver","floor":7.0,"turns":5.0},{"damage":0.0,"enemies":"Gremlin Gang","floor":8.0,"turns":5.0},{"damage":6.0,"enemies":"Red Slaver","floor":11.0,"turns":2.0},{"damage":0.0,"enemies":"Looter","floor":13.0,"turns":2.0},{"damage":6.0,"enemies":"Exordium Wildlife","floor":14.0,"turns":6.0},{"damage":19.0,"enemies":"The Guardian","floor":16.0,"turns":14.0},{"damage":0.0,"enemies":"Spheric Guardian","floor":18.0,"turns":2.0},{"damage":3.0,"enemies":"2 Thieves","floor":19.0,"turns":2.0},{"damage":17.0,"enemies":"Snecko","floor":21.0,"turns":5.0},{"damage":6.0,"enemies":"Snake Plant","floor":22.0,"turns":4.0},{"damage":3.0,"enemies":"Gremlin Leader","floor":23.0,"turns":5.0},{"damage":9.0,"enemies":"Slavers","floor":25.0,"turns":2.0},{"damage":6.0,"enemies":"3 Cultists","floor":27.0,"turns":3.0},{"damage":0.0,"enemies":"Snecko","floor":29.0,"turns":1.0},{"damage":15.0,"enemies":"Automaton","floor":33.0,"turns":6.0},{"damage":0.0,"enemies":"3 Shapes","floor":35.0,"turns":2.0},{"damage":0.0,"enemies":"Orb Walker","floor":37.0,"turns":1.0},{"damage":0.0,"enemies":"Jaw Worm Horde","floor":38.0,"turns":2.0},{"damage":2.0,"enemies":"Writhing Mass","floor":39.0,"turns":2.0},{"damage":0.0,"enemies":"Maw","floor":45.0,"turns":3.0},{"damage":1.0,"enemies":"Sphere and 2 Shapes","floor":47.0,"turns":3.0},{"damage":5.0,"enemies":"Transient","floor":48.0,"turns":5.0},{"damage":50,"enemies":"Time Eater","floor":50,"turns":6}],"seed_played":"6395689820153169214","potions_obtained":[{"floor":2.0,"key":"Swift Potion"},{"floor":5.0,"key":"LiquidMemories"},{"floor":13.0,"key":"SmokeBomb"},{"floor":16.0,"key":"DistilledChaos"},{"floor":18.0,"key":"SteroidPotion"},{"floor":23.0,"key":"AttackPotion"},{"floor":37.0,"key":"Dexterity Potion"},{"floor":38.0,"key":"DistilledChaos"},{"floor":45.0,"key":"LiquidMemories"}],"is_trial":false,"path_per_floor":["M","M","$","M","M","R","M","M","T","$","M","T","M","M","R","B",null,"M","M","$","M","M","E","R","E","T","M","?","M","?","?","R","B",null,"M","$","M","M","M","R","$","R","T","?","M","$","M","M","R","B",null],"character_chosen":"THE_SILENT","items_purchased":["Blade Dance","Snake Skull","Calculated Gamble","Escape Plan","Bandage Up","Sundial"],"campfire_rested":0,"item_purchase_floors":[3,3,10,20,36,36],"current_hp_per_floor":[45,45,45,45,45,45,43,43,43,43,37,37,37,31,40,21,58,58,55,55,38,32,29,41,32,32,26,26,26,26,26,41,26,59,59,59,59,63,65,70,70,70,70,70,70,70,69,65,70,26],"gold":40,"neow_bonus":"TWO_FIFTY_GOLD","is_daily":false,"chose_seed":false,"campfire_upgraded":7,"win_rate":0.0,"timestamp":1608168487,"path_taken":["M","M","$","?","M","R","M","M","T","$","M","?","M","?","R","BOSS","M","M","$","?","M","E","R","E","T","M","?","M","?","?","R","BOSS","M","$","M","M","M","R","$","R","T","?","?","?","M","M","R","BOSS"],"items_purchased_type":["Card","Relic","Card","Card","Card","Relic"],"build_version":"2020-12-13","purchased_purges":6,"victory":true,"max_hp_per_floor":[70,70,70,70,70,70,70,70,70,70,70,70,70,70,70,70,70,70,70,70,70,70,70,70,70,70,70,70,70,70,70,70,70,70,70,70,70,70,70,70,70,70,70,70,70,70,70,70,70,70],"card_choices":[{"not_picked":["Deflect","Underhanded Strike"],"picked":"PiercingWail","floor":1.0},{"not_picked":["Distraction","Choke","Predator"],"picked":"SKIP","floor":2.0},{"not_picked":["Deflect","Outmaneuver","Sucker Punch"],"picked":"SKIP","floor":4.0},{"not_picked":["Skewer","Flying Knee"],"picked":"Prepared","floor":5.0},{"not_picked":["Concentrate","Expertise"],"picked":"Cloak And Dagger","floor":7.0},{"not_picked":["Flechettes","Predator"],"picked":"Finisher","floor":8.0},{"not_picked":["Calculated Gamble","Deflect"],"picked":"Backflip","floor":11.0},{"not_picked":["Corpse Explosion","Backflip"],"picked":"Accuracy","floor":13.0},{"not_picked":["Caltrops","Dash","Poisoned Stab"],"picked":"SKIP","floor":14.0},{"not_picked":["Venomology","Glass Knife"],"picked":"Adrenaline","floor":16.0},{"not_picked":["Eviscerate+1","Underhanded Strike"],"picked":"Backflip","floor":18.0},{"not_picked":["Backstab","Deadly Poison","Distraction"],"picked":"SKIP","floor":19.0},{"not_picked":["Dagger Throw+1","Outmaneuver","PiercingWail+1"],"picked":"SKIP","floor":21.0},{"not_picked":["Dagger Spray+1","Outmaneuver"],"picked":"Escape Plan","floor":22.0},{"not_picked":["Slice","Flying Knee"],"picked":"Acrobatics+1","floor":23.0},{"not_picked":["Deflect+1","Slice","Concentrate"],"picked":"SKIP","floor":25.0},{"not_picked":["Flechettes","Predator"],"picked":"Cloak And Dagger+1","floor":27.0},{"not_picked":["Corpse Explosion","Unload"],"picked":"Envenom","floor":33.0},{"not_picked":["Dodge and Roll+1","Dagger Throw+1","Quick Slash"],"picked":"SKIP","floor":35.0},{"not_picked":["Dagger Spray","Die Die Die","PiercingWail+1"],"picked":"SKIP","floor":37.0},{"not_picked":["Skewer","Dagger Spray","Slice"],"picked":"SKIP","floor":38.0},{"not_picked":["Expertise+1","Outmaneuver","PiercingWail"],"picked":"SKIP","floor":39.0},{"not_picked":["Predator+1","Deadly Poison","Bouncing Flask"],"picked":"SKIP","floor":45.0},{"not_picked":["Choke+1","Cloak And Dagger","Acrobatics+1"],"picked":"SKIP","floor":47.0},{"not_picked":["Noxious Fumes","Backflip"],"picked":"Adrenaline","floor":48.0}],"player_experience":163673,"relics_obtained":[{"floor":9.0,"key":"Eternal Feather"},{"floor":12.0,"key":"Vajra"},{"floor":23.0,"key":"Art of War"},{"floor":25.0,"key":"Paper Crane"},{"floor":26.0,"key":"Smiling Mask"},{"floor":43.0,"key":"Oddly Smooth Stone"}],"event_choices":[{"damage_healed":0.0,"max_hp_gain":0.0,"max_hp_loss":0.0,"gold_gain":0.0,"cards_transformed":["All Out Attack","Quick Slash"],"event_name":"Drug Dealer","player_choice":"Became Test Subject","floor":28.0,"gold_loss":0.0,"damage_taken":0.0,"cards_obtained":["Terror","Adrenaline"]},{"damage_healed":0.0,"max_hp_gain":0.0,"max_hp_loss":0.0,"gold_gain":0.0,"event_name":"The Mausoleum","player_choice":"Opened","floor":30.0,"gold_loss":0.0,"damage_taken":0.0,"relics_obtained":["Shuriken"],"cards_obtained":["Writhe"]},{"damage_healed":0.0,"max_hp_gain":0.0,"max_hp_loss":0.0,"gold_gain":99.0,"event_name":"Nest","player_choice":"Stole From Cult","floor":31.0,"gold_loss":0.0,"damage_taken":0.0},{"damage_healed":0.0,"max_hp_gain":0.0,"max_hp_loss":0.0,"gold_gain":0.0,"event_name":"Accursed Blacksmith","player_choice":"Forge","floor":44.0,"gold_loss":0.0,"damage_taken":0.0,"cards_upgraded":["Cloak And Dagger"]}],"is_beta":false,"boss_relics":[{"not_picked":["SlaversCollar","Sozu"],"picked":"Pandora\u0027s Box"},{"not_picked":["Calling Bell","Black Star"],"picked":"WristBlade"}],"items_purged_floors":[3,10,20,36,41,46],"is_endless":false,"potions_floor_spawned":[2,5,13,16,18,22,23,37,38,45],"ascension_level":10}}