{"host":"ml80p9p157c7xd90","time":1608181787,"event":{"mods":["2.2 Compatiblity","Act Like it!","Ascension Unlocker","Aspiration","BaseMod","Better Altar","Better Match","Better Note","Better Sensory Stone","Better Skull","Better Third Choice","CapriCore","Colored Map","Conspire","Downfall","Friendly Minions","Gensokyo","Halation","Hubris","Infinite Spire","Minty Spire (QoL Compilation)","Pale of the Ancients","Replay The Spire","Shade Mod","StSLib","The Mystic","Wandering Minibosses"],"gold_per_floor":[99,99,126,126,126,73,98,98,108,134,134,126,126,31,47,108,108,33,33,33,38,49,73,73,73,73,95,841,841,841,854,872,949,949,874,889,889,889,889,284,284,316,336,261,89,100,113,113,126,126,126,152,63,63,63],"floor_reached":56,"playtime":2963,"items_purged":["champ:Strike","champ:Strike"],"score":2266,"play_id":"5672285b-773b-426e-8e91-aebdfad222d9","local_time":"20201216220947","is_ascension_mode":true,"campfire_choices":[{"data":"champ:Taunt","floor":1,"key":"SMITH"},{"data":"champ:BerserkerStyle","floor":4,"key":"SMITH"},{"data":"champ:Control","floor":8,"key":"SMITH"},{"data":"champ:StrikeOfGenius","floor":18,"key":"SMITH"},{"data":"champ:Encircle","floor":20,"key":"SMITH"},{"floor":25,"key":"RECALL"},{"data":"champ:AdrenalArmor","floor":38,"key":"SMITH"},{"data":"champ:HoldFirm","floor":44,"key":"SMITH"},{"data":"Discovery","floor":54,"key":"SMITH"}],"circlet_count":0,"master_deck":["AscendersBane","champ:Defend+1","champ:Defend+1","champ:Defend","champ:Defend","champ:Execute","champ:Taunt+1","infinitespire:Gouge+1","champ:BerserkerStyle+1","champ:Control+1","champ:Haymaker+1","champ:AdrenalArmor+1","champ:FocusedBerserking","champ:AdrenalArmor","champ:Encircle+1","champ:StrikeOfGenius+1","champ:GutPunch+1","champ:FanOfKnives+1","champ:GutPunch+1","Shame","champ:Encircle+1","champ:AdrenalArmor+1","champ:HoldFirm+1","champ:RisingSlash+1","champ:AdrenalArmor+1","champ:EndlessRage","champ:Shatter","Shame","Pot Of Greed","Pot Of Greed","Pot Of Greed+1","champ:HoldFirm","champ:Aggression","Discovery+1"],"relics":["champ:ChampionCrown","downfall:HeartsMalice","hubris:PeanutButter","Bag of Marbles","hubris:BottledRain","Cursed Key","downfall:HeartBlessingGreen","aspiration:Stabinomicon","Meat on the Bone","StoneCalendar","wanderingMiniBosses:MasterThiefsPresence","halation:HeavySnake","downfall:HeartBlessingRed","hubris:Towel","Dead Branch","hubris:BundleOfHerbs","Grinning Jar","downfall:HeartBlessingBlue","Spirit Poop","Garlic"],"acts_visited":["Exordium","TheCity","TheBeyond","TheEnding"],"potions_floor_usage":[23,49,52],"damage_taken":[{"damage":0,"enemies":"Gremlin Nob","floor":3,"turns":1},{"damage":0,"enemies":"Small Slimes","floor":5,"turns":1},{"damage":0,"enemies":"downfall:FleeingMerchant","floor":6,"turns":1},{"damage":7,"enemies":"Jaw Worm","floor":9,"turns":2},{"damage":21,"enemies":"3 Sentries","floor":10,"turns":5},{"damage":39,"enemies":"Cultist","floor":12,"turns":6},{"damage":15,"enemies":"downfall:FleeingMerchant","floor":14,"turns":4},{"damage":18,"enemies":"Exordium Thugs","floor":15,"turns":5},{"damage":60,"enemies":"downfall:Ironclad","floor":16,"turns":6},{"damage":79,"enemies":"3 Byrds","floor":21,"turns":7},{"damage":23,"enemies":"Spheric Guardian","floor":22,"turns":3},{"damage":53,"enemies":"Book of Stabbing","floor":23,"turns":6},{"damage":38,"enemies":"conspire:SneckoGhost","floor":27,"turns":5},{"damage":69,"enemies":"Snake Plant","floor":28,"turns":5},{"damage":14,"enemies":"3 Cultists","floor":31,"turns":2},{"damage":55,"enemies":"Chosen and Byrds","floor":32,"turns":5},{"damage":77,"enemies":"downfall:Silent","floor":33,"turns":5},{"damage":16,"enemies":"3 Shapes","floor":36,"turns":4},{"damage":48,"enemies":"downfall:FleeingMerchant","floor":40,"turns":4},{"damage":52,"enemies":"Giant Head","floor":42,"turns":5},{"damage":43,"enemies":"3 Darklings","floor":43,"turns":2},{"damage":44,"enemies":"Maw","floor":46,"turns":4},{"damage":26,"enemies":"Spire Growth","floor":47,"turns":4},{"damage":89,"enemies":"Transient","floor":49,"turns":6},{"damage":65,"enemies":"downfall:Defect","floor":50,"turns":5},{"damage":88,"enemies":"downfall:CharBossMerchant","floor":52,"turns":6},{"damage":221,"enemies":"downfall:NeowBoss","floor":55,"turns":17}],"seed_played":"2006116584547869846","potions_obtained":[{"floor":3,"key":"Energy Potion"},{"floor":10,"key":"sneckomod:MuddlingPotion"},{"floor":15,"key":"champ:OpenerPotion"},{"floor":16,"key":"Strength Potion"},{"floor":23,"key":"BlessingOfTheForge"},{"floor":46,"key":"ColorlessPotion"},{"floor":49,"key":"champ:CounterPotion"},{"floor":52,"key":"Energy Potion"}],"is_trial":false,"path_per_floor":["R","?","E","R","M","$","T","R","M","E","?","M","?","$","M","B",null,"R","?","R","M","M","E","T","R","?","E","M","?","?","M","M","B",null,"R_BF","M","?","R","?","$","T","E","M","R","$","M","M","?","M","B",null,"E","$","R","B",null],"character_chosen":"THE_CHAMP","items_purchased":["champ:AdrenalArmor","champ:EndlessRage","Dead Branch","hubris:BundleOfHerbs","champ:Shatter","champ:HoldFirm","Discovery"],"campfire_rested":0,"item_purchase_floors":[6,40,40,40,40,45,53],"current_hp_per_floor":[73,53,53,53,53,53,53,53,52,42,37,35,35,47,44,16,65,65,65,65,63,79,49,49,49,49,62,45,45,45,65,65,62,80,80,86,86,86,86,86,86,86,83,93,93,96,88,88,96,96,96,96,96,96,96],"gold":63,"neow_bonus":"THREE_ENEMY_KILL","is_daily":false,"chose_seed":false,"campfire_upgraded":8,"win_rate":0.0,"timestamp":1608181787,"path_taken":["R","?","E","R","M","$","T","R","M","E","?","M","?","?","M","BOSS","R","?","R","M","M","E","T","R","?","E","M","?","?","?","M","BOSS","R_BF","M","?","R","?","?","T","E","M","R","$","M","?","?","M","BOSS","E","$","R","BOSS"],"items_purchased_type":["Card","Card","Relic","Relic","Card","Card","Card"],"build_version":"2020-12-13","purchased_purges":2,"victory":true,"max_hp_per_floor":[81,81,81,81,81,81,81,81,81,81,81,81,81,81,81,81,81,81,81,81,81,81,81,81,81,81,81,81,81,81,81,81,86,86,86,86,86,86,86,86,86,86,86,96,96,96,96,96,96,96,96,96,96,96,96],"card_choices":[{"not_picked":["ReplayTheSpireMod:Book of Names","ReplayTheSpireMod:??????????????????????"],"picked":"infinitespire:Gouge","floor":2},{"not_picked":["champ:Balance","champ:DefensiveShout"],"picked":"champ:BerserkerStyle","floor":3},{"not_picked":["champ:GladiatorStyle","champ:GladiatorsShout"],"picked":"champ:Control","floor":5},{"not_picked":["champ:StrikeOfGenius","champ:FalseCounter"],"picked":"champ:Haymaker","floor":6},{"not_picked":["champ:Backstep","champ:Circumvent","champ:FocusedGladiator"],"picked":"SKIP","floor":9},{"not_picked":["champ:BladeFlurry","champ:DefensiveShout"],"picked":"champ:FocusedBerserking","floor":10},{"not_picked":["champ:SkillfulDodge","champ:Control"],"picked":"champ:AdrenalArmor","floor":12},{"not_picked":["champ:FocusedBerserking","champ:Control","champ:FocusedGladiator"],"picked":"SKIP","floor":14},{"not_picked":["champ:Circumvent","champ:AdrenalArmor"],"picked":"champ:Encircle","floor":15},{"not_picked":["champ:SteelEdge","champ:CrownThrow"],"picked":"champ:StrikeOfGenius","floor":16},{"not_picked":["champ:Haymaker","champ:PerfectedStrike"],"picked":"champ:GutPunch+1","floor":21},{"not_picked":["champ:IronFortress","champ:CrookedStrike","champ:ArenaPreparation+1"],"picked":"SKIP","floor":22},{"not_picked":["champ:BerserkersShout","champ:IronFortress"],"picked":"champ:FanOfKnives","floor":23},{"not_picked":["champ:BerserkersShout","champ:CheapShot","champ:Backstep+1"],"picked":"SKIP","floor":27},{"not_picked":["champ:BerserkersShout","champ:CalledShot","champ:FaceSlap"],"picked":"SKIP","floor":28},{"not_picked":["champ:CalledShot","champ:BladeFlurry","champ:PerfectedStrike"],"picked":"SKIP","floor":31},{"not_picked":["champ:IronFortress","champ:FlashCut"],"picked":"champ:AdrenalArmor","floor":32},{"not_picked":["champ:Improvising","champ:ShieldSlam"],"picked":"champ:HoldFirm","floor":33},{"not_picked":["champ:ShieldWall","champ:DefensiveShout+1","champ:Circumvent+1"],"picked":"SKIP","floor":36},{"not_picked":["champ:BringItOn","champ:FanOfKnives","champ:DeathBlow"],"picked":"SKIP","floor":40},{"not_picked":["champ:CrownThrow","champ:Aggression","champ:BringItOn"],"picked":"SKIP","floor":42},{"not_picked":["champ:Balance","champ:FlashCut","champ:PerfectedStrike"],"picked":"SKIP","floor":43},{"not_picked":["champ:BringItOn","champ:FocusedBerserking"],"picked":"champ:Aggression","floor":46},{"not_picked":["champ:Aggression","champ:ViciousMockery+1","champ:IronFortress"],"picked":"SKIP","floor":47},{"not_picked":["champ:ShieldThrow","champ:FalseCounter","champ:PerfectedStrike"],"picked":"SKIP","floor":49},{"not_picked":["champ:DefensiveShout+1","champ:Shatter+1","champ:ShieldSlam"],"picked":"SKIP","floor":52}],"player_experience":496342,"relics_obtained":[{"floor":3,"key":"hubris:PeanutButter"},{"floor":7,"key":"Bag of Marbles"},{"floor":10,"key":"hubris:BottledRain"},{"floor":23,"key":"aspiration:Stabinomicon"},{"floor":24,"key":"Meat on the Bone"},{"floor":27,"key":"StoneCalendar"},{"floor":28,"key":"wanderingMiniBosses:MasterThiefsPresence"},{"floor":42,"key":"Grinning Jar"},{"floor":52,"key":"Garlic"}],"event_choices":[{"damage_healed":0,"gold_gain":0,"player_choice":"Leave","damage_taken":0,"max_hp_gain":0,"max_hp_loss":0,"event_name":"conspire:Investor","floor":11,"gold_loss":0},{"damage_healed":0,"gold_gain":0,"cards_transformed":["champ:Strike"],"player_choice":"Transformed","damage_taken":0,"max_hp_gain":0,"max_hp_loss":0,"event_name":"Transmorgrifier","floor":19,"gold_loss":0,"cards_obtained":["champ:FightOn"]},{"cards_removed":["champ:StrikeOfGenius"],"damage_healed":0,"gold_gain":0,"player_choice":"Take \u0026 Give","damage_taken":0,"max_hp_gain":0,"max_hp_loss":0,"event_name":"betterNote:BetterNote","floor":26,"gold_loss":0,"cards_obtained":["champ:GutPunch"]},{"damage_healed":0,"gold_gain":0,"player_choice":"Copied","damage_taken":0,"max_hp_gain":0,"max_hp_loss":0,"event_name":"Duplicator","floor":30,"gold_loss":0,"cards_obtained":["champ:Encircle"]},{"cards_removed":["Amnesia"],"damage_healed":0,"gold_gain":0,"player_choice":"Offered Curse","damage_taken":0,"relics_obtained":["Spirit Poop"],"max_hp_gain":0,"max_hp_loss":0,"event_name":"Bonfire Elementals","floor":48,"gold_loss":0}],"is_beta":false,"boss_relics":[{"not_picked":["Calling Bell","Painkiller Herb"],"picked":"Cursed Key"},{"not_picked":["aspiration:WatcherSkillbook","aspiration:RitualDagger"],"picked":"halation:HeavySnake"}],"items_purged_floors":[14,40],"is_endless":false,"potions_floor_spawned":[3,10,15,16,23,28,36,42,46,49,52],"ascension_level":20}}