{"host":"icrrc9b69c1a6188","time":1608223032,"event":{"mods":["A Magickal Journey","BaseMod","Better Altar","Better Match","Better Note","Better Sensory Stone","Better Skull","Better Third Choice","Colored Map","Colored Powertips","Displayed Cursed Tome","Faster Ascension Climbing","HexUI Lib","Minty Spire (QoL Compilation)","Random Character Mod","Spicy Shops","StSLib","Unceasing Turn Reminder"],"gold_per_floor":[109,109,109,128,139,139,165,8,8,8,20,20,47,59,59,59,59],"floor_reached":16,"playtime":2697,"items_purged":["Magicka:DefaultBladeCard"],"score":220,"play_id":"e3aba86b-68ab-4944-8414-ff4b208d1a2c","local_time":"20201217103712","is_ascension_mode":true,"campfire_choices":[{"data":"Magicka:SummonPhoenixCard","floor":6,"key":"SMITH"},{"data":"Magicka:FastLightningCard","floor":10,"key":"SMITH"},{"data":"Magicka:InvisibleCard","floor":12,"key":"SMITH"},{"data":"Magicka:InvisibleCard","floor":15,"key":"SMITH"}],"circlet_count":0,"master_deck":["Magicka:SummonPhoenixCard+1","Magicka:InvisibleCard+1","AscendersBane","Magicka:PreciseFingerCard","Magicka:PreciseFingerCard","Magicka:PreciseFingerCard","Magicka:PreciseFingerCard","Magicka:PreciseFingerCard","Magicka:TheFistCard","Magicka:SlipperyShieldCard","Malaise+1","Magicka:FastLightningCard+1","Magicka:ShieldBoost","Magicka:ShieldBoost","Magicka:InvisibleCard+1","Magicka:SisterhoodCard","Magicka:SlipperyDeathCard","Magicka:WalkBackwardsCard+1","Magicka:SlipperyFireCard+1","Magicka:SisterhoodCard"],"relics":["Magicka:WizardStaff","Bottled Lightning","Toxic Egg 2","Ginger"],"acts_visited":["Exordium"],"potions_floor_usage":[13,13,14,16],"damage_taken":[{"damage":24,"enemies":"2 Louse","floor":1,"turns":3},{"damage":41,"enemies":"Small Slimes","floor":4,"turns":16},{"damage":36,"enemies":"Cultist","floor":5,"turns":7},{"damage":27,"enemies":"Lagavulin","floor":7,"turns":6},{"damage":14,"enemies":"Blue Slaver","floor":11,"turns":5},{"damage":34,"enemies":"Gremlin Nob","floor":13,"turns":4},{"damage":0,"enemies":"Lots of Slimes","floor":14,"turns":2},{"damage":47,"enemies":"Slime Boss","floor":16,"turns":6}],"seed_played":"-240767093375414555","potions_obtained":[{"floor":4,"key":"FearPotion"},{"floor":11,"key":"BlessingOfTheForge"},{"floor":13,"key":"GamblersBrew"},{"floor":14,"key":"ColorlessPotion"}],"is_trial":false,"path_per_floor":["M","?","?","M","M","R","E","$","T","R","M","R","E","M","R","B"],"character_chosen":"MAGICKA_WIZARD","items_purchased":["Magicka:SisterhoodCard","Magicka:SlipperyDeathCard"],"campfire_rested":0,"item_purchase_floors":[8,8],"current_hp_per_floor":[11,4,4,38,13,13,11,11,11,11,38,38,4,4,4,0,0],"gold":59,"neow_bonus":"TEN_PERCENT_HP_BONUS","is_daily":false,"chose_seed":false,"campfire_upgraded":4,"win_rate":0.0,"timestamp":1608223032,"path_taken":["M","?","?","?","M","R","E","$","T","R","M","R","E","M","R","BOSS"],"items_purchased_type":["Card","Card"],"build_version":"2020-12-13","purchased_purges":1,"victory":false,"max_hp_per_floor":[38,38,38,38,38,38,38,38,38,38,38,38,38,38,38,38,38],"card_choices":[{"not_picked":["Magicka:TeleportCard","Magicka:WalkBackwardsCard"],"picked":"Magicka:SlipperyShieldCard","floor":1},{"not_picked":["Magicka:SlipperyLightningCard","Magicka:SlipperyStoneCard"],"picked":"Magicka:ShieldBoost","floor":4},{"not_picked":["Magicka:WaterPushCard","Magicka:EmergencyShieldCard"],"picked":"Magicka:ShieldBoost","floor":5},{"not_picked":["Magicka:SausageFingersCard","Magicka:SlipperyStoneCard"],"picked":"Magicka:InvisibleCard","floor":7},{"not_picked":["Magicka:DeepFreezeCard+1","Magicka:LightningRodCard+1"],"picked":"Magicka:WalkBackwardsCard+1","floor":11},{"not_picked":["Magicka:OnlineCoopCard","Magicka:ConflagrationCard"],"picked":"Magicka:SlipperyFireCard+1","floor":13},{"not_picked":["Magicka:SlipperyWaterCard+1","Magicka:SnowballCard"],"picked":"Magicka:SisterhoodCard","floor":14}],"player_experience":668111,"relics_obtained":[{"floor":7,"key":"Bottled Lightning"},{"floor":9,"key":"Toxic Egg 2"},{"floor":13,"key":"Ginger"}],"event_choices":[{"damage_healed":0,"gold_gain":0,"player_choice":"Card ","damage_taken":7,"max_hp_gain":0,"max_hp_loss":0,"event_name":"betterThird:BetterScrap","floor":2,"gold_loss":0,"cards_obtained":["Malaise"]},{"damage_healed":0,"gold_gain":0,"cards_transformed":["Magicka:DefaultBladeCard"],"player_choice":"Transformed","damage_taken":0,"max_hp_gain":0,"max_hp_loss":0,"event_name":"Transmorgrifier","floor":3,"gold_loss":0,"cards_obtained":["Magicka:FastLightningCard"]}],"is_beta":false,"boss_relics":[],"items_purged_floors":[8],"is_endless":false,"potions_floor_spawned":[4,11,13,14],"killed_by":"Slime Boss","ascension_level":20}}