{"host":"h5cp71fj81sc4mn8","time":1608188186,"event":{"mods":["AchievementEnabler","BaseMod","Colored Map","Minty Spire (QoL Compilation)","Quick Restart","Relic Stats","Slay-I","Spicy Shops","StSLib","SuperFastMode"],"gold_per_floor":[111,123,133,143,218,243,243,273,351,351,363,36,36,47,47,152,152,163,180,57,57,57],"floor_reached":21,"playtime":1528,"items_purged":[],"score":277,"play_id":"997c9303-e710-4186-ac5c-5c423cfbcb5f","local_time":"20201216225626","is_ascension_mode":true,"campfire_choices":[{"floor":7,"key":"REST"},{"floor":13,"key":"REST"},{"floor":15,"key":"REST"}],"circlet_count":0,"master_deck":["Strike_P","Strike_P","Strike_P","Strike_P","Defend_P","Defend_P","Defend_P","Defend_P","Eruption","Vigilance","Meditate","BattleHymn","DevaForm+1","PathToVictory","Evaluate+1","Discovery+1","Scrawl+1","Study+1","Evaluate+1","MentalFortress+1"],"relics":["PureWater","NeowsBlessing","Frozen Egg 2","StoneCalendar","Toxic Egg 2","Mercury Hourglass","Philosopher\u0027s Stone"],"acts_visited":["Exordium","TheCity"],"potions_floor_usage":[4,6,11,11,14,18,19,21,21],"damage_taken":[{"damage":0,"enemies":"Cultist","floor":1,"turns":1},{"damage":0,"enemies":"Jaw Worm","floor":2,"turns":1},{"damage":0,"enemies":"2 Louse","floor":3,"turns":1},{"damage":0,"enemies":"Gremlin Gang","floor":4,"turns":4},{"damage":38,"enemies":"Gremlin Nob","floor":6,"turns":5},{"damage":22,"enemies":"Lagavulin","floor":8,"turns":6},{"damage":3,"enemies":"3 Louse","floor":11,"turns":2},{"damage":9,"enemies":"Exordium Thugs","floor":14,"turns":5},{"damage":0,"enemies":"Slime Boss","floor":16,"turns":4},{"damage":22,"enemies":"3 Byrds","floor":18,"turns":3},{"damage":15,"enemies":"2 Thieves","floor":19,"turns":3},{"damage":35,"enemies":"Snake Plant","floor":21,"turns":2}],"seed_played":"6851813564764737353","potions_obtained":[{"floor":1,"key":"BottledMiracle"},{"floor":2,"key":"SkillPotion"},{"floor":8,"key":"Strength Potion"},{"floor":10,"key":"ColorlessPotion"},{"floor":10,"key":"DistilledChaos"},{"floor":11,"key":"LiquidBronze"},{"floor":14,"key":"Swift Potion"},{"floor":18,"key":"SpeedPotion"}],"is_trial":false,"path_per_floor":["M","M","M","M","?","E","R","E","T","?","M","$","R","M","R","B",null,"M","M","$","M"],"character_chosen":"WATCHER","items_purchased":["Mercury Hourglass","Discovery+1","MentalFortress+1","AttackPotion"],"campfire_rested":3,"item_purchase_floors":[12,12,20,20],"current_hp_per_floor":[72,72,72,72,61,23,44,22,22,22,19,19,40,31,52,52,72,50,35,35,0,0],"gold":57,"neow_bonus":"THREE_ENEMY_KILL","is_daily":false,"chose_seed":false,"campfire_upgraded":0,"win_rate":0.0,"timestamp":1608188186,"path_taken":["M","M","M","?","?","E","R","E","T","?","M","$","R","M","R","BOSS","M","M","$","?"],"items_purchased_type":["Relic","Card","Card","Potion"],"build_version":"2020-12-13","purchased_purges":0,"victory":false,"max_hp_per_floor":[72,72,72,72,72,72,72,72,72,72,72,72,72,72,72,72,72,72,72,72,72,72],"relic_stats":{"counters":[12,37],"StoneCalendar":[0],"obtain_stats":[{"NeowsBlessing":0,"StoneCalendar":8,"Philosopher\u0027s Stone":17,"PureWater":0,"Frozen Egg 2":6,"Toxic Egg 2":9,"Mercury Hourglass":12},{"NeowsBlessing":0,"StoneCalendar":6,"Philosopher\u0027s Stone":9,"PureWater":0,"Frozen Egg 2":5,"Toxic Egg 2":6,"Mercury Hourglass":7},{"NeowsBlessing":0,"StoneCalendar":18,"Philosopher\u0027s Stone":29,"PureWater":0,"Frozen Egg 2":12,"Toxic Egg 2":18,"Mercury Hourglass":20}],"Mercury Hourglass":[78]},"card_choices":[{"not_picked":["EmptyBody","ReachHeaven"],"picked":"Meditate","floor":1},{"not_picked":["CrushJoints","EmptyMind"],"picked":"BattleHymn","floor":2},{"not_picked":["EmptyFist","Crescendo","Wireheading"],"picked":"SKIP","floor":3},{"not_picked":["Protect","Wireheading","PathToVictory"],"picked":"SKIP","floor":4},{"not_picked":["Sanctity","Consecrate"],"picked":"DevaForm+1","floor":6},{"not_picked":["FlurryOfBlows","WheelKick"],"picked":"PathToVictory","floor":8},{"not_picked":["ThirdEye+1","FlurryOfBlows"],"picked":"Evaluate+1","floor":11},{"not_picked":["FollowUp","JustLucky"],"picked":"Scrawl+1","floor":14},{"not_picked":["Nirvana+1","CrushJoints"],"picked":"Study+1","floor":18},{"not_picked":["WheelKick","FlurryOfBlows"],"picked":"Evaluate+1","floor":19}],"player_experience":463224,"relics_obtained":[{"floor":6,"key":"Frozen Egg 2"},{"floor":8,"key":"StoneCalendar"},{"floor":9,"key":"Toxic Egg 2"}],"event_choices":[{"damage_healed":0,"gold_gain":75,"player_choice":"Gather Gold","damage_taken":11,"max_hp_gain":0,"max_hp_loss":0,"event_name":"World of Goop","floor":5,"gold_loss":0},{"damage_healed":0,"gold_gain":0,"player_choice":"Got Potions","damage_taken":0,"max_hp_gain":0,"max_hp_loss":0,"event_name":"Lab","floor":10,"gold_loss":0}],"is_beta":false,"boss_relics":[{"not_picked":["Snecko Eye","Astrolabe"],"picked":"Philosopher\u0027s Stone"}],"items_purged_floors":[],"is_endless":false,"potions_floor_spawned":[1,2,8,11,14,18],"killed_by":"Snake Plant","ascension_level":3}}