{"host":"v0dnu0zs4qo0v13s","time":1608178903,"event":{"mods":["BaseMod","Colored Map","Colored Powertips","Minty Spire (QoL Compilation)","Relic Stats","StSLib","SuperFastMode","everything is the same but u backflip on backflip"],"gold_per_floor":[112,132,57,72,82,82,111,129,129,204,216,216,42,42,42,137,137,155,171,190,190,208,208,208,208,258,133,150,50,60,85,85,181,181,201,58,58,58,58,58,5,5,5,5,34,34,64,64,64],"floor_reached":48,"playtime":3665,"items_purged":["Strike_P","Strike_P","Shame"],"score":734,"play_id":"2525eab8-1bfd-4f40-a903-ea06d8b6e7fb","local_time":"20201216232143","is_ascension_mode":true,"campfire_choices":[{"floor":6.0,"key":"REST"},{"floor":12.0,"key":"REST"},{"data":"TalkToTheHand","floor":15.0,"key":"SMITH"},{"floor":23.0,"key":"REST"},{"floor":25.0,"key":"REST"},{"floor":32.0,"key":"REST"},{"data":"MentalFortress","floor":40.0,"key":"SMITH"},{"data":"ThirdEye","floor":42.0,"key":"SMITH"},{"data":"Perseverance","floor":44.0,"key":"SMITH"},{"floor":46.0,"key":"REST"}],"circlet_count":0,"master_deck":["Vigilance","WheelKick","TalkToTheHand+1","EmptyBody","FlurryOfBlows","Adaptation","DevaForm","ConjureBlade","Weave+1","Halt","MentalFortress+1","LikeWater","Protect","Perseverance+1","ThirdEye+1","Alpha","Nirvana","CarveReality+1","Crescendo+1"],"relics":["PureWater","Akabeko","Shuriken","Empty Cage","Blue Candle","Omamori","Darkstone Periapt","VioletLotus","Chemical X","Bag of Marbles","Ornamental Fan","StoneCalendar","InkBottle"],"acts_visited":["Exordium","TheCity","TheBeyond"],"potions_floor_usage":[47,47,47],"damage_taken":[{"damage":4.0,"enemies":"Small Slimes","floor":1.0,"turns":2.0},{"damage":4.0,"enemies":"Jaw Worm","floor":2.0,"turns":2.0},{"damage":0.0,"enemies":"Cultist","floor":4.0,"turns":2.0},{"damage":20.0,"enemies":"Lots of Slimes","floor":5.0,"turns":5.0},{"damage":13.0,"enemies":"Lagavulin","floor":7.0,"turns":6.0},{"damage":1.0,"enemies":"3 Louse","floor":8.0,"turns":2.0},{"damage":0.0,"enemies":"Large Slime","floor":11.0,"turns":1.0},{"damage":17.0,"enemies":"Hexaghost","floor":16.0,"turns":7.0},{"damage":32.0,"enemies":"2 Thieves","floor":18.0,"turns":5.0},{"damage":0.0,"enemies":"3 Byrds","floor":19.0,"turns":5.0},{"damage":17.0,"enemies":"Shelled Parasite and Fungi","floor":20.0,"turns":5.0},{"damage":4.0,"enemies":"Snake Plant","floor":22.0,"turns":8.0},{"damage":0.0,"enemies":"3 Cultists","floor":28.0,"turns":6.0},{"damage":2.0,"enemies":"Sentry and Sphere","floor":30.0,"turns":5.0},{"damage":21.0,"enemies":"Slavers","floor":31.0,"turns":9.0},{"damage":15.0,"enemies":"Automaton","floor":33.0,"turns":7.0},{"damage":4.0,"enemies":"3 Shapes","floor":35.0,"turns":5.0},{"damage":29.0,"enemies":"Nemesis","floor":45.0,"turns":9.0},{"damage":60,"enemies":"Reptomancer","floor":47,"turns":12},{"damage":0,"enemies":"3 Darklings","floor":48,"turns":2}],"seed_played":"8738865462598654435","potions_obtained":[{"floor":1.0,"key":"Energy Potion"},{"floor":5.0,"key":"Dexterity Potion"},{"floor":8.0,"key":"SneckoOil"},{"floor":20.0,"key":"EntropicBrew"},{"floor":30.0,"key":"Block Potion"},{"floor":31.0,"key":"Swift Potion"},{"floor":33.0,"key":"Regen Potion"},{"floor":45.0,"key":"BlessingOfTheForge"}],"is_trial":false,"path_per_floor":["M","M","$","M","M","R","E","M","T","?","M","R","$","$","R","B",null,"M","M","M","?","M","R","?","R","T","$","M","$","M","E","R","B",null,"M","$","?","?","$","R","?","R","T","R","E","R","E","M"],"character_chosen":"WATCHER","items_purchased":["DevaForm","Strength Potion","AttackPotion","Chemical X"],"campfire_rested":6,"item_purchase_floors":[13,29,29,36],"current_hp_per_floor":[43,39,39,39,19,40,27,26,26,15,15,36,36,36,36,19,59,27,27,10,10,6,27,27,48,48,48,48,48,46,25,46,31,62,58,58,58,58,58,58,58,58,58,58,29,50,5,5,5],"gold":64,"neow_bonus":"REMOVE_TWO","is_daily":false,"chose_seed":false,"campfire_upgraded":4,"win_rate":0.0,"timestamp":1608178903,"path_taken":["M","M","$","M","M","R","E","M","T","?","M","R","$","?","R","BOSS","BOSS","M","?","?","?","M","R","?","R","T","$","M","$","M","E","R","BOSS","M","$","?","?","$","R","?","R","T","R","E","R","E","M"],"items_purchased_type":["Card","Potion","Potion","Relic"],"build_version":"2020-12-13","purchased_purges":3,"victory":false,"max_hp_per_floor":[72,72,72,72,72,72,72,72,72,72,72,72,72,72,72,72,72,72,72,72,72,72,72,72,72,72,72,72,72,72,72,72,72,72,72,72,72,72,72,72,72,72,72,72,72,72,72,72,72],"relic_stats":{"Darkstone Periapt":0,"counters":[20,105],"Shuriken":[37],"Ornamental Fan":[24],"Blue Candle":[0],"StoneCalendar":[52],"VioletLotus":[1],"Chemical X":[2],"obtain_stats":[{"Darkstone Periapt":31,"Blue Candle":24,"StoneCalendar":45,"Omamori":26,"Empty Cage":17,"Akabeko":7,"Shuriken":9,"Ornamental Fan":43,"VioletLotus":34,"Bag of Marbles":41,"Chemical X":36,"PureWater":0,"InkBottle":47},{"Darkstone Periapt":15,"Blue Candle":12,"StoneCalendar":18,"Omamori":12,"Empty Cage":8,"Akabeko":5,"Shuriken":6,"Ornamental Fan":17,"VioletLotus":16,"Bag of Marbles":17,"Chemical X":17,"PureWater":0,"InkBottle":19},{"Darkstone Periapt":70,"Blue Candle":50,"StoneCalendar":91,"Omamori":50,"Empty Cage":27,"Akabeko":17,"Shuriken":19,"Ornamental Fan":82,"VioletLotus":77,"Bag of Marbles":82,"Chemical X":82,"PureWater":0,"InkBottle":103}],"InkBottle":[0]},"card_choices":[{"not_picked":["ReachHeaven","Halt"],"picked":"WheelKick","floor":1.0},{"not_picked":["CutThroughFate","JustLucky","FollowUp"],"picked":"SKIP","floor":2.0},{"not_picked":["Swivel","Prostrate"],"picked":"TalkToTheHand","floor":4.0},{"not_picked":["Indignation","Protect"],"picked":"EmptyBody","floor":5.0},{"not_picked":["Evaluate","SignatureMove","FollowUp"],"picked":"SKIP","floor":7.0},{"not_picked":["BowlingBash","Halt"],"picked":"FlurryOfBlows","floor":8.0},{"not_picked":["Prostrate","Protect"],"picked":"Adaptation","floor":11.0},{"not_picked":["Scrawl","Judgement"],"picked":"ConjureBlade","floor":16.0},{"not_picked":["JustLucky","SashWhip"],"picked":"Weave+1","floor":18.0},{"not_picked":["EmptyBody","FlyingSleeves"],"picked":"Halt","floor":19.0},{"not_picked":["EmptyFist","Weave+1"],"picked":"MentalFortress","floor":20.0},{"not_picked":["ThirdEye","Prostrate"],"picked":"Perseverance","floor":22.0},{"not_picked":["FollowUp","EmptyMind","CutThroughFate"],"picked":"SKIP","floor":28.0},{"not_picked":["Halt","CrushJoints","Protect"],"picked":"SKIP","floor":30.0},{"not_picked":["ClearTheMind+1","CarveReality"],"picked":"ThirdEye","floor":31.0},{"not_picked":["Establishment","Blasphemy"],"picked":"Alpha","floor":33.0},{"not_picked":["Protect","ThirdEye"],"picked":"Nirvana","floor":35.0},{"not_picked":["EmptyBody","Prostrate+1"],"picked":"CarveReality+1","floor":45.0},{"not_picked":["Blasphemy","ClearTheMind"],"picked":"Crescendo+1","floor":47}],"player_experience":617032,"relics_obtained":[{"floor":7.0,"key":"Akabeko"},{"floor":9.0,"key":"Shuriken"},{"floor":26.0,"key":"Omamori"},{"floor":31.0,"key":"Darkstone Periapt"},{"floor":43.0,"key":"Ornamental Fan"},{"floor":45.0,"key":"StoneCalendar"},{"floor":47,"key":"InkBottle"}],"event_choices":[{"damage_healed":0.0,"max_hp_gain":0.0,"max_hp_loss":0.0,"gold_gain":75.0,"event_name":"World of Goop","player_choice":"Gather Gold","floor":10.0,"gold_loss":0.0,"damage_taken":11.0},{"damage_healed":0.0,"max_hp_gain":0.0,"max_hp_loss":0.0,"gold_gain":0.0,"cards_transformed":["Strike_P","Defend_P"],"event_name":"Drug Dealer","player_choice":"Became Test Subject","floor":21.0,"gold_loss":0.0,"damage_taken":0.0,"cards_obtained":["LikeWater","Protect"]},{"damage_healed":0.0,"max_hp_gain":0.0,"max_hp_loss":0.0,"gold_gain":0.0,"event_name":"Addict","player_choice":"Stole Relic","floor":24.0,"gold_loss":0.0,"damage_taken":0.0,"relics_obtained":["Blue Candle"],"cards_obtained":["Shame"]},{"cards_removed":["Eruption"],"damage_healed":0.0,"max_hp_gain":0.0,"max_hp_loss":0.0,"gold_gain":0.0,"event_name":"Falling","player_choice":"Removed Attack","floor":37.0,"gold_loss":0.0,"damage_taken":0.0},{"damage_healed":0.0,"max_hp_gain":0.0,"max_hp_loss":0.0,"gold_gain":0.0,"event_name":"Mysterious Sphere","player_choice":"Ignored","floor":38.0,"gold_loss":0.0,"damage_taken":0.0},{"damage_healed":0.0,"max_hp_gain":0.0,"max_hp_loss":0.0,"gold_gain":0.0,"event_name":"WeMeetAgain","player_choice":"Paid Gold","floor":41.0,"gold_loss":53.0,"damage_taken":0.0,"relics_obtained":["Bag of Marbles"]}],"is_beta":false,"boss_relics":[{"not_picked":["Coffee Dripper","Ectoplasm"],"picked":"Empty Cage"},{"not_picked":["Runic Dome","Runic Pyramid"],"picked":"VioletLotus"}],"items_purged_floors":[3,13,27],"is_endless":false,"potions_floor_spawned":[1,5,8,20,30,31,33,45],"killed_by":"3 Darklings","ascension_level":9}}