{"host":"jak4ncvfzor9mys0","time":1608170625,"event":{"mods":["2.2 Compatiblity","AchievementEnabler","BaseMod","Better Altar","Better Match","Better Note","Better Sensory Stone","Better Skull","Better Third Choice","BetterRewards","Block Reminder","Colored Map","Colored Powertips","Energized Spire","Gold Saver","Hubris","Infinite Spire","Key Reminder","Minty Spire (QoL Compilation)","Rare Cards Sparkle","Red Circlet Mod","Relic Sorter","Relic Stats","Replay The Spire","Retaliation","StSLib","SuperFastMode","The Blue Laboratory"],"gold_per_floor":[548,260,274,274,294,322,322,230,230,230,167,197,244,281,281,429,429,460,460,505,505,505,505,543,456,506,560,596,631,631,675,675,708,708],"floor_reached":33,"playtime":1074,"items_purged":["Strike_B","Strike_B","Defend_B","Strike_B","Strike_B"],"score":284,"play_id":"bf242550-12f0-4735-a13c-d25a82b4d92d","local_time":"20201216180345","is_ascension_mode":false,"campfire_choices":[{"data":"Redo","floor":7,"key":"SMITH"},{"floor":15,"key":"REST"},{"data":"Dualcast","floor":23,"key":"SMITH"},{"floor":30,"key":"REST"},{"data":"Beam Cell","floor":32,"key":"SMITH"}],"circlet_count":0,"master_deck":["Defend_B","Defend_B","Defend_B","Zap+1","Dualcast+1","Cold Snap","Beam Cell+1","Redo+1","Conserve Battery","Defragment","Ball Lightning","FIFO Queue","Rebound","Cold Snap","Defragment","Ball Lightning+1","Chill","Stack+1","hubris:Ukulele"],"relics":["Cracked Core","energizedSpire:CursedPentagram","Replay:Bandana","Membership Card","PreservedInsect","hubris:SphereOfDissonance","Golden Idol","Smiling Mask","Raider\u0027s Mask","Potion Belt"],"acts_visited":["Exordium","TheCity"],"potions_floor_usage":[33,33,33],"damage_taken":[{"damage":2,"enemies":"2 Louse","floor":1,"turns":3},{"damage":4,"enemies":"Jaw Worm","floor":3,"turns":2},{"damage":0,"enemies":"Small Slimes","floor":5,"turns":2},{"damage":18,"enemies":"3 Sentries","floor":6,"turns":5},{"damage":1,"enemies":"Exordium Wildlife","floor":12,"turns":3},{"damage":0,"enemies":"Gremlin Nob","floor":13,"turns":2},{"damage":12,"enemies":"Lots of Slimes","floor":14,"turns":4},{"damage":3,"enemies":"Fading Forest","floor":16,"turns":11},{"damage":5,"enemies":"Chosen","floor":18,"turns":4},{"damage":11,"enemies":"2 Thieves","floor":20,"turns":4},{"damage":16,"enemies":"Snake Plant","floor":24,"turns":4},{"damage":8,"enemies":"Centurion and Healer","floor":27,"turns":6},{"damage":8,"enemies":"Snecko","floor":28,"turns":4},{"damage":8,"enemies":"3 Cultists","floor":29,"turns":6},{"damage":0,"enemies":"Cultist and Chosen","floor":31,"turns":7},{"damage":46,"enemies":"Collector","floor":33,"turns":6}],"seed_played":"7187246940829785391","potions_obtained":[{"floor":12,"key":"Venom Potion"},{"floor":13,"key":"Strength Potion"},{"floor":14,"key":"blueLaboratory:BubblePotion"},{"floor":24,"key":"Milkshake"}],"is_trial":false,"path_per_floor":["M","$","M","?","M","E","R","$","T","?","$","M","E","M","R","B",null,"M","?","M","?","AVR","R","M","$","T","M","M","M","R","M","R","B"],"character_chosen":"DEFECT","items_purchased":["Membership Card","PreservedInsect","Beam Cell","Ball Lightning","FIFO Queue","Chill"],"campfire_rested":2,"item_purchase_floors":[2,2,2,8,8,25],"current_hp_per_floor":[73,73,69,69,69,51,51,51,51,33,33,32,32,20,42,49,75,70,70,59,59,59,59,43,43,43,35,27,19,41,41,41,0,0],"gold":708,"neow_bonus":"UPGRADE_CARD","is_daily":false,"chose_seed":false,"campfire_upgraded":3,"win_rate":0.0,"timestamp":1608170625,"path_taken":["M","$","M","?","M","E","R","$","T","?","$","M","E","M","R","BOSS","M","?","M","?","AVR","R","?","?","T","M","M","M","R","M","R","BOSS"],"items_purchased_type":["Relic","Relic","Card","Card","Card","Card"],"build_version":"2020-12-13","purchased_purges":5,"victory":false,"max_hp_per_floor":[75,75,75,75,75,75,75,75,75,75,75,75,75,75,75,75,75,75,75,75,75,75,75,75,75,75,75,75,75,75,75,75,75,75],"relic_stats":{"counters":[16,73],"Golden Idol":63,"PreservedInsect":53,"Smiling Mask":25,"obtain_stats":[{"Potion Belt":26,"Replay:Bandana":6,"energizedSpire:CursedPentagram":17,"Golden Idol":10,"hubris:SphereOfDissonance":9,"PreservedInsect":2,"Membership Card":2,"Raider\u0027s Mask":22,"Cracked Core":0,"Smiling Mask":13},{"Potion Belt":11,"Replay:Bandana":4,"energizedSpire:CursedPentagram":8,"Golden Idol":4,"hubris:SphereOfDissonance":4,"PreservedInsect":1,"Membership Card":1,"Raider\u0027s Mask":10,"Cracked Core":0,"Smiling Mask":6},{"Potion Belt":44,"Replay:Bandana":12,"energizedSpire:CursedPentagram":32,"Golden Idol":12,"hubris:SphereOfDissonance":12,"PreservedInsect":3,"Membership Card":3,"Raider\u0027s Mask":40,"Cracked Core":0,"Smiling Mask":17}]},"card_choices":[{"not_picked":["BasicCrystalCard","ReplaySolidLightProjector"],"picked":"Cold Snap","floor":1},{"not_picked":["ReplayTheSpireMod:System Scan","BootSequence"],"picked":"Redo","floor":3},{"not_picked":["BasicCrystalCard","Sunder"],"picked":"Conserve Battery","floor":5},{"not_picked":["Consume","Rainbow"],"picked":"Defragment","floor":6},{"not_picked":["ReplayTheSpireMod:Repulse","Stack"],"picked":"Rebound","floor":12},{"not_picked":["Storm","Sunder"],"picked":"Cold Snap","floor":13},{"not_picked":["Turbo","Crystallizer"],"picked":"Defragment","floor":14},{"not_picked":["Skim","Undo"],"picked":"Ball Lightning+1","floor":18},{"not_picked":["Steam Power","Double Energy","BasicCrystalCard"],"picked":"SKIP","floor":20},{"not_picked":["Redo+1","Rebound+1","Auto Shields"],"picked":"SKIP","floor":24},{"not_picked":["Reprogram+1","Beam Cell","Turbo"],"picked":"SKIP","floor":27},{"not_picked":["Turbo","Cold Snap"],"picked":"Stack+1","floor":28},{"not_picked":["Gash","Sunder"],"picked":"hubris:Ukulele","floor":29},{"not_picked":["Tempest","ReplayTheSpireMod:Reroute Power+1","Steam"],"picked":"SKIP","floor":31}],"player_experience":2629653,"relics_obtained":[{"floor":6,"key":"Replay:Bandana"},{"floor":9,"key":"hubris:SphereOfDissonance"},{"floor":13,"key":"Smiling Mask"},{"floor":26,"key":"Potion Belt"}],"event_choices":[{"damage_healed":0,"gold_gain":0,"player_choice":"Take Damage","damage_taken":18,"relics_obtained":["Golden Idol"],"max_hp_gain":0,"max_hp_loss":0,"event_name":"Golden Idol","floor":10,"gold_loss":0},{"cards_removed":["Strike_B"],"damage_healed":0,"gold_gain":0,"player_choice":"Give","damage_taken":0,"max_hp_gain":0,"max_hp_loss":0,"event_name":"betterNote:BetterNote","floor":19,"gold_loss":0,"cards_obtained":["Strike_B"]},{"damage_healed":0,"gold_gain":0,"player_choice":"Ignored","damage_taken":0,"max_hp_gain":0,"max_hp_loss":0,"event_name":"Transmorgrifier","floor":21,"gold_loss":0}],"is_beta":false,"boss_relics":[{"not_picked":["hubris:GrandSneckoEye","energizedSpire:EnergizedDie"],"picked":"energizedSpire:CursedPentagram"}],"items_purged_floors":[2,8,11,22,25],"is_endless":false,"potions_floor_spawned":[12,13,14,18,20,24,31],"killed_by":"Collector","ascension_level":0}}