{"host":"zivz6e0vf73jivdq","time":1608222917,"event":{"mods":["Act Like it!","BaseMod","Friendly Minions","Gensokyo","HololiveMod","Koishi","Marisa£¨ìFÓê¡¡Ä§ÀíÉ³£©","Minty Spire (QoL Compilation)","MostiFishMod","Pale of the Ancients","Prisma Mod","Reimu£¨²©ÀöÁéÃÎ£©","Remilia£¨ÀÙÃ×ÀòÑÇ£©","Replay The Spire","RumiaBox-Â¶Ã×æ«µÄÉñÃØºÐ×Ó","StSLib","The Jungle","The Servant 0.9.4","Youmu£¨»êÆÇÑýÃÎ£©","¡¾¶«·½¶þ´Î´´×÷¡¿°ËÔÆ×Ïmod","¡¾ÒÅÎï¿¨ÅÆ¡¿REMEMod"],"gold_per_floor":[112,125,50,69,87,119,119,152,152,185,195,195,219,231,231,336,336,356,370,380,380,390,390,415,145,168,195,209,243,253,283,283,378,378,393,407,422,432,443,470,470,503,503,503,277,312,324,338,338,338],"floor_reached":51,"playtime":4897,"items_purged":["Strike_B","Strike_B","Defend_B"],"score":1316,"play_id":"3386572d-88e9-4fec-b879-cc263cfe2914","local_time":"20201218003517","is_ascension_mode":true,"campfire_choices":[{"data":"BatForm","floor":7.0,"key":"SMITH"},{"data":"Zap","floor":12.0,"key":"SMITH"},{"data":"Turbo","floor":15.0,"key":"SMITH"},{"data":"Echo Form","floor":23.0,"key":"SMITH"},{"data":"Gash","floor":32.0,"key":"SMITH"},{"data":"Heatsinks","floor":41.0,"key":"SMITH"},{"data":"MostiFishMod:STOP","floor":49,"key":"SMITH"}],"circlet_count":0,"master_deck":["Strike_B+1","Defend_B+1","Defend_B","Zap+1","Dualcast","BatForm+1","Gash+1","Sunder","Ball Lightning","Loop","Tempest","Sweeping Beam","BootSequence","Turbo+1","Echo Form+1","Streamline","Beam Cell","Leap","Heatsinks+1","Coolheaded","Turbo+1","Reboot","MostiFishMod:Prepare","CommonCold","Undo+1","Coolheaded","REME_Whirling+1","Capacitor+1","REME_DataAnalysis+1","Darkness+1","MostiFishMod:STOP+1","Madness","Madness","Skim+1","Double Energy+1"],"relics":["Cracked Core","DaveBox","REME_ComplimentaryCards","NeowsBlessing","HollowDreamFlower","Question Card","Bag of Preparation","REME_HandOfSuture","Pet Ghost","Sundial","Ice Cream","ImportantClient","Painkiller Herb","Strawberry","MagicDraw1","Simple Rune","Blood Vial","Symbiotic Virus","Replay:Ancient Bell","Omamori","Gremlin Horn","Prayer Wheel","Potion Belt","Pen Nib","Pantograph","ReplayFunnel","Ancient Tea Set"],"acts_visited":["Exordium","TheCity","TheBeyond"],"potions_floor_usage":[],"damage_taken":[{"damage":0.0,"enemies":"2 Louse","floor":1.0,"turns":1.0},{"damage":0.0,"enemies":"Small Slimes","floor":2.0,"turns":1.0},{"damage":0.0,"enemies":"Cultist","floor":4.0,"turns":1.0},{"damage":14.0,"enemies":"Exordium Thugs","floor":5.0,"turns":7.0},{"damage":16.0,"enemies":"3 Sentries","floor":6.0,"turns":7.0},{"damage":9.0,"enemies":"Gremlin Nob","floor":8.0,"turns":4.0},{"damage":15.0,"enemies":"3 Sentries","floor":10.0,"turns":5.0},{"damage":4.0,"enemies":"Blue Slaver","floor":11.0,"turns":3.0},{"damage":0.0,"enemies":"Large Slime","floor":14.0,"turns":3.0},{"damage":0.0,"enemies":"Slime Boss","floor":16.0,"turns":5.0},{"damage":0.0,"enemies":"2 Thieves","floor":18.0,"turns":3.0},{"damage":3.0,"enemies":"3 Byrds","floor":19.0,"turns":3.0},{"damage":10.0,"enemies":"Centurion and Healer","floor":20.0,"turns":3.0},{"damage":0.0,"enemies":"Sentry and Sphere","floor":22.0,"turns":3.0},{"damage":28.0,"enemies":"Slavers","floor":24.0,"turns":4.0},{"damage":0.0,"enemies":"Book of Stabbing","floor":27.0,"turns":4.0},{"damage":13.0,"enemies":"Snake Plant","floor":28.0,"turns":3.0},{"damage":9.0,"enemies":"Slavers","floor":29.0,"turns":4.0},{"damage":0.0,"enemies":"Snecko","floor":30.0,"turns":3.0},{"damage":0.0,"enemies":"Gremlin Leader","floor":31.0,"turns":4.0},{"damage":5.0,"enemies":"Pondfish","floor":33.0,"turns":7.0},{"damage":0.0,"enemies":"3 Darklings","floor":35.0,"turns":4.0},{"damage":3.0,"enemies":"Orb Walker","floor":36.0,"turns":3.0},{"damage":9.0,"enemies":"3 Darklings","floor":37.0,"turns":3.0},{"damage":5.0,"enemies":"Writhing Mass","floor":38.0,"turns":3.0},{"damage":0.0,"enemies":"Sphere and 2 Shapes","floor":39.0,"turns":3.0},{"damage":0.0,"enemies":"R_Hoarder","floor":40.0,"turns":6.0},{"damage":0.0,"enemies":"Giant Head","floor":42.0,"turns":6.0},{"damage":0.0,"enemies":"Reptomancer","floor":46.0,"turns":4.0},{"damage":22.0,"enemies":"3 Darklings","floor":47.0,"turns":3.0},{"damage":0,"enemies":"Writhing Mass","floor":48,"turns":3},{"damage":12,"enemies":"Replay:Hell Engine","floor":50,"turns":4}],"seed_played":"9073337996089728669","potions_obtained":[{"floor":2.0,"key":"Ancient Potion"},{"floor":5.0,"key":"Weak Potion"},{"floor":8.0,"key":"EntropicBrew"},{"floor":11.0,"key":"SteroidPotion"},{"floor":14.0,"key":"BlessingOfTheForge"},{"floor":28.0,"key":"Adrenaline Potion"},{"floor":40.0,"key":"Block Potion"},{"floor":47.0,"key":"Swift Potion"}],"is_trial":false,"path_per_floor":["M","M","$","M","M","E","R","E","T","E","M","R","?","M","R","B",null,"?","?","?","?","?","T","E","T","T","E","?","E","?","E","T","B",null,"?","?","?","?","?","E","T","E","T","?","T","E","?","?","T","B",null],"character_chosen":"DEFECT","items_purchased":["MagicDraw1","ReplayFunnel"],"campfire_rested":0,"item_purchase_floors":[25,45],"current_hp_per_floor":[75,75,75,75,61,49,49,44,44,33,33,33,15,19,19,23,62,66,67,61,61,65,65,48,48,48,52,43,38,44,50,50,51,74,80,79,73,74,80,82,82,82,82,72,72,78,60,66,66,70],"gold":338,"neow_bonus":"THREE_ENEMY_KILL","is_daily":false,"chose_seed":false,"campfire_upgraded":7,"win_rate":0.0,"timestamp":1608222917,"path_taken":["M","M","$","M","M","E","R","E","T","E","M","R","?","M","R","BOSS","?","?","?","?","?","T","E","T","T","E","?","E","?","E","T","BOSS","?","?","?","?","?","E","T","E","T","?","T","E","?","?","T","BOSS"],"items_purchased_type":["Relic","Relic"],"build_version":"2020-12-13","purchased_purges":3,"victory":true,"max_hp_per_floor":[75,75,75,75,75,75,75,75,75,75,75,75,75,75,75,75,75,75,75,75,75,75,75,82,82,82,82,82,82,82,82,82,82,82,82,82,82,82,82,82,82,82,82,82,82,82,82,82,82,82],"card_choices":[{"not_picked":["Self Repair","Compile Driver","ReplaySort"],"picked":"SKIP","floor":1.0},{"not_picked":["Hologram","Rebound","ReplaySort"],"picked":"Gash","floor":2.0},{"not_picked":["Time Bomb","Redo","BootSequence"],"picked":"Sunder","floor":4.0},{"not_picked":["Skim","Go for the Eyes","BasicCrystalCard"],"picked":"Ball Lightning","floor":5.0},{"not_picked":["Consume","Coolheaded","Auto Shields"],"picked":"Loop","floor":6.0},{"not_picked":["Go for the Eyes","BasicCrystalCard","Time Bomb","ReplayTheSpireMod:Repulse"],"picked":"SKIP","floor":8.0},{"not_picked":["BasicCrystalCard","REME_DataAnalysis","Barrage"],"picked":"Tempest","floor":10.0},{"not_picked":["Biased Cognition","ReplayTheSpireMod:Repulse","Go for the Eyes"],"picked":"Sweeping Beam","floor":11.0},{"not_picked":["Sunder","Ball Lightning","Barrage"],"picked":"BootSequence","floor":13.0},{"not_picked":["Conserve Battery","Leap","Ball Lightning"],"picked":"Turbo","floor":14.0},{"not_picked":["MostiFishMod:DawningShadow","MostiFishMod:Culaccino","ReplayTheSpireMod:Omega Cannon"],"picked":"Echo Form","floor":16.0},{"not_picked":["Steam","Static Discharge","Cold Snap+1"],"picked":"Streamline","floor":18.0},{"not_picked":["Aggregate","Sweeping Beam","BasicCrystalCard"],"picked":"Beam Cell","floor":19.0},{"not_picked":["Stack","REME_SelfUpgrade","Doom and Gloom+1"],"picked":"Leap","floor":20.0},{"not_picked":["Stack","Panic Button","Compile Driver"],"picked":"Turbo+1","floor":22.0},{"not_picked":["Compile Driver+1","Turbo","Stack","Beam Cell+1"],"picked":"SKIP","floor":24.0},{"not_picked":["Sweeping Beam","Consume+1","Turbo+1","REME_SelfUpgrade"],"picked":"SKIP","floor":27.0},{"not_picked":["Stack","MostiFishMod:PushDownKick","Darkness","Redo"],"picked":"SKIP","floor":28.0},{"not_picked":["Compile Driver","Hologram","Cold Snap+1","Turbo+1"],"picked":"SKIP","floor":29.0},{"not_picked":["Hologram","Redo","Leap","Panic Button+1"],"picked":"SKIP","floor":30.0},{"not_picked":["Compile Driver+1","MostiFishMod:Distribution","Barrage"],"picked":"Reboot","floor":31.0},{"not_picked":["MostiFishMod:FourSeasons","MostiFishMod:UniBlue","MostiFishMod:FluxCapactior"],"picked":"MostiFishMod:Prepare","floor":33.0},{"not_picked":["Sloth_TH","CommonCold","CurseOfTheBell"],"picked":"Sickly","floor":34.0},{"not_picked":["REME_CurseOfMatryoshka","Voices","Sloth_TH"],"picked":"Sickly","floor":34.0},{"not_picked":["REME_CurseOfMatryoshka","Envy_TH","Replay:Sluggish"],"picked":"CommonCold","floor":34.0},{"not_picked":["BasicCrystalCard","Steam","Reinforced Body","MostiFishMod:GoodWordForIt"],"picked":"SKIP","floor":35.0},{"not_picked":["Stack+1","Streamline","Turbo","Beam Cell"],"picked":"SKIP","floor":35.0},{"not_picked":["Streamline+1","Steam","Stack"],"picked":"Undo+1","floor":36.0},{"not_picked":["BootSequence","Go for the Eyes+1","Lockon+1","Genetic Algorithm+1"],"picked":"SKIP","floor":36.0},{"not_picked":["Panic Button+1","Defragment","Beam Cell"],"picked":"Coolheaded","floor":37.0},{"not_picked":["Defragment+1","MostiFishMod:ReprogramOld+1","BasicCrystalCard"],"picked":"REME_Whirling+1","floor":37.0},{"not_picked":["MostiFishMod:FluxCapactior","Ball Lightning","Cold Snap"],"picked":"Capacitor+1","floor":38.0},{"not_picked":["Hologram","Hello World","Turbo"],"picked":"REME_DataAnalysis+1","floor":38.0},{"not_picked":["Self Repair","Chill+1","Compile Driver"],"picked":"Darkness+1","floor":39.0},{"not_picked":["Coolheaded","Panic Button+1","Steam","Compile Driver"],"picked":"SKIP","floor":39.0},{"not_picked":["Chaos+1","Consume","Redo","Turbo+1"],"picked":"SKIP","floor":40.0},{"not_picked":["Streamline","Hologram","REME_SelfUpgrade"],"picked":"MostiFishMod:STOP","floor":42.0},{"not_picked":["Coolheaded+1","Ball Lightning","ReplayTheSpireMod:Calculation Training"],"picked":"Skim+1","floor":46.0},{"not_picked":["Compile Driver+1","Rebound","Time Bomb+1"],"picked":"Double Energy+1","floor":47.0},{"not_picked":["Steam","Go for the Eyes","Panic Button","Stack+1"],"picked":"SKIP","floor":47.0},{"not_picked":["REME_DataAnalysis+1","ReplayTheSpireMod:Repulse+1","Doom and Gloom","Sweeping Beam+1"],"picked":"SKIP","floor":48},{"not_picked":["Barrage","Streamline","Storm+1","Auto Shields"],"picked":"SKIP","floor":48}],"player_experience":685143,"relics_obtained":[{"floor":1.0,"key":"Question Card"},{"floor":6.0,"key":"Bag of Preparation"},{"floor":8.0,"key":"REME_HandOfSuture"},{"floor":9.0,"key":"Pet Ghost"},{"floor":10.0,"key":"Sundial"},{"floor":13.0,"key":"Ice Cream"},{"floor":16.0,"key":"ImportantClient"},{"floor":24.0,"key":"Strawberry"},{"floor":27.0,"key":"Simple Rune"},{"floor":29.0,"key":"Blood Vial"},{"floor":31.0,"key":"Symbiotic Virus"},{"floor":40.0,"key":"Potion Belt"},{"floor":42.0,"key":"Pen Nib"},{"floor":43.0,"key":"Pantograph"},{"floor":46.0,"key":"Ancient Tea Set"}],"event_choices":[{"damage_healed":0.0,"max_hp_gain":0.0,"max_hp_loss":0.0,"gold_gain":0.0,"cards_transformed":["Strike_B","Defend_B"],"event_name":"Drug Dealer","player_choice":"Became Test Subject","floor":21.0,"gold_loss":0.0,"damage_taken":0.0,"cards_obtained":["Heatsinks","Coolheaded"]},{"damage_healed":0.0,"max_hp_gain":0.0,"max_hp_loss":0.0,"gold_gain":0.0,"event_name":"Winding Halls","player_choice":"Embrace Madness","floor":44.0,"gold_loss":0.0,"damage_taken":10.0,"cards_obtained":["Madness","Madness"]}],"is_beta":false,"boss_relics":[{"not_picked":["ChewingGum","SlaversCollar"],"picked":"Painkiller Herb"},{"not_picked":["MostiFishMod:Hod","Velvet Choker"],"picked":"Replay:Ancient Bell"},{"not_picked":["Replay:Rubber Ducky","ZombieArmy"],"picked":"Omamori"},{"not_picked":["Replay:Bottled Flurry","ReplayTheSpireMod:Shallot"],"picked":"Gremlin Horn"},{"not_picked":["Replay:Kaleidoscope","Peace Pipe"],"picked":"Prayer Wheel"}],"items_purged_floors":[3,25,45],"is_endless":false,"potions_floor_spawned":[2,5,8,11,14,18,22,28,31,33,35,36,40,47,48],"ascension_level":5}}