{"host":"wudw2kjtu5v5jb96","time":1608179520,"event":{"mods":["AchievementEnabler","Act Like it!","Aspiration","BaseMod","Challenge The Spire","Conspire","DeckTracker","Downfall","Duelist Mod","Faster Ascension Climbing","Hermit","Hubris","Infinite Spire","Minty Spire (QoL Compilation)","Pale of the Ancients","Random Character Mod","Replay The Spire","Shop Mod","Spicy Shops","StSLib","The Cursed","The Death Knight","The Necromancer","Trackpad","Wandering Minibosses","vexMod"],"gold_per_floor":[99,125,125,141,141,160,186,186,202,202,202],"floor_reached":10,"playtime":2360,"items_purged":[],"score":66,"play_id":"ef026761-1f07-4045-8461-321c72e3edb5","local_time":"20201216233200","is_ascension_mode":false,"campfire_choices":[{"data":"champ:Taunt","floor":1,"key":"SMITH"},{"data":"champ:FanOfKnives","floor":5,"key":"SMITH"}],"circlet_count":0,"master_deck":["champ:Strike","champ:Strike","champ:Strike","champ:Strike","champ:Defend","champ:Defend","champ:Defend","champ:Defend","champ:Execute","champ:Taunt+1","champ:DefensiveShout","champ:FanOfKnives+1","champ:EnGarde","champ:FlashCut"],"relics":["champ:ChampionCrown","vexMod:MemoryStick","hubris:Towel","champ:DefensiveTrainingManual"],"acts_visited":["Exordium"],"potions_floor_usage":[10],"damage_taken":[{"damage":58,"enemies":"Gremlin Nob","floor":2,"turns":6},{"damage":10,"enemies":"Jaw Worm","floor":4,"turns":4},{"damage":8,"enemies":"Cultist","floor":6,"turns":3},{"damage":18,"enemies":"Small Slimes","floor":9,"turns":3},{"damage":54,"enemies":"Lagavulin","floor":10,"turns":5}],"seed_played":"-4011392318124655356","potions_obtained":[{"floor":2,"key":"LiquidMemories"},{"floor":6,"key":"ColorlessPotion"}],"is_trial":false,"path_per_floor":["R","E","?","M","R","M","T","?","M","E"],"character_chosen":"THE_CHAMP","items_purchased":[],"campfire_rested":0,"item_purchase_floors":[],"current_hp_per_floor":[99,54,54,54,54,54,54,54,39,0,0],"gold":202,"neow_bonus":"TEN_PERCENT_HP_BONUS","is_daily":false,"chose_seed":false,"campfire_upgraded":2,"win_rate":0.0,"timestamp":1608179520,"path_taken":["R","E","?","M","R","M","T","?","M","E"],"items_purchased_type":[],"build_version":"2020-12-13","purchased_purges":0,"victory":false,"max_hp_per_floor":[99,99,99,99,99,99,99,99,99,99,99],"card_choices":[{"not_picked":["champ:PerfectedStrike","champ:Circumvent"],"picked":"champ:DefensiveShout","floor":2},{"not_picked":["champ:BerserkersShout","champ:Encircle"],"picked":"champ:FanOfKnives","floor":4},{"not_picked":["champ:ShieldSlam","champ:FlashCut"],"picked":"champ:EnGarde","floor":6},{"not_picked":["champ:CrookedStrike","champ:Haymaker"],"picked":"champ:FlashCut","floor":9}],"player_experience":14654,"relics_obtained":[{"floor":2,"key":"vexMod:MemoryStick"},{"floor":7,"key":"champ:DefensiveTrainingManual"}],"event_choices":[],"is_beta":false,"boss_relics":[],"items_purged_floors":[],"is_endless":false,"potions_floor_spawned":[2,6],"killed_by":"Lagavulin","ascension_level":0}}