{"host":"j05tanvorlbs2t7f","time":1608202519,"event":{"mods":["2.2 Compatiblity","AchievementEnabler","BaseMod","BetterRewards","Card Forge","Colored Powertips","Conspire","Downfall","Minty Spire (QoL Compilation)","Permanent Neow","Replay The Spire","Shade Mod","StSLib","The Bug Knight","The Construct","The Cursed","The Forsaken","The Hierophant","The Sage","TheHeartMod"],"gold_per_floor":[199,225,241,241,272,272,272,291,291,291],"floor_reached":9,"playtime":519,"items_purged":[],"score":69,"play_id":"b9c4ab20-baed-404c-93fd-817e7db5b5d1","local_time":"20201217115519","is_ascension_mode":false,"campfire_choices":[{"data":"champ:Taunt","floor":1,"key":"SMITH"},{"data":"champ:GladiatorStyle","floor":6,"key":"SMITH"}],"circlet_count":0,"master_deck":["champ:Strike","champ:Strike","champ:Strike","champ:Strike","champ:Defend","champ:Defend","champ:Defend","champ:Defend","champ:Execute","champ:Taunt+1","champ:GladiatorStyle+1","champ:DefensiveShout","champ:EnGarde","champ:TornadoPunch"],"relics":["champ:ChampionCrown","Hammer of Thor","Seething Fire","Anvil of the Gods","ReplayFunnel","downfall:ShatteredFragment","Centennial Puzzle","Ice Cream"],"acts_visited":["Exordium"],"potions_floor_usage":[],"damage_taken":[{"damage":43,"enemies":"3 Sentries","floor":2,"turns":10},{"damage":6,"enemies":"Jaw Worm","floor":3,"turns":4},{"damage":29,"enemies":"Replay:BlueRogue","floor":5,"turns":6},{"damage":0,"enemies":"conspire:RoseBush","floor":8,"turns":2},{"damage":15,"enemies":"Lagavulin","floor":9,"turns":2}],"seed_played":"-576723710676092559","potions_obtained":[{"floor":3,"key":"Ancient Potion"},{"floor":5,"key":"Energy Potion"}],"is_trial":false,"path_per_floor":["R","E","M","?","E","R","T","M","E"],"character_chosen":"THE_CHAMP","items_purchased":[],"campfire_rested":0,"item_purchase_floors":[],"current_hp_per_floor":[90,62,61,34,15,15,15,15,0,0],"gold":291,"neow_bonus":"HUNDRED_GOLD","is_daily":false,"chose_seed":false,"campfire_upgraded":2,"win_rate":0.0,"timestamp":1608202519,"path_taken":["R","E","M","?","E","R","T","M","E"],"items_purchased_type":[],"build_version":"2020-12-13","purchased_purges":0,"victory":false,"max_hp_per_floor":[90,90,90,90,90,90,90,90,90,90],"card_choices":[{"not_picked":["champ:CrookedStrike","champ:EndlessRage"],"picked":"champ:GladiatorStyle","floor":2},{"not_picked":["champ:Shatter","champ:RisingSlash"],"picked":"champ:DefensiveShout","floor":3},{"not_picked":["champ:EnragedBash","champ:ShieldThrow"],"picked":"champ:EnGarde","floor":5},{"not_picked":["champ:FanOfKnives","champ:BerserkersShout"],"picked":"champ:TornadoPunch","floor":8}],"player_experience":461619,"relics_obtained":[{"floor":2,"key":"ReplayFunnel"},{"floor":5,"key":"Centennial Puzzle"},{"floor":7,"key":"Ice Cream"}],"event_choices":[],"is_beta":false,"boss_relics":[],"items_purged_floors":[],"is_endless":false,"potions_floor_spawned":[3,5],"killed_by":"Lagavulin","ascension_level":0}}