{"host":"kh6fvhxn285ncg0o","time":1608188610,"event":{"mods":["Act Like it!","BaseMod","Colored Map","Friendly Minions","Keyboard Shortcuts","Minty Spire (QoL Compilation)","Quick Restart","Relic Stats","StSLib","SuperFastMode"],"gold_per_floor":[111,36,55,15,27,27,59,72,99,99,137,137,206,52,52,145,145,169,196,196,196,29,29,29],"floor_reached":23,"playtime":688,"items_purged":["Strike_R","Strike_R"],"score":390,"play_id":"46e8e090-bf3e-4ead-92aa-0e22d6fb73f2","local_time":"20201217160330","is_ascension_mode":true,"campfire_choices":[{"data":"Bash","floor":6.0,"key":"SMITH"},{"data":"Demon Form","floor":12.0,"key":"SMITH"},{"data":"Clothesline","floor":15.0,"key":"SMITH"}],"circlet_count":0,"master_deck":["AscendersBane","Strike_R","Defend_R","Defend_R","Defend_R","Defend_R","Bash+1","Ghostly Armor","Warcry","Clothesline+1","Feel No Pain","Demon Form+1","Battle Trance","Fiend Fire","Power Through","Ghostly","Ghostly","Ghostly","Writhe"],"relics":["Burning Blood","Boot","Strawberry","Golden Idol","Toy Ornithopter","Bottled Flame","Coffee Dripper","Bag of Preparation","Meat on the Bone","PreservedInsect"],"acts_visited":["Exordium","TheCity"],"potions_floor_usage":[],"damage_taken":[{"damage":4.0,"enemies":"Small Slimes","floor":1.0,"turns":5.0},{"damage":2.0,"enemies":"Cultist","floor":3.0,"turns":5.0},{"damage":7.0,"enemies":"Jaw Worm","floor":5.0,"turns":5.0},{"damage":32.0,"enemies":"Gremlin Nob","floor":7.0,"turns":4.0},{"damage":19.0,"enemies":"Large Slime","floor":8.0,"turns":7.0},{"damage":13.0,"enemies":"3 Sentries","floor":11.0,"turns":22.0},{"damage":14.0,"enemies":"3 Sentries","floor":13.0,"turns":12.0},{"damage":27.0,"enemies":"The Guardian","floor":16.0,"turns":12.0},{"damage":24.0,"enemies":"Spheric Guardian","floor":18.0,"turns":7.0},{"damage":42,"enemies":"Gremlin Leader","floor":23,"turns":4}],"seed_played":"995798205377151151","potions_obtained":[{"floor":1.0,"key":"Fire Potion"},{"floor":3.0,"key":"BloodPotion"},{"floor":4.0,"key":"DuplicationPotion"},{"floor":4.0,"key":"ElixirPotion"},{"floor":7.0,"key":"Energy Potion"}],"is_trial":false,"path_per_floor":["M","$","M","?","M","R","E","M","T","?","E","R","?","$","R","B",null,"M","T","?","?","$","E"],"character_chosen":"IRONCLAD","items_purchased":["SkillPotion","PreservedInsect"],"campfire_rested":0,"item_purchase_floors":[14,22],"current_hp_per_floor":[52,52,56,71,70,70,44,31,38,38,31,31,23,23,23,7,57,39,39,37,37,37,0,0],"gold":29,"neow_bonus":"TRANSFORM_TWO_CARDS","is_daily":false,"chose_seed":false,"campfire_upgraded":3,"win_rate":0.0,"timestamp":1608188610,"path_taken":["M","$","M","?","?","R","E","M","T","?","E","R","?","?","R","BOSS","M","?","?","?","$","E"],"items_purchased_type":["Potion","Relic"],"build_version":"2020-12-13","purchased_purges":2,"victory":false,"max_hp_per_floor":[75,75,75,75,75,75,75,75,82,74,74,74,74,74,74,74,74,74,74,37,37,37,37,37],"relic_stats":{"counters":[10,83],"Golden Idol":52,"PreservedInsect":47,"Bag of Preparation":[2],"Boot":[0],"obtain_stats":[{"Bottled Flame":13,"Golden Idol":10,"Strawberry":9,"PreservedInsect":22,"Coffee Dripper":17,"Bag of Preparation":19,"Boot":7,"Burning Blood":0,"Toy Ornithopter":11,"Meat on the Bone":21},{"Bottled Flame":7,"Golden Idol":5,"Strawberry":5,"PreservedInsect":9,"Coffee Dripper":8,"Bag of Preparation":9,"Boot":4,"Burning Blood":0,"Toy Ornithopter":6,"Meat on the Bone":9},{"Bottled Flame":60,"Golden Idol":26,"Strawberry":26,"PreservedInsect":79,"Coffee Dripper":72,"Bag of Preparation":79,"Boot":19,"Burning Blood":0,"Toy Ornithopter":48,"Meat on the Bone":79}],"Burning Blood":54,"Toy Ornithopter":5,"Meat on the Bone":0},"card_choices":[{"not_picked":["Clothesline","Havoc","Flex"],"picked":"SKIP","floor":3.0},{"not_picked":["Havoc","Flex"],"picked":"Clothesline","floor":3.0},{"not_picked":["Cleave","True Grit","Perfected Strike"],"picked":"SKIP","floor":5.0},{"not_picked":["Pommel Strike","Rage"],"picked":"Feel No Pain","floor":8.0},{"not_picked":["Clash","Disarm"],"picked":"Demon Form","floor":11.0},{"not_picked":["Havoc","Disarm"],"picked":"Battle Trance","floor":13.0},{"not_picked":["Impervious","Brutality"],"picked":"Fiend Fire","floor":16.0},{"not_picked":["Combust","Sever Soul"],"picked":"Power Through","floor":18.0}],"player_experience":3203454,"relics_obtained":[{"floor":7.0,"key":"Boot"},{"floor":9.0,"key":"Strawberry"},{"floor":11.0,"key":"Toy Ornithopter"},{"floor":13.0,"key":"Bottled Flame"},{"floor":19.0,"key":"Bag of Preparation"}],"event_choices":[{"damage_healed":0.0,"max_hp_gain":0.0,"max_hp_loss":0.0,"gold_gain":0.0,"event_name":"The Woman in Blue","player_choice":"Bought 3 Potions","floor":4.0,"gold_loss":0.0,"damage_taken":0.0},{"damage_healed":0.0,"max_hp_gain":0.0,"max_hp_loss":8.0,"gold_gain":0.0,"event_name":"Golden Idol","player_choice":"Lose Max HP","floor":10.0,"gold_loss":0.0,"damage_taken":0.0,"relics_obtained":["Golden Idol"]},{"damage_healed":0.0,"max_hp_gain":0.0,"max_hp_loss":0.0,"gold_gain":0.0,"event_name":"Dead Adventurer","player_choice":"Searched \u00271\u0027 times","floor":13.0,"gold_loss":0.0,"damage_taken":0.0},{"damage_healed":0.0,"max_hp_gain":0.0,"max_hp_loss":37.0,"gold_gain":0.0,"event_name":"Ghosts","player_choice":"Became a Ghost","floor":20.0,"gold_loss":0.0,"damage_taken":0.0,"cards_obtained":["Ghostly","Ghostly","Ghostly"]},{"damage_healed":0.0,"max_hp_gain":0.0,"max_hp_loss":0.0,"gold_gain":0.0,"event_name":"The Mausoleum","player_choice":"Opened","floor":21.0,"gold_loss":0.0,"damage_taken":0.0,"relics_obtained":["Meat on the Bone"],"cards_obtained":["Writhe"]}],"is_beta":false,"boss_relics":[{"not_picked":["Ectoplasm","Runic Cube"],"picked":"Coffee Dripper"}],"items_purged_floors":[2,14],"is_endless":false,"potions_floor_spawned":[1,3,7],"killed_by":"Gremlin Leader","ascension_level":20}}