{"host":"ya062ahhhuj9au1o","time":1608169643,"event":{"mods":["BaseMod","Better Third Choice","Filter the Spire","Hermit","Minty Spire (QoL Compilation)","Random Character Button","Robot Space Explorer","Somnambulant","StSLib","The Bug Knight","The Cursed","The Servant 0.9.4"],"gold_per_floor":[112,37,37,52,17,17,34,84,165,176,204,223,223,234,234,308,308,328,342,232,247,263,263,282,282,355,368,189,222,222,272,272,272,272],"floor_reached":33,"playtime":3813,"items_purged":["TheCursedMod:Defend_TheCursed","TheCursedMod:Defend_TheCursed"],"score":559,"play_id":"2168edc4-1f4b-4ff3-997a-54cf373f25ab","local_time":"20201216204723","is_ascension_mode":true,"campfire_choices":[{"data":"TheCursedMod:CollectTribute","floor":6.0,"key":"SMITH"},{"data":"TheCursedMod:Wield","floor":13.0,"key":"SMITH"},{"data":"TheCursedMod:FleshFromBone","floor":15.0,"key":"SMITH"},{"floor":23,"key":"REST"},{"data":"TheCursedMod:CleanUpWorkshop","floor":25,"key":"SMITH"},{"floor":32,"key":"REST"}],"circlet_count":0,"master_deck":["AscendersBane","TheCursedMod:Strike_TheCursed","TheCursedMod:Strike_TheCursed","TheCursedMod:Strike_TheCursed","TheCursedMod:Strike_TheCursed","TheCursedMod:Defend_TheCursed+1","TheCursedMod:CursedWand","TheCursedMod:CleanUpWorkshop+1","TheCursedMod:Dregs","Parasite","TheCursedMod:CollectTribute+1","TheCursedMod:FleshFromBone+1","TheCursedMod:SpitefulStrike","TheCursedMod:Obscuration+1","TheCursedMod:Evocation","TheCursedMod:Wield+1","TheCursedMod:NeowsMight","TheCursedMod:Neurasthenia+1","TheCursedMod:SoulReap","TheCursedMod:RapidMovement","TheCursedMod:HellfireBreathing+1","TheCursedMod:Torture+1","Shame","TheCursedMod:HellfireBreathing","TheCursedMod:StunningStrike","TheCursedMod:Wield"],"relics":["TheCursedMod:BlackMagic101","Pear","TheCursedMod:BloodyHarpoon","TheCursedMod:SoulVessel","Cursed Key","TheCursedMod:DemonicMark","War Paint"],"acts_visited":["Exordium","TheCity"],"potions_floor_usage":[24,24,29],"damage_taken":[{"damage":1.0,"enemies":"Cultist","floor":1.0,"turns":4.0},{"damage":1.0,"enemies":"Small Slimes","floor":4.0,"turns":4.0},{"damage":2.0,"enemies":"2 Louse","floor":7.0,"turns":2.0},{"damage":2.0,"enemies":"2 Fungi Beasts","floor":10.0,"turns":4.0},{"damage":4.0,"enemies":"HollowMod:MossKnight","floor":11.0,"turns":20.0},{"damage":18.0,"enemies":"Exordium Wildlife","floor":12.0,"turns":5.0},{"damage":12.0,"enemies":"Exordium Thugs","floor":14.0,"turns":7.0},{"damage":22.0,"enemies":"The Guardian","floor":16.0,"turns":16.0},{"damage":2,"enemies":"Spheric Guardian","floor":18,"turns":4},{"damage":25,"enemies":"Shell Parasite","floor":19,"turns":6},{"damage":56,"enemies":"Snake Plant","floor":21,"turns":8},{"damage":16,"enemies":"Sentry and Sphere","floor":22,"turns":8},{"damage":12,"enemies":"3 Cultists","floor":24,"turns":6},{"damage":15,"enemies":"Centurion and Healer","floor":27,"turns":7},{"damage":28,"enemies":"Slavers","floor":29,"turns":4},{"damage":60,"enemies":"Champ","floor":33,"turns":10}],"seed_played":"6888911294415172167","potions_obtained":[{"floor":7.0,"key":"LiquidMemories"},{"floor":11.0,"key":"SpeedPotion"},{"floor":14.0,"key":"AttackPotion"},{"floor":24,"key":"DuplicationPotion"},{"floor":29,"key":"ColorlessPotion"}],"is_trial":false,"path_per_floor":["M","$","T","M","?","R","M","?","T","M","E","M","R","M","R","B",null,"M","M","?","M","M","R","M","R","T","M","$","E","?","?","R","B"],"character_chosen":"THE_CURSED","items_purchased":["TheCursedMod:HellfireBreathing"],"campfire_rested":2,"item_purchase_floors":[28],"current_hp_per_floor":[63,63,73,72,81,81,79,79,79,77,73,60,60,56,56,53,74,77,64,64,24,23,47,48,48,48,51,51,32,32,32,56,1,1],"gold":272,"neow_bonus":"THREE_RARE_CARDS","is_daily":false,"chose_seed":false,"campfire_upgraded":4,"win_rate":0.0,"timestamp":1608169643,"path_taken":["M","?","?","M","?","R","M","?","T","M","E","M","R","M","R","BOSS","M","M","?","M","M","R","M","R","T","?","$","E","?","?","R","BOSS"],"items_purchased_type":["Card"],"build_version":"2020-12-13","purchased_purges":2,"victory":false,"max_hp_per_floor":[71,71,81,81,81,81,81,81,81,81,81,81,81,81,81,81,81,81,81,81,81,81,81,81,81,81,81,81,81,81,81,81,81,81],"card_choices":[{"not_picked":["TheCursedMod:ForbiddenAlchemy","TheCursedMod:DemonicPact"],"picked":"TheCursedMod:CollectTribute","floor":0.0},{"not_picked":["TheCursedMod:SmokeScreen","TheCursedMod:EmpowerCircles"],"picked":"TheCursedMod:FleshFromBone","floor":1.0},{"not_picked":["TheCursedMod:FuryStrike","TheCursedMod:CircleOfCorruption"],"picked":"TheCursedMod:SpitefulStrike","floor":4.0},{"not_picked":["TheCursedMod:SmokeScreen","TheCursedMod:Stretching"],"picked":"TheCursedMod:Obscuration","floor":7.0},{"not_picked":["TheCursedMod:Stigma","TheCursedMod:CursedBlade"],"picked":"TheCursedMod:Evocation","floor":10.0},{"not_picked":["TheCursedMod:SpitefulPray","TheCursedMod:CursedBlade","TheCursedMod:WearCloak"],"picked":"SKIP","floor":11.0},{"not_picked":["TheCursedMod:CircleOfCorruption","TheCursedMod:VitalStrike"],"picked":"TheCursedMod:Wield","floor":12.0},{"not_picked":["TheCursedMod:CursedBoomerang","TheCursedMod:CircleOfCorruption"],"picked":"TheCursedMod:NeowsMight","floor":14.0},{"not_picked":["TheCursedMod:ForbiddenAlchemy","TheCursedMod:StunningStrike"],"picked":"TheCursedMod:Neurasthenia","floor":16.0},{"not_picked":["TheCursedMod:CursedMace","TheCursedMod:WearCloak"],"picked":"TheCursedMod:SoulReap","floor":18},{"not_picked":["TheCursedMod:Evocation","TheCursedMod:SoulCrush"],"picked":"TheCursedMod:RapidMovement","floor":19},{"not_picked":["TheCursedMod:CursedBlade","TheCursedMod:PrepareRite"],"picked":"TheCursedMod:HellfireBreathing+1","floor":21},{"not_picked":["TheCursedMod:FuryStrike","TheCursedMod:PrepareRite","TheCursedMod:Stigma"],"picked":"SKIP","floor":22},{"not_picked":["TheCursedMod:CircleOfCorruption+1","TheCursedMod:Obscuration+1"],"picked":"TheCursedMod:Torture+1","floor":24},{"not_picked":["TheCursedMod:FuryStrike","TheCursedMod:Obscuration","TheCursedMod:CircleOfFlame"],"picked":"SKIP","floor":27},{"not_picked":["TheCursedMod:SoulCrush+1","TheCursedMod:TacticalStrike"],"picked":"TheCursedMod:StunningStrike","floor":29}],"player_experience":1632477,"relics_obtained":[{"floor":3.0,"key":"Pear"},{"floor":9.0,"key":"TheCursedMod:BloodyHarpoon"},{"floor":11.0,"key":"TheCursedMod:SoulVessel"},{"floor":26,"key":"TheCursedMod:DemonicMark"},{"floor":29,"key":"War Paint"}],"event_choices":[{"damage_healed":20.0,"max_hp_gain":0.0,"max_hp_loss":0.0,"gold_gain":0.0,"event_name":"The Cleric","player_choice":"Healed","floor":5.0,"gold_loss":35.0,"damage_taken":0.0},{"damage_healed":0.0,"max_hp_gain":0.0,"max_hp_loss":0.0,"gold_gain":50.0,"event_name":"Golden Shrine","player_choice":"Pray","floor":8.0,"gold_loss":0.0,"damage_taken":0.0},{"cards_removed":["TheCursedMod:Defend_TheCursed"],"damage_healed":0,"gold_gain":0,"player_choice":"Upgrade and Remove","damage_taken":0,"max_hp_gain":0,"max_hp_loss":0,"event_name":"Designer","floor":20,"gold_loss":110,"cards_upgraded":["TheCursedMod:Defend_TheCursed"]},{"damage_healed":0,"gold_gain":0,"player_choice":"Read","damage_taken":0,"max_hp_gain":0,"max_hp_loss":0,"event_name":"The Library","floor":30,"gold_loss":0,"cards_obtained":["TheCursedMod:Wield"]},{"damage_healed":0,"gold_gain":50,"player_choice":"Steal","damage_taken":0,"max_hp_gain":0,"max_hp_loss":0,"event_name":"betterThird:BetterNest","floor":31,"gold_loss":0}],"is_beta":false,"boss_relics":[{"not_picked":["Runic Pyramid","Astrolabe"],"picked":"Cursed Key"}],"items_purged_floors":[2,28],"is_endless":false,"potions_floor_spawned":[7,11,14,16,19,24,29],"killed_by":"Champ","ascension_level":18}}