{"host":"2n2g1vowfllvjtvi","time":1608212165,"event":{"mods":["AchievementEnabler","BaseMod","Custom Start","GifTheSpireLib","Keyboard Shortcuts","Minty Spire (QoL Compilation)","Quick Restart","Rare Cards Sparkle","StSLib","SuperFastMode"],"gold_per_floor":[19,35,49,59,37,37,71,71,71,105,105,120,12,30,30,107,107,119,44,73,73,84,84,112,112,138,149,166,178,178,103,103,177,177,193,23,40,40,40,40,40],"floor_reached":40,"playtime":1227,"items_purged":["Strike_G","Dagger Spray"],"score":928,"play_id":"aba3455c-5b8e-41a1-9cca-6c17e11d69c1","local_time":"20201217223605","is_ascension_mode":true,"campfire_choices":[{"data":"Apotheosis","floor":6.0,"key":"SMITH"},{"floor":8.0,"key":"REST"},{"floor":15.0,"key":"REST"},{"data":"Tools of the Trade","floor":23.0,"key":"SMITH"},{"data":"Calculated Gamble","floor":25.0,"key":"SMITH"},{"floor":30,"key":"RECALL"},{"data":"Reflex","floor":32,"key":"SMITH"}],"circlet_count":0,"master_deck":["AscendersBane","Defend_G","Defend_G","Defend_G","Defend_G","Defend_G","Survivor","Neutralize","Apotheosis+1","Prepared","Calculated Gamble+1","Deadly Poison","Prepared","Poisoned Stab","Tactician","Reflex+1","Adrenaline+1","Tools of the Trade+1","Prepared+1","Backflip+1","Dagger Throw+1","Footwork+1","Tactician","Prepared+1","Grand Finale","A Thousand Cuts+1","PiercingWail+1","Prepared+1","Well Laid Plans"],"relics":["Ring of the Snake","Unceasing Top","Pantograph","Bottled Lightning","Coffee Dripper","Red Mask","Pen Nib","Astrolabe"],"acts_visited":["Exordium","TheCity","TheBeyond"],"potions_floor_usage":[28,29,33,33],"damage_taken":[{"damage":0.0,"enemies":"Cultist","floor":1.0,"turns":4.0},{"damage":5.0,"enemies":"2 Louse","floor":2.0,"turns":3.0},{"damage":0.0,"enemies":"Jaw Worm","floor":3.0,"turns":4.0},{"damage":10.0,"enemies":"Exordium Thugs","floor":4.0,"turns":6.0},{"damage":28.0,"enemies":"3 Sentries","floor":7.0,"turns":10.0},{"damage":16.0,"enemies":"Gremlin Nob","floor":10.0,"turns":4.0},{"damage":5.0,"enemies":"Exordium Wildlife","floor":12.0,"turns":4.0},{"damage":0.0,"enemies":"Red Slaver","floor":14.0,"turns":3.0},{"damage":0.0,"enemies":"Slime Boss","floor":16.0,"turns":8.0},{"damage":15.0,"enemies":"Shell Parasite","floor":18.0,"turns":5.0},{"damage":18.0,"enemies":"Masked Bandits","floor":20.0,"turns":4.0},{"damage":2.0,"enemies":"Spheric Guardian","floor":22.0,"turns":4.0},{"damage":0.0,"enemies":"Book of Stabbing","floor":24.0,"turns":5.0},{"damage":0,"enemies":"Shelled Parasite and Fungi","floor":27,"turns":5},{"damage":0,"enemies":"Cultist and Chosen","floor":28,"turns":4},{"damage":9,"enemies":"3 Cultists","floor":29,"turns":5},{"damage":4,"enemies":"Collector","floor":33,"turns":7},{"damage":5,"enemies":"3 Shapes","floor":35,"turns":3},{"damage":6,"enemies":"3 Darklings","floor":37,"turns":3},{"damage":0,"enemies":"Reptomancer","floor":40,"turns":1}],"seed_played":"-2166250476025386649","potions_obtained":[{"floor":3.0,"key":"SpeedPotion"},{"floor":7.0,"key":"Poison Potion"},{"floor":14.0,"key":"SkillPotion"},{"floor":20.0,"key":"SneckoOil"},{"floor":22.0,"key":"Block Potion"},{"floor":28,"key":"LiquidBronze"},{"floor":29,"key":"Ancient Potion"},{"floor":37,"key":"Energy Potion"}],"is_trial":false,"path_per_floor":["M","M","M","M","$","R","E","R","T","E","?","M","$","M","R","B",null,"M","$","?","?","M","R","E","R","T","M","M","M","R","?","R","B",null,"M","$","M","?","$","E"],"character_chosen":"THE_SILENT","items_purchased":["Poisoned Stab","Tactician","Reflex","Well Laid Plans"],"campfire_rested":2,"item_purchase_floors":[5,13,13,36],"current_hp_per_floor":[59,54,54,44,44,44,16,35,35,19,41,36,36,36,55,66,66,51,51,33,33,31,31,31,31,31,31,31,22,22,22,22,43,60,55,55,49,49,49,49,49],"gold":40,"neow_bonus":"RANDOM_COLORLESS_2","is_daily":false,"chose_seed":false,"campfire_upgraded":4,"win_rate":0.0,"timestamp":1608212165,"path_taken":["M","M","?","M","$","R","E","R","T","E","?","M","?","M","R","BOSS","M","$","?","?","M","R","E","R","T","M","M","?","R","?","R","BOSS","M","$","M","?","$","E"],"items_purchased_type":["Card","Card","Card","Card"],"build_version":"2020-12-13","purchased_purges":2,"victory":false,"max_hp_per_floor":[66,66,66,66,66,66,66,66,66,66,66,66,66,66,66,66,66,66,66,66,66,66,66,66,66,66,66,66,66,66,66,66,66,66,66,66,66,63,63,63,63],"card_choices":[{"not_picked":["Mayhem","Transmutation"],"picked":"Apotheosis","floor":0.0},{"not_picked":["Reflex","Choke"],"picked":"Prepared","floor":1.0},{"not_picked":["PiercingWail","Deflect"],"picked":"Calculated Gamble","floor":2.0},{"not_picked":["Blade Dance","Deadly Poison","Predator"],"picked":"SKIP","floor":3.0},{"not_picked":["Blade Dance","Predator"],"picked":"Deadly Poison","floor":3.0},{"not_picked":["Accuracy","Flying Knee"],"picked":"Prepared","floor":4.0},{"not_picked":["Leg Sweep","Catalyst","Concentrate"],"picked":"SKIP","floor":7.0},{"not_picked":["Escape Plan","Setup"],"picked":"Dagger Spray","floor":10.0},{"not_picked":["Outmaneuver","Deadly Poison","Flying Knee"],"picked":"SKIP","floor":12.0},{"not_picked":["Dash","Dagger Spray"],"picked":"Adrenaline","floor":14.0},{"not_picked":["Burst","Envenom"],"picked":"Tools of the Trade","floor":16.0},{"not_picked":["Blade Dance","Cloak And Dagger"],"picked":"Prepared+1","floor":18.0},{"not_picked":["Flying Knee","Riddle With Holes"],"picked":"Backflip+1","floor":20.0},{"not_picked":["All Out Attack","Prepared"],"picked":"Dagger Throw+1","floor":22.0},{"not_picked":["Bane","Finisher"],"picked":"Footwork+1","floor":24.0},{"not_picked":["Corpse Explosion","Blade Dance"],"picked":"Tactician","floor":27},{"not_picked":["Riddle With Holes","Bane","Backflip"],"picked":"SKIP","floor":28},{"not_picked":["Dodge and Roll","Blade Dance"],"picked":"Prepared+1","floor":29},{"not_picked":["Bullet Time","Envenom"],"picked":"Grand Finale","floor":33},{"not_picked":["Quick Slash","Endless Agony","Bane+1"],"picked":"SKIP","floor":35},{"not_picked":["Deadly Poison","Flechettes","Backstab"],"picked":"SKIP","floor":37}],"player_experience":428158,"relics_obtained":[{"floor":7.0,"key":"Unceasing Top"},{"floor":9.0,"key":"Pantograph"},{"floor":10.0,"key":"Bottled Lightning"},{"floor":20.0,"key":"Red Mask"},{"floor":24.0,"key":"Pen Nib"}],"event_choices":[{"damage_healed":22.0,"max_hp_gain":0.0,"max_hp_loss":0.0,"gold_gain":0.0,"event_name":"Big Fish","player_choice":"Banana","floor":11.0,"gold_loss":0.0,"damage_taken":0.0},{"damage_healed":0.0,"max_hp_gain":0.0,"max_hp_loss":0.0,"gold_gain":0.0,"event_name":"Masked Bandits","player_choice":"Fought Bandits","floor":20.0,"gold_loss":0.0,"damage_taken":0.0},{"damage_healed":0.0,"max_hp_gain":0.0,"max_hp_loss":0.0,"gold_gain":0.0,"event_name":"Accursed Blacksmith","player_choice":"Forge","floor":21.0,"gold_loss":0.0,"damage_taken":0.0,"cards_upgraded":["Adrenaline"]},{"cards_removed":["Strike_G"],"damage_healed":0,"gold_gain":0,"player_choice":"Gave Gold","damage_taken":0,"max_hp_gain":0,"max_hp_loss":0,"event_name":"Beggar","floor":31,"gold_loss":75},{"damage_healed":0,"gold_gain":0,"player_choice":"Max HP","damage_taken":0,"max_hp_gain":0,"max_hp_loss":3,"event_name":"Winding Halls","floor":38,"gold_loss":0}],"is_beta":false,"boss_relics":[{"not_picked":["Pandora\u0027s Box","Snecko Eye"],"picked":"Coffee Dripper"},{"not_picked":["Black Star","WristBlade"],"picked":"Astrolabe"}],"items_purged_floors":[19,36],"is_endless":false,"potions_floor_spawned":[3,7,10,14,20,22,28,29,37],"killed_by":"Reptomancer","ascension_level":15}}