{"host":"ds28d883r3sz42zs","time":1608245980,"event":{"mods":["2.2 Compatiblity","AchievementEnabler","Act Like it!","BaseMod","Bestiary","Better Match","Better Sensory Stone","Better Silent Start","Better Third Choice","Better-Laid Plans","BetterRewards","Block Reminder","Challenge The Spire","Colored Map","Colored Powertips","DeckTracker","Defuse TimeMaze Blight","Disable Question Mark Monsters","Displayed Cursed Tome","Downfall","Emptier Cage","GifTheSpireLib","Gold Saver","Minty Spire (QoL Compilation)","Permanent Neow","Practice Mode","Quick Restart","Random Character Button","Rare Cards Sparkle","Relic Filter","Relic Stats","SacredBarkPlus","StSLib","SuperFastMode","Uncapped","Unknown Chances"],"gold_per_floor":[369,383,4,0,13,13,40,40,40,40,71,71,106,124,124,199,199,211,211,211,225,238,238,268,268,268,268,19,33,65,82,82,156,156,168,168,185,195,210,210,243,259,259,108,35,35,35,54,54,54,54,54,54,81,81],"floor_reached":56,"playtime":2082,"items_purged":["Strike_R","Combust"],"score":2049,"play_id":"c0bedebe-3043-4f90-89c2-5a381ed0a3b5","local_time":"20201217175940","is_ascension_mode":true,"campfire_choices":[{"data":"Bash","floor":6.0,"key":"SMITH"},{"data":"Enlightenment","floor":8.0,"key":"SMITH"},{"data":"Clothesline","floor":10.0,"key":"SMITH"},{"data":"Disarm","floor":15.0,"key":"SMITH"},{"data":"Juggernaut","floor":23.0,"key":"SMITH"},{"data":"Feel No Pain","floor":25.0,"key":"SMITH"},{"data":"Seeing Red","floor":27.0,"key":"SMITH"},{"data":"Feel No Pain","floor":32,"key":"SMITH"},{"floor":40,"key":"DIG"},{"floor":46,"key":"RECALL"},{"floor":49,"key":"DIG"},{"floor":52,"key":"DIG"}],"circlet_count":0,"master_deck":["AscendersBane","Strike_R","Strike_R","Strike_R","Strike_R","Defend_R","Defend_R","Defend_R","Defend_R","Bash+1","Clothesline+1","Enlightenment+1","Headbutt","Feel No Pain+1","Disarm+1","Seeing Red+1","Juggernaut+1","Second Wind+1","Feel No Pain+1","Burning Pact","Disarm+1","Sentinel+1","Juggernaut+1","Burning Pact+1","Shockwave+1","Flame Barrier","Body Slam+1","Shrug It Off+1","Corruption","Shrug It Off","Disarm","Sentinel","Bandage Up","Seeing Red","Burning Pact"],"relics":["Coffee Dripper","Dead Branch","Omamori","White Beast Statue","Boot","Bronze Scales","Pantograph","Runic Dome","betterThird:NestCultRelic","Vajra","Ornamental Fan","Champion Belt","Calling Bell","MealTicket","StrikeDummy","Shovel","Incense Burner","PreservedInsect","Membership Card","Orrery","Lantern","InkBottle","Ginger"],"acts_visited":["Exordium","TheCity","TheBeyond","TheEnding"],"potions_floor_usage":[33,33,39,55],"damage_taken":[{"damage":2.0,"enemies":"Small Slimes","floor":1.0,"turns":3.0},{"damage":0.0,"enemies":"Jaw Worm","floor":2.0,"turns":3.0},{"damage":4.0,"enemies":"Cultist","floor":5.0,"turns":3.0},{"damage":8.0,"enemies":"Gremlin Nob","floor":7.0,"turns":3.0},{"damage":13.0,"enemies":"3 Sentries","floor":11.0,"turns":6.0},{"damage":16.0,"enemies":"Gremlin Nob","floor":13.0,"turns":3.0},{"damage":6.0,"enemies":"Blue Slaver","floor":14.0,"turns":2.0},{"damage":17.0,"enemies":"Slime Boss","floor":16.0,"turns":7.0},{"damage":25.0,"enemies":"Spheric Guardian","floor":18.0,"turns":4.0},{"damage":0.0,"enemies":"Chosen","floor":21.0,"turns":4.0},{"damage":0.0,"enemies":"Sentry and Sphere","floor":22.0,"turns":4.0},{"damage":21.0,"enemies":"Book of Stabbing","floor":24.0,"turns":4.0},{"damage":1.0,"enemies":"Snecko","floor":29.0,"turns":2.0},{"damage":0.0,"enemies":"Slavers","floor":30.0,"turns":5.0},{"damage":0,"enemies":"3 Cultists","floor":31,"turns":4},{"damage":5,"enemies":"Champ","floor":33,"turns":5},{"damage":3,"enemies":"3 Shapes","floor":35,"turns":4},{"damage":4,"enemies":"Orb Walker","floor":37,"turns":3},{"damage":8,"enemies":"Sphere and 2 Shapes","floor":38,"turns":5},{"damage":3,"enemies":"Jaw Worm Horde","floor":39,"turns":3},{"damage":38,"enemies":"Reptomancer","floor":41,"turns":6},{"damage":5,"enemies":"Spire Growth","floor":42,"turns":4},{"damage":0,"enemies":"Transient","floor":48,"turns":5},{"damage":30,"enemies":"Time Eater","floor":50,"turns":6},{"damage":21,"enemies":"Shield and Spear","floor":54,"turns":3},{"damage":7,"enemies":"The Heart","floor":55,"turns":4}],"seed_played":"-2277167871267858135","potions_obtained":[{"floor":1.0,"key":"DistilledChaos"},{"floor":7.0,"key":"FearPotion"},{"floor":11.0,"key":"Strength Potion"},{"floor":13.0,"key":"BloodPotion"},{"floor":14.0,"key":"PowerPotion"},{"floor":18.0,"key":"PowerPotion"},{"floor":30.0,"key":"CultistPotion"},{"floor":33,"key":"PowerPotion"},{"floor":35,"key":"champ:CounterPotion"},{"floor":37,"key":"PowerPotion"},{"floor":38,"key":"BloodPotion"},{"floor":39,"key":"EssenceOfSteel"}],"is_trial":false,"path_per_floor":["M","M","$","?","M","R","E","R","T","R","E","?","E","M","R","B",null,"M","?","?","M","M","R","E","R","T","R","$","M","E","M","R","B",null,"M","?","M","M","M","R","E","M","T","$","$","R","?","M","R","B",null,"R","$","E","B",null],"character_chosen":"IRONCLAD","items_purchased":["Dead Branch","Feel No Pain","Burning Pact","Membership Card","Orrery"],"campfire_rested":0,"item_purchase_floors":[3,28,28,44,45],"current_hp_per_floor":[66,66,66,72,68,68,60,60,60,60,47,47,31,41,41,49,73,48,25,25,25,25,25,4,4,4,4,4,3,3,3,3,23,70,67,67,63,55,69,69,31,26,26,41,56,56,56,60,60,59,79,79,86,65,83],"gold":81,"neow_bonus":"BOSS_RELIC","is_daily":false,"chose_seed":false,"campfire_upgraded":8,"win_rate":0.0,"timestamp":1608245980,"path_taken":["M","M","$","?","M","R","E","R","T","R","E","?","E","M","R","BOSS","M","?","?","M","M","R","E","R","T","R","$","M","E","M","R","BOSS","M","?","M","M","M","R","E","M","T","?","$","R","?","M","R","BOSS","R","$","E","BOSS"],"items_purchased_type":["Relic","Card","Card","Relic","Relic"],"build_version":"2020-12-13","purchased_purges":2,"victory":true,"max_hp_per_floor":[75,75,75,81,81,81,81,81,81,81,81,81,81,81,81,81,81,81,86,86,86,86,86,86,86,86,86,86,86,86,86,86,86,86,86,86,86,86,86,86,86,86,86,86,86,86,86,86,86,86,86,86,86,86,86],"relic_stats":{"counters":[26,105],"Dead Branch":[463],"PreservedInsect":77,"Ginger":[2],"Boot":[18],"Shovel":3,"Ornamental Fan":[84],"Bronze Scales":[241],"Pantograph":96,"MealTicket":37,"Champion Belt":[38],"obtain_stats":[{"Lantern":49,"Dead Branch":3,"Vajra":24,"betterThird:NestCultRelic":20,"PreservedInsect":41,"Omamori":7,"Incense Burner":40,"Ginger":54,"Boot":11,"Burning Blood":0,"White Beast Statue":9,"Calling Bell":34,"Runic Dome":17,"Shovel":34,"Ornamental Fan":26,"Bronze Scales":12,"Pantograph":13,"Orrery":45,"MealTicket":34,"Coffee Dripper":0,"Champion Belt":30,"Membership Card":44,"StrikeDummy":34,"InkBottle":52},{"Lantern":23,"Dead Branch":2,"Vajra":12,"betterThird:NestCultRelic":9,"PreservedInsect":21,"Omamori":4,"Incense Burner":20,"Ginger":25,"Boot":5,"Burning Blood":0,"White Beast Statue":4,"Calling Bell":16,"Runic Dome":8,"Shovel":16,"Ornamental Fan":12,"Bronze Scales":5,"Pantograph":6,"Orrery":22,"MealTicket":16,"Coffee Dripper":0,"Champion Belt":14,"Membership Card":22,"StrikeDummy":16,"InkBottle":24},{"Lantern":92,"Dead Branch":6,"Vajra":46,"betterThird:NestCultRelic":34,"PreservedInsect":83,"Omamori":12,"Incense Burner":77,"Ginger":101,"Boot":18,"Burning Blood":0,"White Beast Statue":12,"Calling Bell":62,"Runic Dome":30,"Shovel":62,"Ornamental Fan":46,"Bronze Scales":18,"Pantograph":21,"Orrery":87,"MealTicket":62,"Coffee Dripper":0,"Champion Belt":53,"Membership Card":87,"StrikeDummy":62,"InkBottle":98}],"InkBottle":[10]},"card_choices":[{"not_picked":["Dark Embrace","Fire Breathing"],"picked":"Clothesline","floor":1.0},{"not_picked":["Havoc","Body Slam"],"picked":"Combust","floor":2.0},{"not_picked":["Heavy Blade","Body Slam"],"picked":"Headbutt","floor":5.0},{"not_picked":["Searing Blow","Shrug It Off"],"picked":"Feel No Pain","floor":7.0},{"not_picked":["Juggernaut","Pommel Strike"],"picked":"Disarm","floor":11.0},{"not_picked":["Anger","Wild Strike"],"picked":"Seeing Red","floor":13.0},{"not_picked":["Twin Strike","Sword Boomerang","Wild Strike"],"picked":"SKIP","floor":14.0},{"not_picked":["Bludgeon","Offering"],"picked":"Juggernaut","floor":16.0},{"not_picked":["Headbutt","Warcry","Fire Breathing"],"picked":"SKIP","floor":18.0},{"not_picked":["Perfected Strike","Evolve"],"picked":"Second Wind+1","floor":21.0},{"not_picked":["Havoc","Iron Wave","Rage+1"],"picked":"SKIP","floor":22.0},{"not_picked":["Second Wind","Armaments","Havoc"],"picked":"SKIP","floor":24.0},{"not_picked":["Barricade","Flame Barrier"],"picked":"Disarm+1","floor":29.0},{"not_picked":["Thunderclap+1","Perfected Strike","Wild Strike"],"picked":"SKIP","floor":30.0},{"not_picked":["Intimidate","Hemokinesis"],"picked":"Sentinel+1","floor":31},{"not_picked":["Immolate","Bludgeon"],"picked":"Juggernaut","floor":33},{"not_picked":["Reckless Charge","Thunderclap"],"picked":"Burning Pact+1","floor":35},{"not_picked":["Rampage","True Grit"],"picked":"Shockwave+1","floor":37},{"not_picked":["Cleave","Uppercut","Dropkick"],"picked":"SKIP","floor":38},{"not_picked":["Carnage","Whirlwind"],"picked":"Flame Barrier","floor":39},{"not_picked":["Rampage","Blood for Blood"],"picked":"Body Slam+1","floor":41},{"not_picked":["Iron Wave","Sentinel"],"picked":"Shrug It Off+1","floor":42},{"not_picked":["Searing Blow","Juggernaut"],"picked":"Corruption","floor":45},{"not_picked":["Flame Barrier+1","Armaments"],"picked":"Shrug It Off","floor":45},{"not_picked":["Armaments","Iron Wave"],"picked":"Disarm","floor":45},{"not_picked":["Heavy Blade","Body Slam"],"picked":"Sentinel","floor":45},{"not_picked":["Sadistic Nature","Forethought"],"picked":"Bandage Up","floor":47},{"not_picked":["Rupture","Iron Wave"],"picked":"Seeing Red","floor":48},{"not_picked":["Cleave+1","Pommel Strike"],"picked":"Burning Pact","floor":54}],"player_experience":696344,"relics_obtained":[{"floor":7.0,"key":"Omamori"},{"floor":9.0,"key":"White Beast Statue"},{"floor":11.0,"key":"Boot"},{"floor":13.0,"key":"Pantograph"},{"floor":24.0,"key":"Vajra"},{"floor":26.0,"key":"Ornamental Fan"},{"floor":30.0,"key":"Champion Belt"},{"floor":34,"key":"MealTicket"},{"floor":34,"key":"StrikeDummy"},{"floor":34,"key":"Shovel"},{"floor":40,"key":"Incense Burner"},{"floor":41,"key":"PreservedInsect"},{"floor":49,"key":"Lantern"},{"floor":52,"key":"InkBottle"},{"floor":54,"key":"Ginger"}],"event_choices":[{"damage_healed":0.0,"max_hp_gain":0.0,"max_hp_loss":0.0,"gold_gain":0.0,"event_name":"betterThird:BetterSerpent","player_choice":"RENOUNCE","floor":4.0,"gold_loss":4.0,"damage_taken":4.0,"cards_obtained":["Enlightenment"]},{"damage_healed":0.0,"max_hp_gain":0.0,"max_hp_loss":0.0,"gold_gain":0.0,"event_name":"Big Fish","player_choice":"Box","floor":12.0,"gold_loss":0.0,"damage_taken":0.0,"relics_obtained":["Bronze Scales"],"cards_obtained":["Regret"]},{"damage_healed":0.0,"max_hp_gain":5.0,"max_hp_loss":0.0,"gold_gain":0.0,"event_name":"Forgotten Altar","player_choice":"Shed Blood","floor":19.0,"gold_loss":0.0,"damage_taken":28.0},{"damage_healed":0.0,"max_hp_gain":0.0,"max_hp_loss":0.0,"gold_gain":0.0,"event_name":"betterThird:BetterNest","player_choice":"Madness","floor":20.0,"gold_loss":0.0,"damage_taken":0.0,"relics_obtained":["betterThird:NestCultRelic"]},{"damage_healed":0,"gold_gain":0,"player_choice":"Forge","damage_taken":0,"max_hp_gain":0,"max_hp_loss":0,"event_name":"Accursed Blacksmith","floor":36,"gold_loss":0,"cards_upgraded":["Juggernaut"]},{"damage_healed":0,"gold_gain":3,"player_choice":"1","damage_taken":0,"max_hp_gain":0,"max_hp_loss":0,"event_name":"betterStone:BetterStone","floor":47,"gold_loss":0}],"is_beta":false,"boss_relics":[{"not_picked":["Mark of Pain","Cursed Key"],"picked":"Runic Dome"},{"not_picked":["Runic Pyramid","Sozu"],"picked":"Calling Bell"}],"items_purged_floors":[3,28],"is_endless":false,"potions_floor_spawned":[1,7,11,13,14,16,18,21,22,24,29,30,31,33,35,37,38,39,41,42,48,54],"ascension_level":15}}