{"host":"3mdjmozz5rahgtdc","time":1608178626,"event":{"mods":["AchievementEnabler","BaseMod","Better Silent Start","Better-Laid Plans","Colored Map","Colored Powertips","Custom Start","DeckTracker","Emptier Cage","KOR Keyword Fix","Keyboard Shortcuts","Minty Spire (QoL Compilation)","Permanent Neow","Quick Restart","StSLib","SuperFastMode"],"gold_per_floor":[113,123,135,135,149,149,149,74,74,91,91,106,122,140,140,235,235,221,232,432,257,269,269,287,287,287,298,332,347,17,37,37,136,136,150,160,173,184,59,59,59,59,59,59,91,108,135,155,155,155],"floor_reached":51,"playtime":2014,"items_purged":["Strike_G","Strike_G","Defend_G"],"score":990,"play_id":"61aa61d9-21f7-4e19-a4fe-79aebfd093c2","local_time":"20201217131706","is_ascension_mode":true,"campfire_choices":[{"data":"Bouncing Flask","floor":6.0,"key":"SMITH"},{"data":"Catalyst","floor":11.0,"key":"SMITH"},{"floor":15.0,"key":"REST"},{"data":"Deadly Poison","floor":23.0,"key":"SMITH"},{"data":"Footwork","floor":25.0,"key":"SMITH"},{"data":"Catalyst","floor":32.0,"key":"SMITH"},{"data":"Wraith Form v2","floor":40.0,"key":"SMITH"},{"data":"Acrobatics","floor":42.0,"key":"SMITH"},{"data":"Noxious Fumes","floor":44,"key":"SMITH"},{"data":"Tactician","floor":49,"key":"SMITH"}],"circlet_count":0,"master_deck":["Strike_G+1","Defend_G","Defend_G+1","Survivor","Neutralize","Poisoned Stab","Escape Plan","Dagger Spray","Bouncing Flask+1","Catalyst+1","Deadly Poison+1","Footwork+1","Backflip","Malaise","PiercingWail+1","Noxious Fumes+1","Predator","Escape Plan+1","PiercingWail","Catalyst+1","Wraith Form v2+1","Well Laid Plans+1","Acrobatics+1","Purity","Tactician+1","Crippling Poison+1"],"relics":["Ring of the Snake","Pantograph","Blood Vial","Cursed Key","PreservedInsect","TungstenRod","Coffee Dripper","White Beast Statue","Meat on the Bone"],"acts_visited":["Exordium","TheCity","TheBeyond"],"potions_floor_usage":[45,50,50],"damage_taken":[{"damage":0.0,"enemies":"2 Louse","floor":1.0,"turns":3.0},{"damage":0.0,"enemies":"Cultist","floor":2.0,"turns":3.0},{"damage":0.0,"enemies":"Jaw Worm","floor":3.0,"turns":4.0},{"damage":3.0,"enemies":"Looter","floor":5.0,"turns":4.0},{"damage":9.0,"enemies":"Lots of Slimes","floor":10.0,"turns":3.0},{"damage":1.0,"enemies":"Large Slime","floor":12.0,"turns":4.0},{"damage":14.0,"enemies":"Red Slaver","floor":13.0,"turns":2.0},{"damage":10.0,"enemies":"Lots of Slimes","floor":14.0,"turns":4.0},{"damage":14.0,"enemies":"Hexaghost","floor":16.0,"turns":6.0},{"damage":8.0,"enemies":"2 Thieves","floor":18.0,"turns":4.0},{"damage":0.0,"enemies":"Spheric Guardian","floor":19.0,"turns":2.0},{"damage":5.0,"enemies":"3 Cultists","floor":22.0,"turns":5.0},{"damage":0.0,"enemies":"Sentry and Sphere","floor":24.0,"turns":3.0},{"damage":1.0,"enemies":"Shelled Parasite and Fungi","floor":27.0,"turns":4.0},{"damage":18.0,"enemies":"Slavers","floor":28.0,"turns":6.0},{"damage":11.0,"enemies":"Centurion and Healer","floor":29.0,"turns":6.0},{"damage":0.0,"enemies":"Snecko","floor":31.0,"turns":4.0},{"damage":9.0,"enemies":"Collector","floor":33.0,"turns":6.0},{"damage":2.0,"enemies":"Orb Walker","floor":35.0,"turns":4.0},{"damage":3.0,"enemies":"3 Darklings","floor":36.0,"turns":6.0},{"damage":0.0,"enemies":"Transient","floor":37.0,"turns":5.0},{"damage":2.0,"enemies":"Maw","floor":38.0,"turns":5.0},{"damage":0,"enemies":"Reptomancer","floor":45,"turns":4},{"damage":0,"enemies":"Sphere and 2 Shapes","floor":46,"turns":4},{"damage":0,"enemies":"Giant Head","floor":47,"turns":5},{"damage":1,"enemies":"Jaw Worm Horde","floor":48,"turns":5},{"damage":29,"enemies":"Time Eater","floor":50,"turns":12}],"seed_played":"-3237605178237115487","potions_obtained":[{"floor":2.0,"key":"LiquidMemories"},{"floor":3.0,"key":"Explosive Potion"},{"floor":12.0,"key":"Weak Potion"},{"floor":16.0,"key":"BlessingOfTheForge"},{"floor":19.0,"key":"Energy Potion"},{"floor":28.0,"key":"Dexterity Potion"},{"floor":29.0,"key":"SteroidPotion"},{"floor":33.0,"key":"Dexterity Potion"},{"floor":37.0,"key":"PowerPotion"},{"floor":46,"key":"CunningPotion"}],"is_trial":false,"path_per_floor":["M","M","M","?","M","R","?","$","T","M","R","M","M","M","R","B",null,"M","M","?","$","M","R","M","R","T","M","E","M","$","M","R","B",null,"M","M","M","M","$","R","?","R","T","R","E","M","E","M","R","B",null],"character_chosen":"THE_SILENT","items_purchased":["Noxious Fumes","TungstenRod","Catalyst"],"campfire_rested":1,"item_purchase_floors":[21,30,30],"current_hp_per_floor":[49,49,49,35,32,32,32,32,32,25,25,26,14,6,27,40,63,57,59,59,59,56,56,58,58,58,59,43,34,34,36,36,54,66,66,65,67,67,67,67,67,67,67,67,69,70,70,69,69,41],"gold":155,"neow_bonus":"REMOVE_TWO","is_daily":false,"chose_seed":false,"campfire_upgraded":9,"win_rate":0.0,"timestamp":1608178626,"path_taken":["M","M","M","?","M","R","?","$","T","M","R","M","?","?","R","BOSS","M","M","?","$","M","R","M","R","T","M","E","M","$","M","R","BOSS","M","?","M","M","$","R","?","R","T","R","E","M","E","M","R","BOSS"],"items_purchased_type":["Card","Relic","Card"],"build_version":"2020-12-13","purchased_purges":3,"victory":true,"max_hp_per_floor":[70,70,70,70,70,70,70,70,70,70,70,70,70,70,70,70,70,70,70,70,70,70,70,70,70,70,70,70,70,70,70,70,70,70,70,70,70,70,70,70,70,70,70,70,70,70,70,70,70,70],"card_choices":[{"not_picked":["Cloak And Dagger","Outmaneuver"],"picked":"Poisoned Stab","floor":1.0},{"not_picked":["Caltrops","Outmaneuver"],"picked":"Escape Plan","floor":2.0},{"not_picked":["Riddle With Holes","Leg Sweep"],"picked":"Dagger Spray","floor":3.0},{"not_picked":["Deflect","Backflip"],"picked":"Bouncing Flask","floor":5.0},{"not_picked":["Underhanded Strike","Calculated Gamble"],"picked":"Catalyst","floor":10.0},{"not_picked":["Bane","Outmaneuver"],"picked":"Deadly Poison","floor":12.0},{"not_picked":["Prepared","Outmaneuver"],"picked":"Footwork","floor":13.0},{"not_picked":["Bane","Blade Dance"],"picked":"Backflip","floor":14.0},{"not_picked":["Bullet Time","Tools of the Trade"],"picked":"Malaise","floor":16.0},{"not_picked":["Escape Plan","Cloak And Dagger"],"picked":"PiercingWail+1","floor":18.0},{"not_picked":["Dagger Throw","Poisoned Stab","Quick Slash"],"picked":"SKIP","floor":19.0},{"not_picked":["Dodge and Roll","Caltrops"],"picked":"Predator","floor":22.0},{"not_picked":["Finisher","Slice"],"picked":"Escape Plan+1","floor":24.0},{"not_picked":["Underhanded Strike","Eviscerate","Dagger Spray"],"picked":"SKIP","floor":27.0},{"not_picked":["Underhanded Strike","Unload","Sucker Punch+1"],"picked":"SKIP","floor":28.0},{"not_picked":["Prepared","Poisoned Stab"],"picked":"PiercingWail","floor":29.0},{"not_picked":["Concentrate","Sucker Punch+1","Endless Agony"],"picked":"SKIP","floor":31.0},{"not_picked":["Die Die Die","Envenom"],"picked":"Wraith Form v2","floor":33.0},{"not_picked":["Skewer+1","Underhanded Strike","Slice"],"picked":"SKIP","floor":35.0},{"not_picked":["Choke+1","Deadly Poison","Dagger Throw"],"picked":"SKIP","floor":36.0},{"not_picked":["Masterful Stab+1","Quick Slash"],"picked":"Well Laid Plans+1","floor":37.0},{"not_picked":["Underhanded Strike+1","Dagger Spray+1"],"picked":"Acrobatics","floor":38.0},{"not_picked":["Chrysalis","Panache"],"picked":"Purity","floor":41.0},{"not_picked":["Eviscerate","Prepared"],"picked":"Tactician","floor":45},{"not_picked":["Sucker Punch","Terror","Noxious Fumes"],"picked":"SKIP","floor":46},{"not_picked":["Dodge and Roll","Blade Dance"],"picked":"Crippling Poison+1","floor":47},{"not_picked":["Sucker Punch+1","Dagger Throw+1","Quick Slash"],"picked":"SKIP","floor":48}],"player_experience":300567,"relics_obtained":[{"floor":9.0,"key":"Blood Vial"},{"floor":28.0,"key":"PreservedInsect"},{"floor":45,"key":"White Beast Statue"},{"floor":47,"key":"Meat on the Bone"}],"event_choices":[{"damage_healed":0.0,"max_hp_gain":0.0,"max_hp_loss":0.0,"gold_gain":0.0,"event_name":"Shining Light","player_choice":"Entered Light","floor":4.0,"gold_loss":0.0,"damage_taken":14.0,"cards_upgraded":["Defend_G","Strike_G"]},{"damage_healed":0.0,"max_hp_gain":0.0,"max_hp_loss":0.0,"gold_gain":0.0,"event_name":"WeMeetAgain","player_choice":"Gave Potion","floor":7.0,"gold_loss":0.0,"damage_taken":0.0,"relics_obtained":["Pantograph"]},{"damage_healed":0.0,"max_hp_gain":0.0,"max_hp_loss":0.0,"gold_gain":200.0,"event_name":"Wheel of Change","player_choice":"Gold","floor":20.0,"gold_loss":0.0,"damage_taken":0.0},{"damage_healed":0.0,"max_hp_gain":0.0,"max_hp_loss":0.0,"gold_gain":0.0,"event_name":"SensoryStone","player_choice":"Memory 1","floor":41.0,"gold_loss":0.0,"damage_taken":0.0}],"is_beta":false,"boss_relics":[{"not_picked":["Ring of the Serpent","Calling Bell"],"picked":"Cursed Key"},{"not_picked":["Astrolabe","Runic Dome"],"picked":"Coffee Dripper"}],"items_purged_floors":[8,21,39],"is_endless":false,"potions_floor_spawned":[2,3,12,16,18,19,28,29,33,37,38,46,47,48],"ascension_level":5}}