{"host":"sav7uxregyirlf69","time":1608213059,"event":{"mods":["AchievementEnabler","BaseMod","Colored Map","DeckTracker","Keyboard Shortcuts","Minty Spire (QoL Compilation)","READ ME - Guardian Mod","StSLib","SuperFastMode"],"gold_per_floor":[110,128,128,128,53,53,71,96,96,110,151,151,165,205,205,328,328,348,348,82,82,7,22,22,22,22,38,72,72,108,123,123,243,243,262,137,137,161,11,11,42,73,147,182,182,198,559,600,600,600,600,600,9,45,45],"floor_reached":56,"playtime":1467,"items_purged":["Strike_P","Defend_P","Defend_P","Defend_P","Wallop"],"score":1623,"play_id":"22c9309b-6503-4610-b979-13818aeaf729","local_time":"20201217225059","daily_mods":["Heirloom"],"is_ascension_mode":true,"campfire_choices":[{"data":"Eruption","floor":6.0,"key":"SMITH"},{"data":"Adaptation","floor":12.0,"key":"SMITH"},{"data":"Adaptation","floor":15.0,"key":"SMITH"},{"data":"Vault","floor":25.0,"key":"SMITH"},{"data":"TalkToTheHand","floor":29.0,"key":"SMITH"},{"data":"Master of Strategy","floor":32.0,"key":"SMITH"},{"data":"Scrawl","floor":40.0,"key":"SMITH"},{"floor":45.0,"key":"RECALL"},{"data":"FearNoEvil","floor":49.0,"key":"SMITH"},{"data":"DeusExMachina","floor":52.0,"key":"SMITH"}],"circlet_count":0,"master_deck":["Eruption+1","Vigilance+1","Adaptation+1","FlurryOfBlows","DeusExMachina+1","FearNoEvil+1","Adaptation+1","Vault+1","Master of Strategy+1","TalkToTheHand+1","Scrawl+1","TalkToTheHand+1","Prostrate+1"],"relics":["PureWater","WingedGreaves","Golden Idol","Ornamental Fan","Blue Candle","Akabeko","VioletLotus","Question Card","Nunchaku","Blood Vial","Empty Cage","The Courier","Anchor","Mango","Old Coin","Art of War","Kunai","ClockworkSouvenir","Vajra","CaptainsWheel"],"acts_visited":["Exordium","TheCity","TheBeyond","TheEnding"],"potions_floor_usage":[55,55],"damage_taken":[{"damage":0.0,"enemies":"2 Louse","floor":1.0,"turns":3.0},{"damage":0.0,"enemies":"Small Slimes","floor":2.0,"turns":2.0},{"damage":0.0,"enemies":"Jaw Worm","floor":7.0,"turns":3.0},{"damage":4.0,"enemies":"Lots of Slimes","floor":8.0,"turns":4.0},{"damage":10.0,"enemies":"3 Louse","floor":10.0,"turns":4.0},{"damage":0.0,"enemies":"Lagavulin","floor":11.0,"turns":5.0},{"damage":0.0,"enemies":"Blue Slaver","floor":13.0,"turns":3.0},{"damage":12.0,"enemies":"3 Sentries","floor":14.0,"turns":7.0},{"damage":21.0,"enemies":"Slime Boss","floor":16.0,"turns":9.0},{"damage":0.0,"enemies":"Spheric Guardian","floor":18.0,"turns":4.0},{"damage":8.0,"enemies":"2 Thieves","floor":23.0,"turns":3.0},{"damage":9.0,"enemies":"3 Cultists","floor":27.0,"turns":5.0},{"damage":13.0,"enemies":"Slavers","floor":28.0,"turns":6.0},{"damage":0.0,"enemies":"Book of Stabbing","floor":30.0,"turns":4.0},{"damage":6.0,"enemies":"Centurion and Healer","floor":31.0,"turns":5.0},{"damage":24.0,"enemies":"Collector","floor":33.0,"turns":5.0},{"damage":0.0,"enemies":"3 Darklings","floor":35.0,"turns":2.0},{"damage":0.0,"enemies":"3 Shapes","floor":38.0,"turns":2.0},{"damage":0.0,"enemies":"Nemesis","floor":41.0,"turns":1.0},{"damage":0.0,"enemies":"Reptomancer","floor":42.0,"turns":3.0},{"damage":0.0,"enemies":"Nemesis","floor":44.0,"turns":3.0},{"damage":0.0,"enemies":"Jaw Worm Horde","floor":46.0,"turns":2.0},{"damage":0.0,"enemies":"2 Orb Walkers","floor":47.0,"turns":1.0},{"damage":0.0,"enemies":"Giant Head","floor":48.0,"turns":1.0},{"damage":0.0,"enemies":"Donu and Deca","floor":50.0,"turns":2.0},{"damage":0,"enemies":"Shield and Spear","floor":54,"turns":1},{"damage":65,"enemies":"The Heart","floor":55,"turns":6}],"seed_played":"414794760126267129","potions_obtained":[{"floor":1.0,"key":"Dexterity Potion"},{"floor":7.0,"key":"Dexterity Potion"},{"floor":10.0,"key":"Swift Potion"},{"floor":11.0,"key":"Block Potion"},{"floor":13.0,"key":"Explosive Potion"},{"floor":23.0,"key":"Regen Potion"},{"floor":30.0,"key":"PowerPotion"},{"floor":42.0,"key":"FearPotion"},{"floor":44.0,"key":"Fire Potion"},{"floor":48.0,"key":"AttackPotion"}],"is_trial":true,"path_per_floor":["M","M","?","?","$","R","M","M","T","M","E","R","M","E","R","B",null,"M","?","$","?","?","M","$","R","T","M","E","R","E","M","R","B",null,"M","$","?","M","$","R","E","E","T","E","R","M","?","E","R","B",null,"R","$","E","B",null],"character_chosen":"WATCHER","items_purchased":["Master of Strategy","Kunai","ClockworkSouvenir","Vajra"],"campfire_rested":0,"item_purchase_floors":[20,53,53,53],"current_hp_per_floor":[72,72,58,58,58,58,58,54,54,44,44,44,44,32,32,11,67,67,67,67,67,67,59,59,59,59,50,37,37,37,33,33,23,67,67,67,67,67,67,67,67,67,67,81,81,81,81,81,81,81,81,81,81,81,16],"gold":45,"neow_bonus":"","is_daily":false,"chose_seed":false,"campfire_upgraded":9,"win_rate":0.0,"timestamp":1608213059,"path_taken":["M","M","?","?","$","R","?","?","T","M","E","R","M","E","R","BOSS","M","?","$","?","?","M","?","R","T","M","E","R","E","M","R","BOSS","M","$","?","M","$","R","E","E","T","E","R","M","?","E","R","BOSS","R","$","E","BOSS"],"items_purchased_type":["Card","Relic","Relic","Relic"],"build_version":"2020-12-13","purchased_purges":5,"victory":true,"max_hp_per_floor":[72,72,72,67,67,67,67,67,67,67,67,67,67,67,67,67,67,67,67,67,67,67,67,67,67,67,67,67,67,67,67,67,67,67,67,67,67,67,67,67,67,67,67,81,81,81,81,81,81,81,81,81,81,81,81],"card_choices":[{"not_picked":["WaveOfTheHand","Prostrate"],"picked":"Adaptation","floor":1.0},{"not_picked":["Crescendo","CrushJoints"],"picked":"FlurryOfBlows","floor":2.0},{"not_picked":["Study","ForeignInfluence"],"picked":"DeusExMachina","floor":7.0},{"not_picked":["BowlingBash","FlyingSleeves","EmptyBody"],"picked":"SKIP","floor":8.0},{"not_picked":["WindmillStrike","Evaluate","Halt"],"picked":"SKIP","floor":10.0},{"not_picked":["SpiritShield","CutThroughFate"],"picked":"FearNoEvil","floor":11.0},{"not_picked":["ClearTheMind","EmptyFist"],"picked":"Adaptation","floor":13.0},{"not_picked":["ForeignInfluence","WreathOfFlame","WheelKick"],"picked":"SKIP","floor":14.0},{"not_picked":["Devotion","LessonLearned"],"picked":"Vault","floor":16.0},{"not_picked":["Prostrate+1","ClearTheMind","JustLucky+1"],"picked":"SKIP","floor":18.0},{"not_picked":["CrushJoints","Vengeance"],"picked":"TalkToTheHand","floor":23.0},{"not_picked":["BowlingBash","Crescendo","FlurryOfBlows","TalkToTheHand"],"picked":"SKIP","floor":27.0},{"not_picked":["Swivel","EmptyFist","SashWhip","CutThroughFate"],"picked":"SKIP","floor":28.0},{"not_picked":["SandsOfTime","Evaluate","ForeignInfluence","LikeWater"],"picked":"SKIP","floor":30.0},{"not_picked":["ThirdEye","BowlingBash","FlurryOfBlows","WreathOfFlame"],"picked":"SKIP","floor":31.0},{"not_picked":["Blasphemy","DeusExMachina","Omniscience"],"picked":"Scrawl","floor":33.0},{"not_picked":["WreathOfFlame+1","ReachHeaven","Crescendo","Protect"],"picked":"SKIP","floor":35.0},{"not_picked":["Evaluate","Crescendo","BowlingBash+1"],"picked":"TalkToTheHand+1","floor":38.0},{"not_picked":["CutThroughFate","SignatureMove+1","TalkToTheHand","Meditate"],"picked":"SKIP","floor":41.0},{"not_picked":["Adaptation","SignatureMove","FlyingSleeves+1","EmptyBody+1"],"picked":"SKIP","floor":42.0},{"not_picked":["ConjureBlade","Adaptation+1","Consecrate","FlurryOfBlows"],"picked":"SKIP","floor":44.0},{"not_picked":["Evaluate+1","ClearTheMind","Consecrate","JustLucky+1"],"picked":"SKIP","floor":46.0},{"not_picked":["FearNoEvil","CrushJoints","Weave+1"],"picked":"Prostrate+1","floor":48.0},{"not_picked":["SpiritShield","EmptyBody+1","Evaluate+1","SignatureMove"],"picked":"SKIP","floor":54}],"player_experience":944459,"relics_obtained":[{"floor":9.0,"key":"Ornamental Fan"},{"floor":11.0,"key":"Blue Candle"},{"floor":14.0,"key":"Akabeko"},{"floor":26.0,"key":"Question Card"},{"floor":28.0,"key":"Nunchaku"},{"floor":30.0,"key":"Blood Vial"},{"floor":41.0,"key":"The Courier"},{"floor":42.0,"key":"Anchor"},{"floor":44.0,"key":"Mango"},{"floor":47.0,"key":"Old Coin"},{"floor":48.0,"key":"Art of War"},{"floor":54,"key":"CaptainsWheel"}],"event_choices":[{"damage_healed":0.0,"max_hp_gain":0.0,"max_hp_loss":0.0,"gold_gain":0.0,"event_name":"Shining Light","player_choice":"Entered Light","floor":3.0,"gold_loss":0.0,"damage_taken":14.0,"cards_upgraded":["Strike_P","Vigilance"]},{"damage_healed":0.0,"max_hp_gain":0.0,"max_hp_loss":5.0,"gold_gain":0.0,"event_name":"Golden Idol","player_choice":"Lose Max HP","floor":4.0,"gold_loss":0.0,"damage_taken":0.0,"relics_obtained":["Golden Idol"]},{"damage_healed":0.0,"max_hp_gain":0.0,"max_hp_loss":0.0,"gold_gain":0.0,"event_name":"Cursed Tome","player_choice":"Ignored","floor":19.0,"gold_loss":0.0,"damage_taken":0.0},{"damage_healed":0.0,"max_hp_gain":0.0,"max_hp_loss":0.0,"gold_gain":0.0,"event_name":"The Library","player_choice":"Read","floor":21.0,"gold_loss":0.0,"damage_taken":0.0,"cards_obtained":["Wallop"]},{"cards_removed":["Strike_P"],"damage_healed":0.0,"max_hp_gain":0.0,"max_hp_loss":0.0,"gold_gain":0.0,"event_name":"Beggar","player_choice":"Gave Gold","floor":22.0,"gold_loss":75.0,"damage_taken":0.0},{"cards_removed":["Strike_P"],"damage_healed":0.0,"max_hp_gain":0.0,"max_hp_loss":0.0,"gold_gain":0.0,"event_name":"Falling","player_choice":"Removed Attack","floor":37.0,"gold_loss":0.0,"damage_taken":0.0},{"damage_healed":0.0,"max_hp_gain":0.0,"max_hp_loss":0.0,"gold_gain":0.0,"event_name":"Mysterious Sphere","player_choice":"Fight","floor":47.0,"gold_loss":0.0,"damage_taken":0.0}],"is_beta":false,"boss_relics":[{"not_picked":["Coffee Dripper","Calling Bell"],"picked":"VioletLotus"},{"not_picked":["Runic Dome","Cursed Key"],"picked":"Empty Cage"}],"items_purged_floors":[5,20,36,39,53],"is_endless":false,"potions_floor_spawned":[1,7,10,11,13,23,30,42,44,48,54],"ascension_level":1}}