{"host":"p4yrwepmrl4g8pul","time":1608171455,"event":{"mods":["Act Like it!","BaseMod","BetterRewards","Colored Map","Custom Start","Gensokyo","Marisa£®ÏF”Í°°ƒß¿Ì…≥£©","Minty Spire (QoL Compilation)","Quick Restart","Rare Cards Sparkle","Reimu£®≤©¿ˆ¡È√Œ£©","Remilia£®¿Ÿ√◊¿Ú—«£©","Remove Card Discount Mod","Shop Mod","StSLib","The Jungle"],"gold_per_floor":[119,26,26,1,18,18,49,82,162,189,201,201,215,60,60,160,160,178,128,128,145,179,197,208,208,208,221,71,101,101,117,117,212,212,232,232,257,257,71,71,102,143,143,153,86,117,146,182,182,182,182,182,9,43,43],"floor_reached":56,"playtime":2010,"items_purged":["Bash","Defend_R","Strike_G","Zap","Strike_B","Survivor","Eruption","Strike_R","UnstableBomb","Shame","Armaments+1","Iron Wave+1","Hyperbeam","Defend_P+1","Defend_G+1"],"score":1776,"play_id":"39dd7f7e-a1f8-4b87-8bb6-027ccb696986","local_time":"20201217101735","daily_mods":["Chimera","Diverse","DeadlyEvents"],"is_ascension_mode":false,"campfire_choices":[{"data":"Armaments","floor":6.0,"key":"SMITH"},{"data":"Iron Wave","floor":12.0,"key":"SMITH"},{"data":"PowerUp","floor":15.0,"key":"SMITH"},{"data":"Defend_G","floor":30.0,"key":"SMITH"},{"floor":32.0,"key":"RECALL"},{"data":"Deep Breath","floor":40,"key":"SMITH"},{"data":"ForecastOfChange","floor":49,"key":"SMITH"},{"floor":52,"key":"REST"}],"circlet_count":0,"master_deck":["Dagger Spray+1","PowerUp+1","Adrenaline+1","Deep Breath+1","Flame Barrier+1","ForecastOfChange+1","Escape Plan+1","UnstableMagic+1","RainPray2:ReiMu+1","White Noise+1"],"relics":["Burning Blood","Happy Flower","ScarletDevilRocket","Charon\u0027s Ashes","Sundial","Paper Frog","Membership Card","SacredBark","Gensokyo:ConquerorOfFear","Art of War","PureWhite:ReiMu","Pen Nib","Blood Vial","CeramicFish","Akabeko","Chemical X","Orichalcum","Toxic Egg 2","Centennial Puzzle","Potion Belt","Nunchaku","TheAbacus","Lantern","Bottled Lightning"],"acts_visited":["Gensokyo:Gensokyo","Gensokyo:Gensokyoer","TheBeyond","TheEnding"],"potions_floor_usage":[37,48,48,50,55,55],"damage_taken":[{"damage":0.0,"enemies":"Gensokyo:Python","floor":1.0,"turns":2.0},{"damage":0.0,"enemies":"Gensokyo:2_Kodama","floor":5.0,"turns":3.0},{"damage":18.0,"enemies":"Gensokyo:Aya","floor":7.0,"turns":5.0},{"damage":0.0,"enemies":"Gensokyo:Mamizou","floor":8.0,"turns":5.0},{"damage":4.0,"enemies":"Gensokyo:Aya","floor":10.0,"turns":5.0},{"damage":0.0,"enemies":"Gensokyo:Gryphon","floor":11.0,"turns":2.0},{"damage":0.0,"enemies":"Gensokyo:LivingMonolith","floor":13.0,"turns":2.0},{"damage":0.0,"enemies":"Gensokyo:Yukari","floor":16.0,"turns":6.0},{"damage":0.0,"enemies":"Gensokyo:Chomper","floor":18.0,"turns":4.0},{"damage":0.0,"enemies":"Gensokyo:3_Dogs","floor":21.0,"turns":3.0},{"damage":0.0,"enemies":"Gensokyo:Tenshi","floor":22.0,"turns":4.0},{"damage":0.0,"enemies":"Gensokyo:3_Gloops","floor":23.0,"turns":2.0},{"damage":3.0,"enemies":"Gensokyo:Wraith","floor":24.0,"turns":3.0},{"damage":0.0,"enemies":"Gensokyo:Swordslinger","floor":27.0,"turns":4.0},{"damage":6.0,"enemies":"Gensokyo:Reisen","floor":29.0,"turns":3.0},{"damage":0.0,"enemies":"Gensokyo:Chomper_and_Gloop","floor":31.0,"turns":3.0},{"damage":19.0,"enemies":"Gensokyo:Eiki","floor":33.0,"turns":5.0},{"damage":0.0,"enemies":"3 Shapes","floor":35.0,"turns":1.0},{"damage":32,"enemies":"Nemesis","floor":37,"turns":7},{"damage":0,"enemies":"Reptomancer","floor":41,"turns":2},{"damage":0,"enemies":"Giant Head","floor":42,"turns":4},{"damage":0,"enemies":"3 Darklings","floor":44,"turns":1},{"damage":3,"enemies":"Reptomancer","floor":46,"turns":3},{"damage":0,"enemies":"Maw","floor":47,"turns":5},{"damage":0,"enemies":"Nemesis","floor":48,"turns":3},{"damage":0,"enemies":"Donu and Deca","floor":50,"turns":4},{"damage":0,"enemies":"Shield and Spear","floor":54,"turns":1},{"damage":24,"enemies":"The Heart","floor":55,"turns":5}],"seed_played":"6220720161396010930","potions_obtained":[{"floor":5.0,"key":"SpeedPotion"},{"floor":7.0,"key":"Block Potion"},{"floor":10.0,"key":"AttackPotion"},{"floor":22.0,"key":"GrandPatriotsElixir:ReiMu"},{"floor":23.0,"key":"FearPotion"},{"floor":27.0,"key":"LiquidMemories"},{"floor":31.0,"key":"BlessingOfTheForge"},{"floor":37,"key":"SkillPotion"},{"floor":41,"key":"Block Potion"},{"floor":44,"key":"Swift Potion"},{"floor":47,"key":"Regen Potion"},{"floor":54,"key":"GamblersBrew"}],"is_trial":true,"path_per_floor":["M","$","?","$","M","R","E","E","T","E","M","R","M","$","R","B",null,"M","?","?","M","E","M","M","?","T","M","$","E","R","M","R","B",null,"M","?","E","T","$","R","E","E","T","M","$","E","M","E","R","B",null,"R","$","E","B",null],"character_chosen":"IRONCLAD","items_purchased":["Conclude","Dagger Spray","Membership Card","PureWhite:ReiMu","Deep Breath","Akabeko","Chemical X","ForecastOfChange","TheAbacus","Lantern","RainPray2:ReiMu+1"],"campfire_rested":1,"item_purchase_floors":[2,4,14,28,39,39,39,45,53,53,53],"current_hp_per_floor":[80,80,80,80,80,80,68,74,74,76,80,80,80,80,80,80,80,80,87,87,87,87,87,87,87,87,87,87,87,87,87,87,74,87,87,87,61,61,61,61,69,77,77,85,85,87,87,87,87,87,87,87,87,87,87],"gold":43,"neow_bonus":"","is_daily":false,"chose_seed":false,"campfire_upgraded":6,"win_rate":0.0,"timestamp":1608171455,"path_taken":["M","$","?","$","M","R","E","?","T","?","M","R","?","$","R","BOSS","M","?","?","M","?","M","M","?","T","M","$","E","R","M","R","BOSS","M","?","?","?","$","R","E","?","T","M","$","?","?","?","R","BOSS","R","$","E","BOSS"],"items_purchased_type":["Card","Card","Relic","Relic","Card","Relic","Relic","Card","Relic","Relic","Card"],"build_version":"2020-12-13","purchased_purges":15,"victory":true,"max_hp_per_floor":[80,80,80,80,80,80,80,80,80,80,80,80,80,80,80,80,80,80,87,87,87,87,87,87,87,87,87,87,87,87,87,87,87,87,87,87,87,87,87,87,87,87,87,87,87,87,87,87,87,87,87,87,87,87,87],"card_choices":[{"not_picked":["Ball Lightning","Heavy Blade"],"picked":"Armaments","floor":1.0},{"not_picked":["EventHorizon","Go for the Eyes","InnerPeace"],"picked":"SKIP","floor":5.0},{"not_picked":["Wild Strike","Leg Sweep","Dagger Throw"],"picked":"SKIP","floor":7.0},{"not_picked":["EnergyRecoil","AbsoluteMagnitude"],"picked":"PowerUp","floor":8.0},{"not_picked":["VampireSweep","ManaGlint:ReiMu","Perseverance"],"picked":"SKIP","floor":10.0},{"not_picked":["CareerPray:ReiMu","Ball Lightning"],"picked":"Iron Wave","floor":11.0},{"not_picked":["EmptyFist","IllusionStar"],"picked":"UnstableBomb","floor":13.0},{"not_picked":["Inflame+1","BloodHunter+1","Worship"],"picked":"SKIP","floor":18.0},{"not_picked":["SafetyPray:ReiMu","Cleave+1","Body Slam"],"picked":"SKIP","floor":21.0},{"not_picked":["DiffusionOfMisfortune+1","Steam","6A"],"picked":"SKIP","floor":22.0},{"not_picked":["DiffusionOfMisfortune","Deadly Poison"],"picked":"Adrenaline","floor":23.0},{"not_picked":["Dagger Throw","Intuition:ReiMu","AsteroidBelt"],"picked":"SKIP","floor":24.0},{"not_picked":["Armaments+1","Deadly Poison+1","Melter"],"picked":"SKIP","floor":27.0},{"not_picked":["Flying Knee","VampireFantasy","CareerPray:ReiMu"],"picked":"SKIP","floor":29.0},{"not_picked":["Havoc+1","EmptyMind","DarkSpark+1"],"picked":"SKIP","floor":31.0},{"not_picked":["Rainbow","Thunder Strike"],"picked":"Hyperbeam","floor":33.0},{"not_picked":["ScarletImprint","Intimidate","Anger+1"],"picked":"SKIP","floor":35.0},{"not_picked":["SpringWay:ReiMu","Redo+1","Melter"],"picked":"SKIP","floor":37},{"not_picked":["True Grit+1","DeepEcoloBomb","Flex+1"],"picked":"SKIP","floor":41},{"not_picked":["TightArray:ReiMu","MillenniumVampire+1"],"picked":"Flame Barrier+1","floor":42},{"not_picked":["Clash","Second Wind+1","VampireKiss"],"picked":"SKIP","floor":44},{"not_picked":["PayForSelf:ReiMu","Power Through+1","Rupture+1"],"picked":"SKIP","floor":46},{"not_picked":["EmptyFist","FinalSpark"],"picked":"Escape Plan+1","floor":47},{"not_picked":["ClearTheMind+1","UnderTheZenith+1"],"picked":"UnstableMagic+1","floor":48},{"not_picked":["SporeBomb+1","DiffusionOfMisfortune"],"picked":"White Noise+1","floor":54}],"player_experience":713665,"relics_obtained":[{"floor":7.0,"key":"ScarletDevilRocket"},{"floor":8.0,"key":"Charon\u0027s Ashes"},{"floor":9.0,"key":"Sundial"},{"floor":10.0,"key":"Paper Frog"},{"floor":21.0,"key":"Gensokyo:ConquerorOfFear"},{"floor":22.0,"key":"Art of War"},{"floor":29.0,"key":"Pen Nib"},{"floor":37,"key":"Blood Vial"},{"floor":38,"key":"CeramicFish"},{"floor":41,"key":"Orichalcum"},{"floor":42,"key":"Toxic Egg 2"},{"floor":43,"key":"Centennial Puzzle"},{"floor":46,"key":"Potion Belt"},{"floor":48,"key":"Nunchaku"},{"floor":54,"key":"Bottled Lightning"}],"event_choices":[{"damage_healed":0.0,"max_hp_gain":0.0,"max_hp_loss":0.0,"gold_gain":0.0,"event_name":"Transmorgrifier","player_choice":"Ignored","floor":36.0,"gold_loss":0.0,"damage_taken":0.0}],"is_beta":false,"boss_relics":[{"not_picked":["Sozu","Astrolabe"],"picked":"SacredBark"},{"not_picked":["Empty Cage","Calling Bell","Runic Dome"]}],"items_purged_floors":[2,2,2,2,2,2,14,14,14,28,28,39,45,53,53],"is_endless":false,"potions_floor_spawned":[5,7,10,11,22,23,27,31,37,41,44,47,54],"ascension_level":0}}