{"host":"s16kfpesqt7yg83z","time":1608178748,"event":{"mods":["Act Like it!","BaseMod","Colored Map","DeckTracker","Downfall","Minty Spire (QoL Compilation)","Permanent Neow","Quick Restart","StSLib"],"gold_per_floor":[99,117,137,137,150,163,186,200,234,159,172,157,157,169,181,181,181],"floor_reached":16,"playtime":836,"items_purged":[],"score":106,"play_id":"d5e113ee-9e0a-408f-be78-18b841342d0d","local_time":"20201217131908","is_ascension_mode":false,"campfire_choices":[{"data":"champ:Taunt","floor":1.0,"key":"SMITH"},{"data":"champ:RecklessLeap","floor":10,"key":"SMITH"}],"circlet_count":0,"master_deck":["champ:Strike","champ:Strike","champ:Strike","champ:Defend","champ:Defend","champ:Defend","champ:Defend","champ:Execute","champ:Taunt+1","champ:RecklessLeap+1","champ:Riposte","champ:FanOfKnives","champ:BerserkerStyle","champ:BringItOn","champ:ArenaPreparation","champ:SkillfulDodge"],"relics":["champ:ChampionCrown","Tiny Chest","Vajra","downfall:HeartBlessingBlue","downfall:BrokenWingStatue"],"acts_visited":["Exordium"],"potions_floor_usage":[],"damage_taken":[{"damage":5.0,"enemies":"Cultist","floor":2.0,"turns":3.0},{"damage":20.0,"enemies":"Small Slimes","floor":3.0,"turns":2.0},{"damage":20.0,"enemies":"Jaw Worm","floor":5.0,"turns":3.0},{"damage":23.0,"enemies":"Lots of Slimes","floor":6.0,"turns":3.0},{"damage":41.0,"enemies":"Blue Slaver","floor":8.0,"turns":5.0},{"damage":56.0,"enemies":"Lagavulin","floor":9.0,"turns":10.0},{"damage":25,"enemies":"Exordium Thugs","floor":11,"turns":4},{"damage":36,"enemies":"downfall:FleeingMerchant","floor":12,"turns":4},{"damage":35,"enemies":"3 Louse","floor":14,"turns":4},{"damage":20,"enemies":"Exordium Wildlife","floor":15,"turns":4},{"damage":84,"enemies":"downfall:Defect","floor":16,"turns":5}],"seed_played":"9087553275297042741","potions_obtained":[{"floor":5.0,"key":"PowerPotion"},{"floor":14,"key":"SneckoOil"},{"floor":15,"key":"SmokeBomb"}],"is_trial":false,"path_per_floor":["R","M","M","?","M","M","T","M","E","R","M","$","?","M","M","B"],"character_chosen":"THE_CHAMP","items_purchased":[],"campfire_rested":0,"item_purchase_floors":[],"current_hp_per_floor":[90,90,90,90,88,83,83,65,43,53,53,53,53,53,51,0,0],"gold":181,"neow_bonus":"RANDOM_COMMON_RELIC","is_daily":false,"chose_seed":false,"campfire_upgraded":2,"win_rate":0.0,"timestamp":1608178748,"path_taken":["R","M","?","?","M","M","T","M","E","R","M","$","?","M","M","BOSS"],"items_purchased_type":[],"build_version":"2020-12-13","purchased_purges":0,"victory":false,"max_hp_per_floor":[90,90,90,90,90,90,90,90,90,100,100,100,100,100,100,100,100],"card_choices":[{"not_picked":["champ:Encircle","champ:SkillfulDodge"],"picked":"champ:RecklessLeap","floor":2.0},{"not_picked":["champ:Circumvent","champ:Lariat"],"picked":"champ:Riposte","floor":3.0},{"not_picked":["champ:BerserkersShout","champ:StanceDance"],"picked":"champ:FanOfKnives","floor":5.0},{"not_picked":["champ:PerfectedStrike","champ:Encircle","champ:StanceDance"],"picked":"SKIP","floor":6.0},{"not_picked":["champ:Lariat","champ:FocusedBerserking"],"picked":"champ:BerserkerStyle","floor":8.0},{"not_picked":["champ:EnragedBash","champ:ViciousMockery"],"picked":"champ:BringItOn","floor":9.0},{"not_picked":["champ:FlashCut","champ:PreciseThrust"],"picked":"champ:ArenaPreparation","floor":11},{"not_picked":["champ:GutPunch","champ:PreciseThrust"],"picked":"champ:SkillfulDodge","floor":12},{"not_picked":["champ:TornadoPunch","champ:AdrenalArmor","champ:FanOfKnives"],"picked":"SKIP","floor":14},{"not_picked":["champ:BerserkersShout","champ:EnGarde","champ:FlashCut"],"picked":"SKIP","floor":15}],"player_experience":1408988,"relics_obtained":[{"floor":9.0,"key":"Vajra"}],"event_choices":[],"is_beta":false,"boss_relics":[],"items_purged_floors":[],"is_endless":false,"potions_floor_spawned":[5,14,15],"killed_by":"downfall:Defect","ascension_level":0}}