{"host":"a9gsz7kv8aebwp1f","time":1608170994,"event":{"mods":["AchievementEnabler","BaseMod","Minty Spire (QoL Compilation)"],"gold_per_floor":[114,214,232,248,314,340,340,360,360,372,391,391,410,421,421,421,421],"floor_reached":16,"playtime":615,"items_purged":[],"score":170,"play_id":"b3bf6dc8-7b40-4925-b742-71ffd1e235d6","local_time":"20201217110954","is_ascension_mode":true,"campfire_choices":[{"floor":7,"key":"REST"},{"floor":15,"key":"REST"}],"circlet_count":0,"master_deck":["AscendersBane","Strike_B","Strike_B","Strike_B","Strike_B","Defend_B","Defend_B","Defend_B","Defend_B","Zap","Dualcast","Hyperbeam","Reprogram","Sunder","Steam","Leap","Stack","Hologram","Leap","Leap"],"relics":["Cracked Core","Incense Burner","White Beast Statue","Cables"],"acts_visited":["Exordium"],"potions_floor_usage":[10,11,16,16],"damage_taken":[{"damage":0,"enemies":"2 Louse","floor":1,"turns":1},{"damage":6,"enemies":"Cultist","floor":3,"turns":3},{"damage":12,"enemies":"Jaw Worm","floor":4,"turns":2},{"damage":35,"enemies":"Gremlin Nob","floor":6,"turns":5},{"damage":1,"enemies":"Exordium Wildlife","floor":8,"turns":3},{"damage":14,"enemies":"Exordium Thugs","floor":10,"turns":5},{"damage":0,"enemies":"Blue Slaver","floor":11,"turns":5},{"damage":0,"enemies":"Looter","floor":13,"turns":2},{"damage":0,"enemies":"Large Slime","floor":14,"turns":4},{"damage":54,"enemies":"The Guardian","floor":16,"turns":13}],"seed_played":"2930255931750428016","potions_obtained":[{"floor":1,"key":"AttackPotion"},{"floor":8,"key":"Swift Potion"},{"floor":10,"key":"Dexterity Potion"},{"floor":11,"key":"PowerPotion"}],"is_trial":false,"path_per_floor":["M","?","M","M","?","E","R","M","T","M","M","T","M","M","R","B"],"character_chosen":"DEFECT","items_purchased":[],"campfire_rested":2,"item_purchase_floors":[],"current_hp_per_floor":[68,68,62,50,50,15,37,36,36,22,22,22,22,22,44,0,0],"gold":421,"neow_bonus":"ONE_RANDOM_RARE_CARD","is_daily":false,"chose_seed":false,"campfire_upgraded":0,"win_rate":0.0,"timestamp":1608170994,"path_taken":["M","?","M","?","?","E","R","M","T","M","M","?","?","M","R","BOSS"],"items_purchased_type":[],"build_version":"2020-12-13","purchased_purges":0,"victory":false,"max_hp_per_floor":[75,75,75,75,75,75,75,75,75,75,75,75,75,75,75,75,75],"card_choices":[{"not_picked":["Recycle","Cold Snap"],"picked":"Reprogram","floor":1},{"not_picked":["Ball Lightning","Chaos"],"picked":"Sunder","floor":3},{"not_picked":["Tempest","Cold Snap"],"picked":"Steam","floor":4},{"not_picked":["Steam Power","Cold Snap"],"picked":"Leap","floor":6},{"not_picked":["Go for the Eyes","Streamline"],"picked":"Stack","floor":8},{"not_picked":["Machine Learning","Capacitor","Barrage"],"picked":"SKIP","floor":10},{"not_picked":["Blizzard","Loop"],"picked":"Hologram","floor":11},{"not_picked":["Force Field","Scrape"],"picked":"Leap","floor":13},{"not_picked":["Steam","Rebound"],"picked":"Leap","floor":14}],"player_experience":430063,"relics_obtained":[{"floor":6,"key":"Incense Burner"},{"floor":9,"key":"White Beast Statue"},{"floor":12,"key":"Cables"}],"event_choices":[{"damage_healed":0,"gold_gain":100,"player_choice":"Pray","damage_taken":0,"max_hp_gain":0,"max_hp_loss":0,"event_name":"Golden Shrine","floor":2,"gold_loss":0},{"damage_healed":0,"gold_gain":66,"player_choice":"Gained Gold","damage_taken":0,"max_hp_gain":0,"max_hp_loss":0,"event_name":"Golden Wing","floor":5,"gold_loss":0}],"is_beta":false,"boss_relics":[],"items_purged_floors":[],"is_endless":false,"potions_floor_spawned":[1,8,10,11,13,14],"killed_by":"The Guardian","ascension_level":12}}