{"host":"by3dnjj711vo194a","time":1608200701,"event":{"mods":["2.2 Compatiblity","AchievementEnabler","BaseMod","Colored Map","DeckTracker","KOR Keyword Fix","Keyboard Shortcuts","Minty Spire (QoL Compilation)","Permanent Neow","Quick Restart","StSLib","SuperFastMode","everything is the same but u backflip on backflip"],"gold_per_floor":[114,127,138,152,132,160,160,186,186,186,201,201,242,242,242,368,368,391,409,409,334,352,352,393,409,433,471,495,519,544,544,544,673,673,688,688,708,721,721,721,741,741,741],"floor_reached":42,"playtime":1865,"items_purged":["Strike_R"],"score":611,"play_id":"8de109f3-c4ea-4afb-a191-6d562a40fda5","local_time":"20201217192501","is_ascension_mode":true,"campfire_choices":[{"data":"Perfected Strike","floor":7.0,"key":"SMITH"},{"data":"Seeing Red","floor":10.0,"key":"SMITH"},{"floor":15.0,"key":"REST"},{"data":"Pommel Strike","floor":23.0,"key":"SMITH"},{"floor":32.0,"key":"REST"},{"data":"Armaments","floor":40.0,"key":"SMITH"}],"circlet_count":0,"master_deck":["Strike_R","Strike_R","Defend_R","Defend_R","Bash","Armaments+1","Perfected Strike+1","Wild Strike","Carnage","Seeing Red+1","Pommel Strike+1","Exhume","Double Tap","Power Through+1","Corruption+1","Intimidate+1","Shockwave","Bloodletting","True Grit","Uppercut+1","Flex","Impervious","Burning Pact+1","Pommel Strike+1","Perfected Strike+1","Wild Strike+1","Immolate"],"relics":["Burning Blood","NeowsBlessing","Akabeko","InkBottle","Self Forming Clay","Golden Idol","Eternal Feather","Astrolabe","Bird Faced Urn","Blood Vial","Matryoshka","Black Star"],"acts_visited":["Exordium","TheCity","TheBeyond"],"potions_floor_usage":[],"damage_taken":[{"damage":0.0,"enemies":"Jaw Worm","floor":1.0,"turns":1.0},{"damage":0.0,"enemies":"Cultist","floor":2.0,"turns":1.0},{"damage":0.0,"enemies":"Small Slimes","floor":3.0,"turns":1.0},{"damage":24.0,"enemies":"2 Fungi Beasts","floor":4.0,"turns":5.0},{"damage":25.0,"enemies":"Lagavulin","floor":6.0,"turns":6.0},{"damage":16.0,"enemies":"Gremlin Nob","floor":8.0,"turns":3.0},{"damage":13.0,"enemies":"Blue Slaver","floor":11.0,"turns":2.0},{"damage":0.0,"enemies":"3 Sentries","floor":13.0,"turns":5.0},{"damage":7.0,"enemies":"Slime Boss","floor":16.0,"turns":7.0},{"damage":0.0,"enemies":"Spheric Guardian","floor":18.0,"turns":2.0},{"damage":21.0,"enemies":"Shell Parasite","floor":19.0,"turns":5.0},{"damage":15.0,"enemies":"Snake Plant","floor":22.0,"turns":4.0},{"damage":25.0,"enemies":"Book of Stabbing","floor":24.0,"turns":4.0},{"damage":17.0,"enemies":"Centurion and Healer","floor":25.0,"turns":5.0},{"damage":19.0,"enemies":"Gremlin Leader","floor":27.0,"turns":4.0},{"damage":11.0,"enemies":"3 Cultists","floor":28.0,"turns":5.0},{"damage":20.0,"enemies":"Shelled Parasite and Fungi","floor":29.0,"turns":3.0},{"damage":21.0,"enemies":"Snake Plant","floor":30.0,"turns":3.0},{"damage":100.0,"enemies":"Automaton","floor":33.0,"turns":11.0},{"damage":37.0,"enemies":"3 Shapes","floor":35.0,"turns":3.0},{"damage":38.0,"enemies":"3 Darklings","floor":37.0,"turns":7.0},{"damage":3.0,"enemies":"Sphere and 2 Shapes","floor":38.0,"turns":3.0},{"damage":0.0,"enemies":"Writhing Mass","floor":39.0,"turns":2.0},{"damage":25,"enemies":"4 Shapes","floor":41,"turns":7},{"damage":46,"enemies":"Spire Growth","floor":42,"turns":4}],"seed_played":"-7164499922875985843","potions_obtained":[{"floor":3.0,"key":"Block Potion"},{"floor":4.0,"key":"SpeedPotion"},{"floor":5.0,"key":"CultistPotion"},{"floor":13.0,"key":"ColorlessPotion"},{"floor":16.0,"key":"Weak Potion"},{"floor":18.0,"key":"Explosive Potion"},{"floor":20.0,"key":"DuplicationPotion"},{"floor":20.0,"key":"GamblersBrew"},{"floor":22.0,"key":"Dexterity Potion"},{"floor":28.0,"key":"BloodPotion"},{"floor":30.0,"key":"EntropicBrew"},{"floor":35.0,"key":"SmokeBomb"},{"floor":37.0,"key":"GamblersBrew"}],"is_trial":false,"path_per_floor":["M","M","M","M","?","E","R","E","T","R","M","?","E","?","R","B",null,"M","M","?","$","M","R","E","M","T","E","M","M","M","?","R","B",null,"M","?","M","M","M","R","M","M"],"character_chosen":"IRONCLAD","items_purchased":[],"campfire_rested":2,"item_purchase_floors":[],"current_hp_per_floor":[80,80,80,62,62,43,43,33,33,33,26,6,12,12,45,44,71,77,62,62,62,53,62,43,34,34,25,24,12,17,43,79,53,73,44,44,16,23,33,48,33,0,0],"gold":741,"neow_bonus":"THREE_ENEMY_KILL","is_daily":false,"chose_seed":false,"campfire_upgraded":4,"win_rate":0.0,"timestamp":1608200701,"path_taken":["M","M","M","M","?","E","R","E","T","R","?","?","E","?","R","BOSS","M","M","?","$","M","R","E","M","T","E","M","?","M","?","R","BOSS","M","?","M","?","M","R","M","M"],"items_purchased_type":[],"build_version":"2020-12-13","purchased_purges":1,"victory":false,"max_hp_per_floor":[80,80,80,80,80,80,80,80,80,80,80,80,80,80,80,80,80,80,80,80,80,80,80,80,80,80,80,80,80,80,80,80,80,80,80,80,80,80,80,80,80,80,80],"card_choices":[{"not_picked":["Rupture","Disarm"],"picked":"Armaments","floor":1.0},{"not_picked":["Anger","Wild Strike"],"picked":"Perfected Strike","floor":2.0},{"not_picked":["Infernal Blade","Intimidate"],"picked":"Wild Strike","floor":3.0},{"not_picked":["Uppercut","Sword Boomerang"],"picked":"Carnage","floor":4.0},{"not_picked":["Rage","Anger","Iron Wave"],"picked":"SKIP","floor":6.0},{"not_picked":["Disarm","Burning Pact"],"picked":"Seeing Red","floor":8.0},{"not_picked":["Rupture","Bloodletting"],"picked":"Pommel Strike","floor":11.0},{"not_picked":["Inflame","Evolve"],"picked":"Exhume","floor":13.0},{"not_picked":["Barricade","Limit Break"],"picked":"Double Tap","floor":16.0},{"not_picked":["Metallicize","Headbutt+1","Evolve"],"picked":"SKIP","floor":18.0},{"not_picked":["Body Slam","Iron Wave"],"picked":"Shockwave","floor":19.0},{"not_picked":["Clothesline","Flex"],"picked":"Bloodletting","floor":22.0},{"not_picked":["Clothesline","Body Slam","Havoc"],"picked":"SKIP","floor":24.0},{"not_picked":["Reckless Charge+1","Infernal Blade"],"picked":"True Grit","floor":25.0},{"not_picked":["Anger","Iron Wave","Sever Soul+1"],"picked":"SKIP","floor":27.0},{"not_picked":["Havoc+1","Intimidate","Rupture"],"picked":"SKIP","floor":28.0},{"not_picked":["Searing Blow","Cleave+1"],"picked":"Uppercut+1","floor":29.0},{"not_picked":["Twin Strike+1","Metallicize"],"picked":"Flex","floor":30.0},{"not_picked":["Barricade","Corruption"],"picked":"Impervious","floor":33.0},{"not_picked":["Iron Wave+1","True Grit"],"picked":"Burning Pact+1","floor":35.0},{"not_picked":["Body Slam+1","Intimidate+1"],"picked":"Perfected Strike+1","floor":37.0},{"not_picked":["Clothesline","Cleave"],"picked":"Wild Strike+1","floor":38.0},{"not_picked":["Perfected Strike","Reckless Charge+1"],"picked":"Immolate","floor":41}],"player_experience":138779,"relics_obtained":[{"floor":6.0,"key":"Akabeko"},{"floor":8.0,"key":"InkBottle"},{"floor":9.0,"key":"Self Forming Clay"},{"floor":13.0,"key":"Eternal Feather"},{"floor":24.0,"key":"Bird Faced Urn"},{"floor":26.0,"key":"Blood Vial"},{"floor":27.0,"key":"Matryoshka"}],"event_choices":[{"damage_healed":0.0,"max_hp_gain":0.0,"max_hp_loss":0.0,"gold_gain":0.0,"event_name":"The Woman in Blue","player_choice":"Bought 1 Potion","floor":5.0,"gold_loss":0.0,"damage_taken":0.0},{"damage_healed":0.0,"max_hp_gain":0.0,"max_hp_loss":0.0,"gold_gain":0.0,"event_name":"Golden Idol","player_choice":"Take Damage","floor":12.0,"gold_loss":0.0,"damage_taken":20.0,"relics_obtained":["Golden Idol"]},{"cards_removed":["Strike_R"],"damage_healed":0.0,"max_hp_gain":0.0,"max_hp_loss":0.0,"gold_gain":0.0,"event_name":"Living Wall","player_choice":"Forget","floor":14.0,"gold_loss":0.0,"damage_taken":0.0},{"damage_healed":0.0,"max_hp_gain":0.0,"max_hp_loss":0.0,"gold_gain":0.0,"event_name":"Lab","player_choice":"Got Potions","floor":20.0,"gold_loss":0.0,"damage_taken":0.0},{"damage_healed":26.0,"max_hp_gain":0.0,"max_hp_loss":0.0,"gold_gain":0.0,"event_name":"The Library","player_choice":"Heal","floor":31.0,"gold_loss":0.0,"damage_taken":0.0},{"damage_healed":0.0,"max_hp_gain":0.0,"max_hp_loss":0.0,"gold_gain":0.0,"event_name":"Duplicator","player_choice":"Copied","floor":36.0,"gold_loss":0.0,"damage_taken":0.0,"cards_obtained":["Pommel Strike"]}],"is_beta":false,"boss_relics":[{"not_picked":["Velvet Choker","Ectoplasm"],"picked":"Astrolabe"},{"not_picked":["Coffee Dripper","Mark of Pain"],"picked":"Black Star"}],"items_purged_floors":[21],"is_endless":false,"potions_floor_spawned":[3,4,13,16,18,22,24,28,30,35,37],"killed_by":"Spire Growth","ascension_level":5}}