{"host":"Rich","time":1608231349,"event":{"mods":["AchievementEnabler","BaseMod","Highlight Path","Minty Spire (QoL Compilation)","Relic Stats"],"gold_per_floor":[116,136,136,136,148,160,507,538,575,601,613,613],"floor_reached":11,"playtime":373,"items_purged":[],"score":146,"play_id":"e9af7801-e3ac-4779-b0f1-62fa1c13ba39","local_time":"20201217135549","is_ascension_mode":true,"campfire_choices":[{"floor":6,"key":"REST"}],"circlet_count":0,"master_deck":["AscendersBane","Strike_G","Strike_G","Strike_G","Strike_G","Defend_G","Defend_G","Defend_G","Defend_G","Defend_G","Survivor","Neutralize","A Thousand Cuts","Endless Agony","Infinite Blades","Crippling Poison","Cloak And Dagger","Footwork"],"relics":["Ring of the Snake","MawBank","Old Coin","Blood Vial"],"acts_visited":["Exordium"],"potions_floor_usage":[11,11],"damage_taken":[{"damage":0,"enemies":"Cultist","floor":1,"turns":5},{"damage":6,"enemies":"Small Slimes","floor":2,"turns":5},{"damage":24,"enemies":"3 Sentries","floor":7,"turns":8},{"damage":4,"enemies":"Jaw Worm","floor":8,"turns":5},{"damage":7,"enemies":"Large Slime","floor":10,"turns":6},{"damage":44,"enemies":"Gremlin Nob","floor":11,"turns":4}],"seed_played":"780106380572695795","potions_obtained":[{"floor":2,"key":"Swift Potion"},{"floor":7,"key":"Strength Potion"}],"is_trial":false,"path_per_floor":["M","M","?","?","?","R","E","M","T","M","E"],"character_chosen":"THE_SILENT","items_purchased":[],"campfire_rested":1,"item_purchase_floors":[],"current_hp_per_floor":[59,53,58,32,32,53,29,25,25,20,0,0],"gold":613,"neow_bonus":"ONE_RANDOM_RARE_CARD","is_daily":false,"chose_seed":false,"campfire_upgraded":0,"win_rate":0.0,"timestamp":1608231349,"path_taken":["M","M","?","?","?","R","E","M","T","?","E"],"items_purchased_type":[],"build_version":"2020-12-07","purchased_purges":0,"victory":false,"max_hp_per_floor":[66,66,71,71,71,71,71,71,71,71,71,71],"relic_stats":{"Blood Vial":4,"counters":[6,33],"MawBank":84,"obtain_stats":[{"Blood Vial":9,"MawBank":4,"Ring of the Snake":0,"Old Coin":7},{"Blood Vial":4,"MawBank":2,"Ring of the Snake":0,"Old Coin":3},{"Blood Vial":23,"MawBank":10,"Ring of the Snake":0,"Old Coin":18}],"Ring of the Snake":[12]},"card_choices":[{"not_picked":["Flying Knee","Terror"],"picked":"Endless Agony","floor":1},{"not_picked":["Dodge and Roll","Heel Hook"],"picked":"Infinite Blades","floor":2},{"not_picked":["Backflip","Well Laid Plans"],"picked":"Crippling Poison","floor":7},{"not_picked":["Bane","Quick Slash"],"picked":"Cloak And Dagger","floor":8},{"not_picked":["Dagger Throw","Quick Slash"],"picked":"Footwork","floor":10}],"player_experience":1910272,"relics_obtained":[{"floor":7,"key":"Old Coin"},{"floor":9,"key":"Blood Vial"}],"event_choices":[{"damage_healed":0,"gold_gain":0,"player_choice":"Donut","damage_taken":0,"max_hp_gain":5,"max_hp_loss":0,"event_name":"Big Fish","floor":3,"gold_loss":0},{"damage_healed":0,"gold_gain":0,"player_choice":"Success","damage_taken":26,"relics_obtained":["MawBank"],"max_hp_gain":0,"max_hp_loss":0,"event_name":"Scrap Ooze","floor":4,"gold_loss":0},{"cards_removed":["Strike_G"],"damage_healed":0,"gold_gain":0,"player_choice":"Purged","damage_taken":0,"max_hp_gain":0,"max_hp_loss":0,"event_name":"Purifier","floor":5,"gold_loss":0}],"is_beta":true,"boss_relics":[],"items_purged_floors":[],"is_endless":false,"potions_floor_spawned":[2,7,10],"killed_by":"Gremlin Nob","ascension_level":20}}