{"host":"by3dnjj711vo194a","time":1608170522,"event":{"mods":["2.2 Compatiblity","AchievementEnabler","BaseMod","Colored Map","DeckTracker","KOR Keyword Fix","Keyboard Shortcuts","Minty Spire (QoL Compilation)","Permanent Neow","Quick Restart","StSLib","SuperFastMode","everything is the same but u backflip on backflip"],"gold_per_floor":[113,129,149,166,177,177,202,218,244,273,45,76,96,116,116,214,214,229,264,264,264,264,264,264,264],"floor_reached":24,"playtime":1002,"items_purged":["Defend_R"],"score":240,"play_id":"9dca550b-1e7f-459a-bb44-07e68f49cb24","local_time":"20201217110202","is_ascension_mode":true,"campfire_choices":[{"data":"Seeing Red","floor":6.0,"key":"SMITH"},{"floor":15.0,"key":"REST"},{"floor":23,"key":"REST"}],"circlet_count":0,"master_deck":["Strike_R","Strike_R","Defend_R","Defend_R","Bash","Ghostly Armor","Seeing Red+1","Fire Breathing","Twin Strike","Carnage","Shrug It Off","Pommel Strike","Double Tap+1","Demon Form","True Grit+1","Seeing Red+1"],"relics":["Burning Blood","Letter Opener","Juzu Bracelet","Blood Vial","Ancient Tea Set","Omamori","Empty Cage","Red Mask"],"acts_visited":["Exordium","TheCity"],"potions_floor_usage":[19],"damage_taken":[{"damage":4.0,"enemies":"Small Slimes","floor":1.0,"turns":4.0},{"damage":6.0,"enemies":"Cultist","floor":2.0,"turns":3.0},{"damage":13.0,"enemies":"Jaw Worm","floor":3.0,"turns":4.0},{"damage":13.0,"enemies":"Red Slaver","floor":4.0,"turns":5.0},{"damage":24.0,"enemies":"Blue Slaver","floor":5.0,"turns":5.0},{"damage":34.0,"enemies":"Gremlin Nob","floor":7.0,"turns":5.0},{"damage":4.0,"enemies":"2 Fungi Beasts","floor":8.0,"turns":3.0},{"damage":16.0,"enemies":"Lagavulin","floor":10.0,"turns":4.0},{"damage":11.0,"enemies":"Gremlin Nob","floor":12.0,"turns":3.0},{"damage":0.0,"enemies":"Red Slaver","floor":13.0,"turns":2.0},{"damage":11.0,"enemies":"Blue Slaver","floor":14.0,"turns":3.0},{"damage":80.0,"enemies":"Hexaghost","floor":16.0,"turns":12.0},{"damage":36.0,"enemies":"3 Byrds","floor":18.0,"turns":6.0},{"damage":39,"enemies":"Masked Bandits","floor":19,"turns":4},{"damage":56,"enemies":"Gremlin Leader","floor":24,"turns":6}],"seed_played":"-440557611973452898","potions_obtained":[{"floor":1.0,"key":"Weak Potion"},{"floor":2.0,"key":"BlessingOfTheForge"},{"floor":8.0,"key":"SteroidPotion"},{"floor":14.0,"key":"SkillPotion"},{"floor":16.0,"key":"Explosive Potion"},{"floor":19,"key":"Explosive Potion"}],"is_trial":false,"path_per_floor":["M","M","M","M","M","R","E","M","T","E","$","E","M","M","R","B",null,"M","?","?","?","?","R","E"],"character_chosen":"IRONCLAD","items_purchased":["Ancient Tea Set"],"campfire_rested":2,"item_purchase_floors":[11],"current_hp_per_floor":[80,80,73,66,48,48,20,22,22,12,12,9,17,14,38,16,80,50,19,19,19,19,43,0,0],"gold":264,"neow_bonus":"TRANSFORM_CARD","is_daily":false,"chose_seed":false,"campfire_upgraded":1,"win_rate":0.0,"timestamp":1608170522,"path_taken":["M","M","M","M","M","R","E","M","T","E","$","E","M","M","R","BOSS","M","?","?","?","?","R","E"],"items_purchased_type":["Relic"],"build_version":"2020-12-13","purchased_purges":1,"victory":false,"max_hp_per_floor":[80,80,80,80,80,80,80,80,80,80,80,80,80,80,80,80,80,80,80,80,80,80,80,80,80],"card_choices":[{"not_picked":["Bloodletting","Rage"],"picked":"Seeing Red","floor":1.0},{"not_picked":["Heavy Blade","Perfected Strike","Dropkick"],"picked":"SKIP","floor":2.0},{"not_picked":["Pummel","Warcry","Flex"],"picked":"SKIP","floor":3.0},{"not_picked":["Rage","Searing Blow"],"picked":"Fire Breathing","floor":4.0},{"not_picked":["Anger","Wild Strike"],"picked":"Twin Strike","floor":5.0},{"not_picked":["Offering","Twin Strike"],"picked":"Carnage","floor":7.0},{"not_picked":["Clothesline","Sever Soul","Combust"],"picked":"SKIP","floor":8.0},{"not_picked":["Body Slam","Combust"],"picked":"Shrug It Off","floor":10.0},{"not_picked":["Sword Boomerang","Sever Soul","Armaments"],"picked":"SKIP","floor":12.0},{"not_picked":["True Grit","Metallicize"],"picked":"Pommel Strike","floor":13.0},{"not_picked":["Intimidate","Perfected Strike"],"picked":"Double Tap","floor":14.0},{"not_picked":["Berserk","Offering"],"picked":"Demon Form","floor":16.0},{"not_picked":["Iron Wave","Pommel Strike"],"picked":"True Grit+1","floor":18.0}],"player_experience":127324,"relics_obtained":[{"floor":7.0,"key":"Letter Opener"},{"floor":9.0,"key":"Juzu Bracelet"},{"floor":10.0,"key":"Blood Vial"},{"floor":12.0,"key":"Omamori"},{"floor":19,"key":"Red Mask"}],"event_choices":[{"damage_healed":0,"gold_gain":0,"player_choice":"Fought Bandits","damage_taken":0,"max_hp_gain":0,"max_hp_loss":0,"event_name":"Masked Bandits","floor":19,"gold_loss":0},{"damage_healed":0,"gold_gain":0,"player_choice":"Copied","damage_taken":0,"max_hp_gain":0,"max_hp_loss":0,"event_name":"Duplicator","floor":20,"gold_loss":0,"cards_obtained":["Seeing Red"]},{"cards_removed":["Strike_R"],"damage_healed":0,"gold_gain":0,"player_choice":"Elegance","damage_taken":0,"max_hp_gain":0,"max_hp_loss":0,"event_name":"Back to Basics","floor":21,"gold_loss":0},{"damage_healed":0,"gold_gain":0,"player_choice":"Forge","damage_taken":0,"max_hp_gain":0,"max_hp_loss":0,"event_name":"Accursed Blacksmith","floor":22,"gold_loss":0,"cards_upgraded":["Double Tap"]}],"is_beta":false,"boss_relics":[{"not_picked":["Cursed Key","Runic Cube"],"picked":"Empty Cage"}],"items_purged_floors":[11],"is_endless":false,"potions_floor_spawned":[1,2,8,14,16,19],"killed_by":"Gremlin Leader","ascension_level":2}}