{"host":"tm3ghj8mno6gwywm","time":1608165744,"event":{"mods":["2.2 Compatiblity","AchievementEnabler","Bard","BaseMod","Beaked The Cultist","Better Third Choice","Colored Map","Colored Powertips","Conspire","Downfall","Glutton Mod","GungeonMod","Halation","Hermit","Hubris","Infinite Spire","Jorbs\u0027s Wanderer Trilogy","Lobotomy","Mad Scientist","Marisa????????","Marked Mod","Mimic Mod","Minty Spire (QoL Compilation)","Potionbrewer","Quick Restart","READ ME - Guardian Mod","Replay The Spire","Shade Mod","Shop Mod","Somnambulant","Spicy Shops","StSLib","SuperFastMode","The Bug Knight","The Construct","The Cursed","The Disciple","The Factory","The Hierophant","The IronCluck","The Judge","The Jungle","The Necromancer","The Runesmith","The Servant 0.9.4","egg"],"gold_per_floor":[99,119,131,147,180,192,243,93,127,52,63,63,74,94,106,209,209,209,227,259,259,70,84,84,84,84,118,138,138,148,159,170,266,266,266,290,290,303,322,334,372,372,397,397,414,412,412,2,22,22,22,22,55,55,55,55],"floor_reached":57,"playtime":2979,"items_purged":[],"score":1788,"play_id":"1d49e93e-67fe-4c7b-b2f1-527c310fb9ca","local_time":"20201216194224","is_ascension_mode":false,"campfire_choices":[{"floor":1,"key":"RECALL"},{"floor":8,"key":"REST"},{"floor":10,"key":"REST"},{"data":"champ:Defend","floor":18,"key":"SMITH"},{"floor":21,"key":"REST"},{"data":"champ:Taunt","floor":26,"key":"SMITH"},{"data":"champ:Defend","floor":35,"key":"SMITH"},{"data":"champ:Defend","floor":42,"key":"SMITH"},{"data":"champ:Strike","floor":44,"key":"SMITH"},{"floor":55,"key":"REST"}],"circlet_count":0,"master_deck":["champ:Strike","champ:Strike","champ:Strike","champ:Strike+1","champ:Defend+1","champ:Defend+1","champ:Defend+1","champ:Defend+1","champ:Execute+1","champ:Taunt+1","champ:Balance+1","champ:ShieldWall+1","champ:FanOfKnives+1","champ:EndlessRage+1","champ:StanceDance+1","champ:GladiatorStyle+1","champ:ShieldSigil+1","champ:BringItOn+1","champ:Improvising+1","champ:Haymaker+1","champ:SwordSigil+1","champ:GutPunch+1","champ:BerserkerStyle+1","champ:DefensiveShout+1","champ:RisingSlash+1","champ:PerfectedStrike+1","champ:DancingMaster+1","champ:RageSigil+1","champ:Backstep+1","champ:DefensiveStyle+1","champ:BerserkersShout+1","champ:Control+1","champ:FaceSlap+1"],"relics":["champ:ChampionCrown","Lizard Tail","Mummified Hand","Black Star","Molten Egg 2","Toxic Egg 2","Frozen Egg 2","Quantum Egg","Membership Card","Omamori","Blue Candle","downfall:HeartBlessingRed","downfall:HeartBlessingBlue","conspire:BottledYoYo","Oddly Smooth Stone","downfall:HeartBlessingGreen","hubris:Backtick","hubris:CuriousFeather","Gambling Chip","ReplayTheSpireMod:Lightbulb","Bag of Marbles","halation:LettersToHer","hubris:Towel","Regal Pillow","DemoMod:MonsterBlood","MutagenicStrength","sneckomod:BlankCard","Bag of Preparation","Ice Cream","DemoMod:RingOfEthereal","halation:VictoryRuler","Pondfish Scales","Toy Ornithopter","Blood Vial","Bronze Scales","WingedGreaves","conspire:DeflatedDodgeball","Iron Hammer","halation:PinkSoulGem","DemoMod:GundromedaStrain","HandDrill","hubris:SphereOfDissonance","DemoMod:PoisonVial","infinitespire:Beetle Shell","halation:WeightlessCrab"],"acts_visited":["Exordium","TheCity","TheBeyond","TheEnding"],"potions_floor_usage":[16,16,16,33,33,33],"damage_taken":[{"damage":8,"enemies":"conspire:RoseBush","floor":2,"turns":4},{"damage":10,"enemies":"Cultist","floor":3,"turns":4},{"damage":0,"enemies":"Small Slimes","floor":4,"turns":3},{"damage":35,"enemies":"Gremlin Nob","floor":5,"turns":4},{"damage":17,"enemies":"Exordium Thugs","floor":6,"turns":8},{"damage":43,"enemies":"Lagavulin","floor":9,"turns":8},{"damage":7,"enemies":"Lots of Slimes","floor":11,"turns":3},{"damage":1,"enemies":"Red Slaver","floor":13,"turns":2},{"damage":13,"enemies":"Exordium Thugs","floor":14,"turns":5},{"damage":0,"enemies":"3 Louse","floor":15,"turns":1},{"damage":24,"enemies":"downfall:Ironclad","floor":16,"turns":6},{"damage":13,"enemies":"3 Byrds","floor":19,"turns":4},{"damage":16,"enemies":"HollowMod:Nosk","floor":20,"turns":6},{"damage":11,"enemies":"downfall:FleeingMerchant","floor":22,"turns":4},{"damage":10,"enemies":"Chosen","floor":23,"turns":3},{"damage":8,"enemies":"conspire:SneckoGhost","floor":27,"turns":4},{"damage":3,"enemies":"Snecko","floor":28,"turns":3},{"damage":14,"enemies":"Shelled Parasite and Fungi","floor":30,"turns":3},{"damage":14,"enemies":"3 Cultists","floor":31,"turns":3},{"damage":3,"enemies":"Snake Plant","floor":32,"turns":1},{"damage":78,"enemies":"downfall:Watcher","floor":33,"turns":6},{"damage":0,"enemies":"Orb Walker","floor":38,"turns":1},{"damage":6,"enemies":"3 Darklings","floor":39,"turns":2},{"damage":19,"enemies":"Transient","floor":40,"turns":5},{"damage":26,"enemies":"Jaw Worm Horde","floor":41,"turns":5},{"damage":11,"enemies":"R_Hoarder","floor":43,"turns":4},{"damage":9,"enemies":"Jaw Worm Horde","floor":45,"turns":2},{"damage":13,"enemies":"downfall:FleeingMerchant","floor":46,"turns":2},{"damage":29,"enemies":"4 Shapes","floor":49,"turns":3},{"damage":20,"enemies":"downfall:Silent","floor":50,"turns":3},{"damage":88,"enemies":"downfall:CharBossMerchant","floor":53,"turns":4},{"damage":48,"enemies":"downfall:NeowBoss","floor":56,"turns":16}],"seed_played":"-4225831990130215240","potions_obtained":[{"floor":3,"key":"AttackPotion"},{"floor":4,"key":"CultistPotion"},{"floor":6,"key":"potionbrewer:ToxicPotion"},{"floor":16,"key":"Cursed Concoction"},{"floor":27,"key":"champ:CounterPotion"},{"floor":28,"key":"LiquidMemories"},{"floor":31,"key":"Swift Potion"},{"floor":32,"key":"Block Potion"},{"floor":33,"key":"champ:OpenerPotion"},{"floor":39,"key":"potionbrewer:MidasPotion"},{"floor":45,"key":"sneckomod:MuddlingPotion"}],"is_trial":false,"path_per_floor":["R","M","M","M","E","M","T","R","E","R","M","?","M","M","M","B",null,"R","M","E","R","$","M","T","?","R","E","M","?","M","M","M","B",null,"R","T","?","M","M","M","MIM","R","E","R","M","$","?","$","M","B",null,null,"E","$","R","B",null],"character_chosen":"THE_CHAMP","items_purchased":["Bag of Marbles","halation:LettersToHer","champ:SwordSigil+1","conspire:DeflatedDodgeball","Iron Hammer","champ:FaceSlap+1","DemoMod:GundromedaStrain","HandDrill","hubris:SphereOfDissonance","DemoMod:PoisonVial"],"campfire_rested":4,"item_purchase_floors":[22,22,22,46,46,46,48,48,48,48],"current_hp_per_floor":[99,96,91,91,66,55,55,97,58,90,83,83,82,69,69,45,109,109,96,86,109,109,109,109,109,109,116,116,116,112,112,116,53,116,116,116,116,116,110,112,115,115,116,116,116,116,116,116,116,116,116,116,92,92,116,116],"gold":55,"neow_bonus":"TEN_PERCENT_HP_BONUS","is_daily":false,"chose_seed":false,"campfire_upgraded":5,"win_rate":0.0,"timestamp":1608165744,"path_taken":["R","M","M","M","E","M","T","R","E","R","M","?","M","M","M","BOSS","R","M","E","R","$","M","T","?","R","E","M","?","?","M","M","BOSS","R","?","?","M","?","M","MIM","R","E","R","M","?","?","$","M","BOSS","E","$","R","BOSS"],"items_purchased_type":["Relic","Relic","Card","Relic","Relic","Card","Relic","Relic","Relic","Relic"],"build_version":"2020-12-13","purchased_purges":0,"victory":true,"max_hp_per_floor":[99,99,99,99,99,99,99,109,109,109,109,109,109,109,109,109,109,109,109,109,109,109,109,109,109,109,116,116,116,116,116,116,116,116,116,116,116,116,116,116,116,116,116,116,116,116,116,116,116,116,116,116,116,116,116,116],"card_choices":[{"not_picked":["champ:FocusedDefense+1","champ:Haymaker+1"],"picked":"champ:Balance+1","floor":2},{"not_picked":["champ:RecklessLeap+1","champ:DeathBlow+1"],"picked":"champ:ShieldWall+1","floor":3},{"not_picked":["champ:BerserkersShout+1","champ:BringItOn+1"],"picked":"champ:FanOfKnives+1","floor":4},{"not_picked":["champ:Shatter+1","champ:FocusedDefense+1"],"picked":"champ:EndlessRage+1","floor":5},{"not_picked":["champ:AdrenalArmor+1","champ:BringItOn+1"],"picked":"champ:StanceDance+1","floor":6},{"not_picked":["champ:FanOfKnives+1","champ:Shatter+1"],"picked":"champ:GladiatorStyle+1","floor":9},{"not_picked":["champ:IronFortress+1","champ:Haymaker+1"],"picked":"champ:ShieldSigil+1","floor":11},{"not_picked":["champ:RecklessLeap+1","champ:StanceDance+1","champ:ShieldSigil+1"],"picked":"SKIP","floor":13},{"not_picked":["champ:BladeFlurry+1","champ:MurderStrike+1","champ:BerserkersShout+1"],"picked":"SKIP","floor":14},{"not_picked":["champ:GladiatorsShout+1","champ:Encircle+1"],"picked":"champ:BringItOn+1","floor":15},{"not_picked":["champ:DancingMaster+1","champ:Devastate+1"],"picked":"champ:Improvising+1","floor":16},{"not_picked":["champ:FanOfKnives+1","champ:GladiatorsShout+1"],"picked":"champ:Haymaker+1","floor":19},{"not_picked":["champ:BerserkersShout+1","champ:FocusedBerserking+1","champ:ShieldSigil+1"],"picked":"SKIP","floor":20},{"not_picked":["champ:StanceDance+1","champ:ViciousMockery+1","champ:AdrenalArmor+1"],"picked":"SKIP","floor":22},{"not_picked":["champ:AdrenalArmor+1","champ:BladeFlurry+1"],"picked":"champ:GutPunch+1","floor":23},{"not_picked":["champ:RisingSlash+1","champ:ShieldSlam+1"],"picked":"champ:BerserkerStyle+1","floor":27},{"not_picked":["champ:ShieldWall+1","champ:Balance+1"],"picked":"champ:DefensiveShout+1","floor":28},{"not_picked":["champ:Duel+1","champ:AdrenalArmor+1"],"picked":"champ:RisingSlash+1","floor":30},{"not_picked":["champ:EnragedBash+1","champ:Circumvent+1"],"picked":"champ:PerfectedStrike+1","floor":31},{"not_picked":["champ:Encircle+1","champ:BringItOn+1","champ:RecklessLeap+1"],"picked":"SKIP","floor":32},{"not_picked":["champ:CrownThrow+1","champ:PerfectForm+1"],"picked":"champ:DancingMaster+1","floor":33},{"not_picked":["champ:AdrenalArmor+1","champ:DefensiveShout+1"],"picked":"champ:RageSigil+1","floor":38},{"not_picked":["champ:ArenaPreparation+1","champ:Balance+1"],"picked":"champ:Backstep+1","floor":39},{"not_picked":["champ:RisingSlash+1","champ:FanOfKnives+1"],"picked":"champ:DefensiveStyle+1","floor":40},{"not_picked":["champ:TornadoPunch+1","champ:ArenaPreparation+1"],"picked":"champ:BerserkersShout+1","floor":41},{"not_picked":["champ:GutPunch+1","champ:FanOfKnives+1","champ:Backstep+1"],"picked":"SKIP","floor":43},{"not_picked":["champ:SwordSigil+1","champ:SkillfulDodge+1","champ:Circumvent+1"],"picked":"SKIP","floor":45},{"not_picked":["champ:CrookedStrike+1","champ:CrownThrow+1"],"picked":"champ:Control+1","floor":46},{"not_picked":["champ:Haymaker+1","champ:Backstep+1","champ:AdrenalArmor+1"],"picked":"SKIP","floor":49},{"not_picked":["champ:GladiatorsShout+1","champ:StrikeOfGenius+1","champ:TornadoPunch+1"],"picked":"SKIP","floor":53}],"player_experience":769522,"relics_obtained":[{"floor":5,"key":"Omamori"},{"floor":5,"key":"Blue Candle"},{"floor":9,"key":"conspire:BottledYoYo"},{"floor":9,"key":"Oddly Smooth Stone"},{"floor":20,"key":"Gambling Chip"},{"floor":20,"key":"ReplayTheSpireMod:Lightbulb"},{"floor":24,"key":"halation:LettersToHer"},{"floor":27,"key":"Regal Pillow"},{"floor":27,"key":"DemoMod:MonsterBlood"},{"floor":36,"key":"sneckomod:BlankCard"},{"floor":36,"key":"Bag of Preparation"},{"floor":41,"key":"Ice Cream"},{"floor":41,"key":"DemoMod:RingOfEthereal"},{"floor":41,"key":"halation:VictoryRuler"},{"floor":41,"key":"Pondfish Scales"},{"floor":41,"key":"halation:LettersToHer"},{"floor":41,"key":"Toy Ornithopter"},{"floor":43,"key":"Blood Vial"},{"floor":43,"key":"Bronze Scales"},{"floor":53,"key":"infinitespire:Beetle Shell"},{"floor":53,"key":"halation:WeightlessCrab"}],"event_choices":[{"damage_healed":0,"gold_gain":0,"player_choice":"Forge","damage_taken":0,"max_hp_gain":0,"max_hp_loss":0,"event_name":"Accursed Blacksmith","floor":12,"gold_loss":0,"cards_upgraded":["champ:Execute"]},{"damage_healed":0,"gold_gain":0,"player_choice":"Inject Mutagens","damage_taken":0,"relics_obtained":["MutagenicStrength"],"max_hp_gain":0,"max_hp_loss":0,"event_name":"Drug Dealer","floor":29,"gold_loss":0},{"damage_healed":0,"gold_gain":0,"player_choice":"Upgraded","damage_taken":0,"max_hp_gain":0,"max_hp_loss":0,"event_name":"Upgrade Shrine","floor":37,"gold_loss":0,"cards_upgraded":["champ:Defend"]}],"is_beta":false,"boss_relics":[{"not_picked":["Tiny House","halation:PinkAlligatorPlush"],"picked":"hubris:Backtick"},{"not_picked":["Replay:Fungal Core","halation:Prosthetics","hubris:CrackedHourglass"]}],"items_purged_floors":[],"is_endless":false,"potions_floor_spawned":[3,4,6,11,16,27,28,31,32,33,39,45,49,53],"ascension_level":0}}