{"host":"gk5m6v7zec9neb0j","time":1608242158,"event":{"mods":["AchievementEnabler","AlwaysNeverKeys","BaseMod","BetterRewards","Block Reminder","Minty Spire (QoL Compilation)","Rare Cards Sparkle","Relic Stats","StSLib"],"gold_per_floor":[114,114,127,55,75,75,91,91,144,157,157,185,197,4,4,107,107,125,139,8,19,32,65,65,95,121,138,158,158,187,99,99,199,199,209,209,209,227,127,127,349,11,11,11,21,21,37,55,55,55,55,55,55,90,90,90],"floor_reached":55,"playtime":2022,"items_purged":["Strike_B","Strike_B","Strike_B","Defend_B","Defend_B","Defend_B","Defend_B"],"score":1282,"play_id":"4ce194fe-80bb-4acc-ad47-35555e896276","local_time":"20201217165558","is_ascension_mode":false,"campfire_choices":[{"data":"Zap","floor":6,"key":"SMITH"},{"data":"Go for the Eyes","floor":8,"key":"SMITH"},{"floor":11,"key":"REST"},{"data":"Seek","floor":13,"key":"SMITH"},{"data":"Beam Cell","floor":15,"key":"SMITH"},{"data":"Go for the Eyes","floor":24,"key":"SMITH"},{"data":"Beam Cell","floor":29,"key":"SMITH"},{"data":"FTL","floor":32,"key":"SMITH"},{"data":"Gash","floor":40,"key":"SMITH"},{"data":"Strike_B","floor":44,"key":"SMITH"},{"data":"Tempest","floor":49,"key":"SMITH"},{"floor":52,"key":"REST"}],"circlet_count":0,"master_deck":["Strike_B+1","Zap+1","Dualcast+1","Beam Cell+1","Go for the Eyes+1","Steam+1","Beam Cell+1","Steam+1","Go for the Eyes+1","FTL+1","Seek+1","Double Energy+1","Gash+1","Go for the Eyes+1","FTL+1","Gash+1","Reinforced Body+1","Tempest+1"],"relics":["Cracked Core","OrangePellets","Unceasing Top","Membership Card","Orrery","Regal Pillow","MawBank","Chemical X","Shuriken","Red Mask","Omamori","MealTicket","Anchor","Cauldron","Mango","War Paint","Pocketwatch","Pantograph"],"acts_visited":["Exordium","TheCity","TheBeyond","TheEnding"],"potions_floor_usage":[14,22,55,55],"damage_taken":[{"damage":0,"enemies":"Jaw Worm","floor":1,"turns":3},{"damage":0,"enemies":"Cultist","floor":3,"turns":4},{"damage":0,"enemies":"2 Louse","floor":5,"turns":2},{"damage":2,"enemies":"Looter","floor":7,"turns":2},{"damage":0,"enemies":"Exordium Thugs","floor":10,"turns":3},{"damage":3,"enemies":"3 Sentries","floor":12,"turns":7},{"damage":12,"enemies":"Hexaghost","floor":16,"turns":7},{"damage":0,"enemies":"Spheric Guardian","floor":18,"turns":3},{"damage":0,"enemies":"2 Thieves","floor":19,"turns":2},{"damage":0,"enemies":"Centurion and Healer","floor":21,"turns":3},{"damage":12,"enemies":"Snecko","floor":22,"turns":4},{"damage":0,"enemies":"Masked Bandits","floor":23,"turns":3},{"damage":0,"enemies":"Book of Stabbing","floor":25,"turns":2},{"damage":0,"enemies":"Cultist and Chosen","floor":27,"turns":2},{"damage":0,"enemies":"3 Cultists","floor":28,"turns":2},{"damage":0,"enemies":"Gremlin Leader","floor":30,"turns":2},{"damage":0,"enemies":"Collector","floor":33,"turns":2},{"damage":0,"enemies":"3 Shapes","floor":35,"turns":2},{"damage":0,"enemies":"3 Darklings","floor":38,"turns":3},{"damage":0,"enemies":"Transient","floor":45,"turns":4},{"damage":0,"enemies":"Spire Growth","floor":47,"turns":2},{"damage":0,"enemies":"Writhing Mass","floor":48,"turns":3},{"damage":31,"enemies":"Time Eater","floor":50,"turns":5},{"damage":0,"enemies":"Shield and Spear","floor":54,"turns":2}],"seed_played":"-8330370501089541554","potions_obtained":[{"floor":19,"key":"Energy Potion"},{"floor":28,"key":"EssenceOfSteel"},{"floor":42,"key":"Energy Potion"},{"floor":42,"key":"FearPotion"}],"is_trial":false,"path_per_floor":["M","?","M","$","M","R","M","R","T","M","R","E","R","$","R","B",null,"M","M","$","M","M","?","R","E","T","M","M","R","E","$","R","B",null,"M","?","?","M","$","R","?","$","T","R","M","T","M","M","R","B",null,"R","$","E","B"],"character_chosen":"DEFECT","items_purchased":["OrangePellets","Beam Cell","Membership Card","Go for the Eyes","Steam","Orrery","Chemical X","Fruit Juice","Shuriken","Cauldron","Mango"],"campfire_rested":2,"item_purchase_floors":[0,0,0,0,0,4,14,14,20,42,42],"current_hp_per_floor":[28,28,35,35,35,35,40,40,40,47,75,75,75,80,80,75,80,80,80,80,80,75,80,80,80,80,80,80,80,80,80,80,80,80,80,80,76,76,76,76,76,90,90,90,90,90,90,90,90,59,90,90,90,90,0,0],"gold":90,"neow_bonus":"","is_daily":false,"chose_seed":false,"campfire_upgraded":10,"win_rate":0.0,"timestamp":1608242158,"path_taken":["M","?","M","$","?","R","M","R","T","M","R","E","R","$","R","BOSS","M","M","$","?","M","?","R","E","T","M","M","R","E","$","R","BOSS","M","?","?","M","$","R","?","$","T","R","M","?","?","M","R","BOSS","R","$","E","BOSS"],"items_purchased_type":["Relic","Card","Relic","Card","Card","Relic","Relic","Potion","Relic","Relic","Relic"],"build_version":"2020-12-13","purchased_purges":7,"victory":false,"max_hp_per_floor":[75,75,75,75,75,75,75,75,75,75,75,75,75,80,80,80,80,80,80,80,80,80,80,80,80,80,80,80,80,80,80,80,80,80,80,80,76,76,76,76,76,90,90,90,90,90,90,90,90,90,90,90,90,90,90,90],"relic_stats":{"OrangePellets":[0],"Regal Pillow":6,"counters":[569,2954],"Shuriken":[233],"Pantograph":0,"MealTicket":0,"Chemical X":[23],"War Paint":["Steam","Steam"],"MawBank":24,"obtain_stats":[{"Whetstone":46,"Ginger":28,"Bottled Tornado":37,"Boot":17,"FrozenCore":17,"Old Coin":46,"Blood Vial":53,"Sundial":7,"MealTicket":26,"Necronomicon":31,"Kunai":17,"Pear":55,"Pen Nib":6,"Akabeko":29,"Cables":43,"SlaversCollar":34,"Bird Faced Urn":0,"MutagenicStrength":29,"StrikeDummy":9,"Unceasing Top":44,"Lantern":30,"Regal Pillow":45,"Torii":17,"Singing Bowl":31,"StoneCalendar":54,"Bag of Preparation":43,"Smiling Mask":9,"Cursed Key":17,"Ancient Tea Set":43,"Shovel":0,"Matryoshka":0,"WingedGreaves":30,"Chemical X":11,"InkBottle":17,"Potion Belt":26,"Inserter":34,"Golden Idol":3,"Thread and Needle":0,"PreservedInsect":43,"Omamori":46,"Frozen Egg 2":0,"MawBank":24,"Nuclear Battery":34,"Busted Crown":34,"Ornamental Fan":42,"Bloody Idol":21,"Orrery":0,"Turnip":41,"Art of War":41,"Bottled Lightning":11,"Toy Ornithopter":53,"Ice Cream":27,"Mark of the Bloom":46,"Calipers":39,"Gremlin Horn":12,"Nilry\u0027s Codex":27,"CeramicFish":26,"Vajra":12,"Runic Capacitor":0,"Sozu":34,"Centennial Puzzle":9,"Lizard Tail":0,"HornCleat":43,"FaceOfCleric":20,"DollysMirror":53,"Strawberry":0,"Prayer Wheel":0,"Toxic Egg 2":0,"Girya":0,"Happy Flower":17,"Dead Branch":0,"Oddly Smooth Stone":10,"Letter Opener":54,"War Paint":25,"Question Card":43,"WarpedTongs":0,"Du-Vu Doll":10,"OrangePellets":0,"Bottled Flame":54,"Shuriken":3,"Bronze Scales":29,"Molten Egg 2":17,"Black Star":34,"Symbiotic Virus":9,"Pocketwatch":54,"Meat on the Bone":9,"Darkstone Periapt":46,"SacredBark":34,"Enchiridion":19,"Mango":43,"Juzu Bracelet":20,"Incense Burner":43,"Empty Cage":17,"PrismaticShard":41,"ClockworkSouvenir":20,"Frozen Eye":11,"SsserpentHead":30,"Nunchaku":55,"Emotion Chip":6,"Dream Catcher":9,"Mummified Hand":26,"Pantograph":52,"Gambling Chip":0,"Tiny Chest":26,"Red Mask":38,"Cracked Core":0,"Runic Pyramid":17,"Orichalcum":9,"White Beast Statue":54,"Mercury Hourglass":44,"Calling Bell":17,"Peace Pipe":17,"Strange Spoon":21,"Cauldron":42,"DataDisk":23,"Anchor":9,"CaptainsWheel":34,"Bag of Marbles":9,"Membership Card":22,"TungstenRod":8,"FossilizedHelix":0},{"Whetstone":86,"Ginger":148,"Bottled Tornado":83,"Boot":73,"FrozenCore":144,"Old Coin":486,"Blood Vial":254,"Sundial":261,"MealTicket":557,"Necronomicon":105,"Kunai":73,"Pear":184,"Pen Nib":467,"Akabeko":79,"Cables":179,"SlaversCollar":150,"Bird Faced Urn":91,"MutagenicStrength":104,"StrikeDummy":237,"Unceasing Top":132,"Lantern":149,"Regal Pillow":252,"Torii":99,"Singing Bowl":175,"StoneCalendar":489,"Bag of Preparation":291,"Smiling Mask":187,"Cursed Key":190,"Ancient Tea Set":360,"Shovel":91,"Matryoshka":214,"WingedGreaves":105,"Chemical X":69,"InkBottle":99,"Potion Belt":124,"Inserter":128,"Golden Idol":186,"Thread and Needle":91,"PreservedInsect":85,"Omamori":435,"Frozen Egg 2":63,"MawBank":77,"Nuclear Battery":106,"Busted Crown":287,"Ornamental Fan":108,"Bloody Idol":348,"Orrery":63,"Turnip":108,"Art of War":179,"Bottled Lightning":262,"Toy Ornithopter":488,"Ice Cream":103,"Mark of the Bloom":110,"Calipers":84,"Gremlin Horn":96,"Nilry\u0027s Codex":124,"CeramicFish":172,"Vajra":188,"Runic Capacitor":160,"Sozu":81,"Centennial Puzzle":95,"Lizard Tail":114,"HornCleat":131,"FaceOfCleric":211,"DollysMirror":135,"Strawberry":185,"Prayer Wheel":63,"Toxic Egg 2":137,"Girya":185,"Happy Flower":347,"Dead Branch":91,"Oddly Smooth Stone":207,"Letter Opener":543,"War Paint":103,"Question Card":155,"WarpedTongs":185,"Du-Vu Doll":96,"OrangePellets":91,"Bottled Flame":318,"Shuriken":115,"Bronze Scales":173,"Molten Egg 2":347,"Black Star":456,"Symbiotic Virus":217,"Pocketwatch":113,"Meat on the Bone":343,"Darkstone Periapt":539,"SacredBark":197,"Enchiridion":473,"Mango":337,"Juzu Bracelet":75,"Incense Burner":108,"Empty Cage":120,"PrismaticShard":457,"ClockworkSouvenir":192,"Frozen Eye":391,"SsserpentHead":533,"Nunchaku":90,"Emotion Chip":117,"Dream Catcher":164,"Mummified Hand":77,"Pantograph":112,"Gambling Chip":114,"Tiny Chest":194,"Red Mask":178,"Cracked Core":0,"Runic Pyramid":303,"Orichalcum":118,"White Beast Statue":517,"Mercury Hourglass":538,"Calling Bell":73,"Peace Pipe":73,"Strange Spoon":75,"Cauldron":563,"DataDisk":102,"Anchor":390,"CaptainsWheel":479,"Bag of Marbles":68,"Membership Card":102,"TungstenRod":141,"FossilizedHelix":295},{"Whetstone":392,"Ginger":722,"Bottled Tornado":372,"Boot":315,"FrozenCore":705,"Old Coin":2578,"Blood Vial":1363,"Sundial":1401,"MealTicket":2917,"Necronomicon":486,"Kunai":315,"Pear":963,"Pen Nib":2461,"Akabeko":350,"Cables":901,"SlaversCollar":736,"Bird Faced Urn":436,"MutagenicStrength":482,"StrikeDummy":1251,"Unceasing Top":642,"Lantern":727,"Regal Pillow":1350,"Torii":466,"Singing Bowl":874,"StoneCalendar":2602,"Bag of Preparation":1576,"Smiling Mask":978,"Cursed Key":993,"Ancient Tea Set":1954,"Shovel":436,"Matryoshka":1129,"WingedGreaves":486,"Chemical X":295,"InkBottle":466,"Potion Belt":572,"Inserter":623,"Golden Idol":976,"Thread and Needle":436,"PreservedInsect":383,"Omamori":2280,"Frozen Egg 2":274,"MawBank":340,"Nuclear Battery":493,"Busted Crown":1558,"Ornamental Fan":500,"Bloody Idol":1884,"Orrery":274,"Turnip":500,"Art of War":901,"Bottled Lightning":1407,"Toy Ornithopter":2596,"Ice Cream":479,"Mark of the Bloom":508,"Calipers":375,"Gremlin Horn":455,"Nilry\u0027s Codex":572,"CeramicFish":855,"Vajra":981,"Runic Capacitor":787,"Sozu":365,"Centennial Puzzle":449,"Lizard Tail":530,"HornCleat":637,"FaceOfCleric":1108,"DollysMirror":658,"Strawberry":973,"Prayer Wheel":274,"Toxic Egg 2":675,"Girya":973,"Happy Flower":1880,"Dead Branch":436,"Oddly Smooth Stone":1077,"Letter Opener":2863,"War Paint":479,"Question Card":753,"WarpedTongs":973,"Du-Vu Doll":455,"OrangePellets":436,"Bottled Flame":1748,"Shuriken":533,"Bronze Scales":863,"Molten Egg 2":1880,"Black Star":2406,"Symbiotic Virus":1138,"Pocketwatch":517,"Meat on the Bone":1852,"Darkstone Periapt":2841,"SacredBark":1024,"Enchiridion":2491,"Mango":1832,"Juzu Bracelet":323,"Incense Burner":500,"Empty Cage":556,"PrismaticShard":2416,"ClockworkSouvenir":999,"Frozen Eye":2094,"SsserpentHead":2813,"Nunchaku":433,"Emotion Chip":541,"Dream Catcher":800,"Mummified Hand":340,"Pantograph":515,"Gambling Chip":530,"Tiny Chest":1005,"Red Mask":896,"Cracked Core":0,"Runic Pyramid":1643,"Orichalcum":543,"White Beast Statue":2747,"Mercury Hourglass":2837,"Calling Bell":315,"Peace Pipe":315,"Strange Spoon":323,"Cauldron":2930,"DataDisk":476,"Anchor":2091,"CaptainsWheel":2530,"Bag of Marbles":293,"Membership Card":476,"TungstenRod":690,"FossilizedHelix":1608}],"Unceasing Top":[405],"Pocketwatch":[150]},"card_choices":[{"not_picked":["Turbo","Streamline"],"picked":"Self Repair","floor":1},{"not_picked":["Rip and Tear","Force Field","Scrape"],"picked":"SKIP","floor":3},{"not_picked":["Aggregate","Tempest"],"picked":"Beam Cell","floor":4},{"not_picked":["Aggregate","Stack"],"picked":"Steam","floor":4},{"not_picked":["Rebound","FTL"],"picked":"Go for the Eyes","floor":4},{"not_picked":["Rip and Tear","Barrage","Buffer"],"picked":"SKIP","floor":5},{"not_picked":["Barrage","Sweeping Beam"],"picked":"FTL","floor":7},{"not_picked":["Barrage","Streamline","Blizzard"],"picked":"SKIP","floor":10},{"not_picked":["Darkness","Ball Lightning"],"picked":"Seek","floor":12},{"not_picked":["Darkness+1","Ball Lightning"],"picked":"Double Energy+1","floor":18},{"not_picked":["Glacier","Static Discharge","Skim"],"picked":"SKIP","floor":19},{"not_picked":["Glacier","Hologram+1","Compile Driver"],"picked":"SKIP","floor":21},{"not_picked":["Stack+1","Heatsinks","Scrape"],"picked":"SKIP","floor":22},{"not_picked":["Go for the Eyes","Coolheaded"],"picked":"Gash+1","floor":23},{"not_picked":["Redo","Reprogram+1"],"picked":"Go for the Eyes+1","floor":25},{"not_picked":["Steam","Redo","Leap"],"picked":"SKIP","floor":27},{"not_picked":["Ball Lightning","Skim"],"picked":"FTL+1","floor":28},{"not_picked":["Auto Shields","Meteor Strike"],"picked":"Gash","floor":30},{"not_picked":["Redo","Rebound+1"],"picked":"Reinforced Body+1","floor":35},{"not_picked":["Recycle","Heatsinks+1","Redo+1"],"picked":"SKIP","floor":38},{"not_picked":["Leap","Coolheaded+1","Sweeping Beam"],"picked":"SKIP","floor":45},{"not_picked":["Conserve Battery+1","Barrage"],"picked":"Tempest","floor":47},{"not_picked":["Hologram+1","Blizzard","Rebound+1"],"picked":"SKIP","floor":48},{"not_picked":["Double Energy","Leap+1","Steam+1"],"picked":"SKIP","floor":54}],"player_experience":694242,"relics_obtained":[{"floor":9,"key":"Regal Pillow"},{"floor":12,"key":"MawBank"},{"floor":23,"key":"Red Mask"},{"floor":25,"key":"Omamori"},{"floor":26,"key":"MealTicket"},{"floor":30,"key":"Anchor"},{"floor":43,"key":"War Paint"},{"floor":46,"key":"Pocketwatch"},{"floor":54,"key":"Pantograph"}],"event_choices":[{"damage_healed":0,"gold_gain":0,"player_choice":"Upgraded","damage_taken":0,"max_hp_gain":0,"max_hp_loss":0,"event_name":"Upgrade Shrine","floor":2,"gold_loss":0,"cards_upgraded":["Dualcast"]},{"damage_healed":0,"gold_gain":0,"player_choice":"Fought Bandits","damage_taken":0,"max_hp_gain":0,"max_hp_loss":0,"event_name":"Masked Bandits","floor":23,"gold_loss":0},{"cards_removed":["Self Repair"],"damage_healed":0,"gold_gain":0,"player_choice":"Removed Power","damage_taken":0,"max_hp_gain":0,"max_hp_loss":0,"event_name":"Falling","floor":36,"gold_loss":0},{"damage_healed":0,"gold_gain":0,"player_choice":"Max HP","damage_taken":0,"max_hp_gain":0,"max_hp_loss":4,"event_name":"Winding Halls","floor":37,"gold_loss":0},{"damage_healed":0,"gold_gain":222,"player_choice":"Wore Mask","damage_taken":0,"max_hp_gain":0,"max_hp_loss":0,"event_name":"Tomb of Lord Red Mask","floor":41,"gold_loss":0}],"is_beta":false,"boss_relics":[{"not_picked":["Runic Dome","Astrolabe","Snecko Eye"]},{"not_picked":["Velvet Choker","Busted Crown","Black Star"]}],"items_purged_floors":[0,0,0,14,31,39,42],"is_endless":false,"potions_floor_spawned":[1,10,18,19,28,30,35,47,48,54],"killed_by":"The Heart","ascension_level":0}}