{"host":"sav7uxregyirlf69","time":1608183641,"event":{"mods":["AchievementEnabler","BaseMod","Colored Map","DeckTracker","Keyboard Shortcuts","Minty Spire (QoL Compilation)","READ ME - Guardian Mod","StSLib","SuperFastMode"],"gold_per_floor":[115,128,128,140,140,140,166,236,236,562,562,162,287,337,337,412,412,426,102,114,164,214,243,293,306,306,316,350,350,382,402,402,479,479,491,504,151,161,179,205,216,266,292,114,144,144,13,39,39,39,39,39,39,18,49,49,49],"floor_reached":56,"playtime":1789,"items_purged":["Strike_R","Strike_R","Bash","Sword Boomerang+1","Defend_R"],"score":2031,"play_id":"6cfe6cad-9345-4def-a051-1cc62c8abf04","local_time":"20201217144041","is_ascension_mode":true,"campfire_choices":[{"data":"Inflame","floor":6.0,"key":"SMITH"},{"data":"Armaments","floor":11.0,"key":"SMITH"},{"floor":15.0,"key":"REST"},{"floor":29,"key":"REST"},{"floor":32,"key":"REST"},{"floor":46,"key":"RECALL"},{"floor":49,"key":"REST"},{"floor":53,"key":"REST"}],"circlet_count":0,"master_deck":["AscendersBane","Defend_R","Defend_R","Inflame+1","Wild Strike+1","Battle Trance+1","Armaments+1","Metallicize","Reaper+1","Metallicize","Dark Embrace","Burning Pact","Mayhem","Warcry+1","Bloodletting+1","True Grit+1","Feel No Pain","Power Through","Flame Barrier","Dark Embrace+1","Battle Trance+1","Shockwave+1","Fire Breathing","Body Slam+1","Flash of Steel+1","Fire Breathing","Exhume","Impervious","Feel No Pain","Intimidate"],"relics":["Burning Blood","NeowsBlessing","SsserpentHead","Potion Belt","Molten Egg 2","Old Coin","Membership Card","Mummified Hand","Fusion Hammer","Oddly Smooth Stone","MutagenicStrength","Toy Ornithopter","Bottled Tornado","Meat on the Bone","Whetstone","Astrolabe","Sundial","Lantern","Mango","Smiling Mask","Akabeko","StoneCalendar","Turnip"],"acts_visited":["Exordium","TheCity","TheBeyond","TheEnding"],"potions_floor_usage":[27,28,28,33,38,40,45,45,51,56,56,56],"damage_taken":[{"damage":0.0,"enemies":"Small Slimes","floor":1.0,"turns":1.0},{"damage":0.0,"enemies":"2 Louse","floor":2.0,"turns":1.0},{"damage":0.0,"enemies":"Cultist","floor":4.0,"turns":1.0},{"damage":30.0,"enemies":"3 Sentries","floor":7.0,"turns":8.0},{"damage":18.0,"enemies":"Exordium Wildlife","floor":8.0,"turns":5.0},{"damage":22.0,"enemies":"Lagavulin","floor":10.0,"turns":6.0},{"damage":16.0,"enemies":"The Guardian","floor":16.0,"turns":11.0},{"damage":10.0,"enemies":"Spheric Guardian","floor":18.0,"turns":4.0},{"damage":4.0,"enemies":"Chosen","floor":20.0,"turns":5.0},{"damage":33.0,"enemies":"Book of Stabbing","floor":23.0,"turns":5.0},{"damage":4,"enemies":"Snecko","floor":25,"turns":6},{"damage":13,"enemies":"Shelled Parasite and Fungi","floor":27,"turns":3},{"damage":30,"enemies":"Slavers","floor":28,"turns":7},{"damage":45,"enemies":"Book of Stabbing","floor":30,"turns":5},{"damage":50,"enemies":"3 Cultists","floor":31,"turns":7},{"damage":55,"enemies":"Automaton","floor":33,"turns":16},{"damage":0,"enemies":"Orb Walker","floor":35,"turns":4},{"damage":0,"enemies":"3 Shapes","floor":36,"turns":7},{"damage":39,"enemies":"Jaw Worm Horde","floor":38,"turns":4},{"damage":36,"enemies":"4 Shapes","floor":39,"turns":3},{"damage":28,"enemies":"Nemesis","floor":40,"turns":9},{"damage":24,"enemies":"Spire Growth","floor":41,"turns":5},{"damage":18,"enemies":"Reptomancer","floor":45,"turns":5},{"damage":8,"enemies":"Nemesis","floor":48,"turns":5},{"damage":18,"enemies":"Donu and Deca","floor":50,"turns":8},{"damage":96,"enemies":"Awakened One","floor":51,"turns":10},{"damage":62,"enemies":"Shield and Spear","floor":55,"turns":6},{"damage":69,"enemies":"The Heart","floor":56,"turns":2}],"seed_played":"-5765294772761152058","potions_obtained":[{"floor":1.0,"key":"FearPotion"},{"floor":4.0,"key":"DuplicationPotion"},{"floor":8.0,"key":"GamblersBrew"},{"floor":16.0,"key":"Weak Potion"},{"floor":20.0,"key":"DistilledChaos"},{"floor":23.0,"key":"Fire Potion"},{"floor":25,"key":"DistilledChaos"},{"floor":28,"key":"Dexterity Potion"},{"floor":35,"key":"Ancient Potion"},{"floor":36,"key":"LiquidBronze"},{"floor":40,"key":"Strength Potion"},{"floor":41,"key":"Explosive Potion"},{"floor":45,"key":"Block Potion"},{"floor":55,"key":"SteroidPotion"}],"is_trial":false,"path_per_floor":["M","M","?","M","?","R","E","M","T","E","R","$","?","?","R","B",null,"M","$","M","?","?","E","T","M","T","M","E","R","E","M","R","B",null,"M","M","$","M","M","E","M","?","T","$","E","R","$","E","R","B","B",null,"R","$","E","B"],"character_chosen":"IRONCLAD","items_purchased":["Membership Card","Mummified Hand","Metallicize","Block Potion","Dark Embrace","Burning Pact","Mayhem","Oddly Smooth Stone","Energy Potion","Sundial","Lantern","Body Slam+1","Flash of Steel+1","Fire Breathing","Exhume","LiquidMemories","Impervious","Feel No Pain"],"campfire_rested":5,"item_purchase_floors":[12,12,12,12,19,19,19,19,19,37,37,37,37,44,44,44,47,54],"current_hp_per_floor":[74,75,68,74,74,74,50,38,38,22,22,22,11,11,33,23,62,58,58,72,51,51,32,32,42,42,54,52,76,49,38,62,30,68,80,80,80,76,58,63,57,57,57,57,94,94,94,94,94,85,21,76,94,94,50,0,0],"gold":49,"neow_bonus":"THREE_ENEMY_KILL","is_daily":false,"chose_seed":false,"campfire_upgraded":2,"win_rate":0.0,"timestamp":1608183641,"path_taken":["M","M","?","M","?","R","E","?","T","E","R","$","?","?","R","BOSS","M","$","M","?","?","E","?","M","T","M","E","R","E","M","R","BOSS","M","M","$","M","M","E","M","?","T","$","E","R","$","E","R","BOSS","BOSS","R","$","E","BOSS"],"items_purchased_type":["Relic","Relic","Card","Potion","Card","Card","Card","Relic","Potion","Relic","Relic","Card","Card","Card","Card","Potion","Card","Card"],"build_version":"2020-12-13","purchased_purges":5,"victory":false,"max_hp_per_floor":[75,75,75,75,75,75,75,75,75,75,75,75,75,75,75,75,75,75,75,75,80,80,80,80,80,80,80,80,80,80,80,80,80,80,80,80,80,80,80,94,94,94,94,94,94,94,94,94,94,94,94,94,94,94,94,94,94],"card_choices":[{"not_picked":["Disarm","Havoc"],"picked":"Inflame","floor":1.0},{"not_picked":["Rage","Sever Soul"],"picked":"Sword Boomerang","floor":2.0},{"not_picked":["Iron Wave","Clothesline"],"picked":"Wild Strike","floor":4.0},{"not_picked":["Pommel Strike","Shrug It Off"],"picked":"Battle Trance","floor":7.0},{"not_picked":["Wild Strike","Twin Strike"],"picked":"Armaments","floor":8.0},{"not_picked":["Intimidate","Clash+1","Thunderclap+1"],"picked":"SKIP","floor":10.0},{"not_picked":["Demon Form","Berserk"],"picked":"Reaper+1","floor":16.0},{"not_picked":["Anger+1","Twin Strike+1"],"picked":"Metallicize","floor":18.0},{"not_picked":["Blood for Blood+1","Heavy Blade+1"],"picked":"Warcry+1","floor":20.0},{"not_picked":["Anger+1","Iron Wave+1"],"picked":"Bloodletting+1","floor":23.0},{"not_picked":["Thunderclap+1","Searing Blow+1","Burning Pact"],"picked":"SKIP","floor":25},{"not_picked":["Hemokinesis+1","Clothesline+1"],"picked":"True Grit+1","floor":27},{"not_picked":["Searing Blow+1","Exhume"],"picked":"Feel No Pain","floor":28},{"not_picked":["Uppercut+1","Headbutt+1"],"picked":"Power Through","floor":30},{"not_picked":["Bloodletting","Headbutt+1","Flame Barrier"],"picked":"SKIP","floor":31},{"not_picked":["Bloodletting","Headbutt+1"],"picked":"Flame Barrier","floor":31},{"not_picked":["Metallicize","Hemokinesis+1"],"picked":"Fire Breathing","floor":35},{"not_picked":["Hemokinesis+1","Sword Boomerang+1","Searing Blow+1"],"picked":"SKIP","floor":36},{"not_picked":["Shrug It Off","Twin Strike+1","Dual Wield"],"picked":"SKIP","floor":38},{"not_picked":["Clothesline+1","Twin Strike+1","Pommel Strike+1"],"picked":"SKIP","floor":39},{"not_picked":["Rampage+1","Burning Pact","Clash+1"],"picked":"SKIP","floor":40},{"not_picked":["Clothesline+1","Cleave+1","Sword Boomerang+1"],"picked":"SKIP","floor":41},{"not_picked":["Pommel Strike+1","Warcry","Heavy Blade+1"],"picked":"SKIP","floor":45},{"not_picked":["Twin Strike+1","Heavy Blade+1","Rage"],"picked":"SKIP","floor":48},{"not_picked":["Battle Trance","Brutality"],"picked":"Intimidate","floor":55}],"player_experience":936713,"relics_obtained":[{"floor":7.0,"key":"Potion Belt"},{"floor":9.0,"key":"Molten Egg 2"},{"floor":10.0,"key":"Old Coin"},{"floor":23.0,"key":"Toy Ornithopter"},{"floor":26,"key":"Bottled Tornado"},{"floor":28,"key":"Meat on the Bone"},{"floor":30,"key":"Whetstone"},{"floor":40,"key":"Mango"},{"floor":43,"key":"Smiling Mask"},{"floor":45,"key":"Akabeko"},{"floor":48,"key":"StoneCalendar"},{"floor":55,"key":"Turnip"}],"event_choices":[{"cards_removed":["Strike_R"],"damage_healed":0.0,"max_hp_gain":0.0,"max_hp_loss":0.0,"gold_gain":0.0,"event_name":"Golden Wing","player_choice":"Card Removal","floor":3.0,"gold_loss":0.0,"damage_taken":7.0},{"damage_healed":0.0,"max_hp_gain":0.0,"max_hp_loss":0.0,"gold_gain":0.0,"event_name":"FaceTrader","player_choice":"Trade","floor":5.0,"gold_loss":0.0,"damage_taken":0.0,"relics_obtained":["SsserpentHead"]},{"damage_healed":0.0,"max_hp_gain":0.0,"max_hp_loss":0.0,"gold_gain":75.0,"event_name":"World of Goop","player_choice":"Gather Gold","floor":13.0,"gold_loss":0.0,"damage_taken":11.0},{"damage_healed":0.0,"max_hp_gain":0.0,"max_hp_loss":0.0,"gold_gain":0.0,"event_name":"Living Wall","player_choice":"Grow","floor":14.0,"gold_loss":0.0,"damage_taken":0.0,"cards_upgraded":["Battle Trance"]},{"damage_healed":0.0,"max_hp_gain":5.0,"max_hp_loss":0.0,"gold_gain":0.0,"event_name":"Forgotten Altar","player_choice":"Shed Blood","floor":21.0,"gold_loss":0.0,"damage_taken":26.0},{"damage_healed":0.0,"max_hp_gain":0.0,"max_hp_loss":0.0,"gold_gain":0.0,"event_name":"Drug Dealer","player_choice":"Inject Mutagens","floor":22.0,"gold_loss":0.0,"damage_taken":0.0,"relics_obtained":["MutagenicStrength"]},{"damage_healed":0,"gold_gain":0,"player_choice":"Ignored","damage_taken":0,"max_hp_gain":0,"max_hp_loss":0,"event_name":"Tomb of Lord Red Mask","floor":42,"gold_loss":0}],"is_beta":false,"boss_relics":[{"not_picked":["Tiny House","Philosopher\u0027s Stone"],"picked":"Fusion Hammer"},{"not_picked":["Mark of Pain","Runic Dome"],"picked":"Astrolabe"}],"items_purged_floors":[12,19,37,44,47],"is_endless":false,"potions_floor_spawned":[1,4,8,16,20,23,25,28,35,36,40,41,45,55],"killed_by":"The Heart","ascension_level":20}}