{"host":"a9gsz7kv8aebwp1f","time":1608172657,"event":{"mods":["AchievementEnabler","BaseMod","Minty Spire (QoL Compilation)"],"gold_per_floor":[116,116,132,8,8,38,38,57,57,57,22,22,38,38,38,167,167,191,191,191],"floor_reached":19,"playtime":599,"items_purged":[],"score":264,"play_id":"b0d5399d-ebb1-4c7a-a7d9-00f26347fc95","local_time":"20201217113737","is_ascension_mode":true,"campfire_choices":[{"floor":7,"key":"REST"},{"data":"Echo Form","floor":12,"key":"SMITH"},{"floor":15,"key":"REST"}],"circlet_count":0,"master_deck":["AscendersBane","Strike_B","Strike_B+1","Strike_B","Strike_B","Defend_B","Defend_B","Defend_B+1","Defend_B","Zap","Dualcast","Sunder","Conserve Battery","Coolheaded","Buffer","Echo Form+1","Blizzard","Hologram","Reboot"],"relics":["Cracked Core","Thread and Needle","Shuriken","Peace Pipe","Golden Idol","Busted Crown"],"acts_visited":["Exordium","TheCity"],"potions_floor_usage":[16],"damage_taken":[{"damage":0,"enemies":"2 Louse","floor":1,"turns":2},{"damage":8,"enemies":"Small Slimes","floor":3,"turns":2},{"damage":51,"enemies":"3 Sentries","floor":6,"turns":11},{"damage":0,"enemies":"Jaw Worm","floor":8,"turns":4},{"damage":9,"enemies":"Blue Slaver","floor":13,"turns":3},{"damage":30,"enemies":"The Guardian","floor":16,"turns":12},{"damage":2,"enemies":"Spheric Guardian","floor":18,"turns":5},{"damage":74,"enemies":"Masked Bandits","floor":19,"turns":4}],"seed_played":"-2266416506551885032","potions_obtained":[{"floor":3,"key":"Weak Potion"},{"floor":13,"key":"SkillPotion"},{"floor":16,"key":"Energy Potion"}],"is_trial":false,"path_per_floor":["M","?","M","$","?","E","R","M","T","?","?","R","M","?","R","B",null,"M","?"],"character_chosen":"DEFECT","items_purchased":["Coolheaded","Buffer"],"campfire_rested":2,"item_purchase_floors":[4,4],"current_hp_per_floor":[75,80,72,72,55,4,30,30,30,30,51,51,42,21,47,17,70,68,0,0],"gold":191,"neow_bonus":"TEN_PERCENT_HP_BONUS","is_daily":false,"chose_seed":false,"campfire_upgraded":1,"win_rate":0.0,"timestamp":1608172657,"path_taken":["M","?","M","$","?","E","R","M","T","?","?","R","?","?","R","BOSS","M","?"],"items_purchased_type":["Card","Card"],"build_version":"2020-12-13","purchased_purges":0,"victory":false,"max_hp_per_floor":[82,87,87,87,87,87,87,87,87,87,87,87,87,87,87,87,87,87,87,87],"card_choices":[{"not_picked":["Redo","Heatsinks"],"picked":"Sunder","floor":1},{"not_picked":["Redo","Sweeping Beam"],"picked":"Conserve Battery","floor":3},{"not_picked":["Scrape","Barrage"],"picked":"Echo Form","floor":6},{"not_picked":["Barrage","Stack"],"picked":"Blizzard","floor":8},{"not_picked":["Tempest","Scrape"],"picked":"Hologram","floor":13},{"not_picked":["Multi-Cast","Hyperbeam"],"picked":"Reboot","floor":16},{"not_picked":["Ball Lightning"],"picked":"SKIP","floor":18}],"player_experience":431712,"relics_obtained":[{"floor":6,"key":"Thread and Needle"},{"floor":9,"key":"Shuriken"}],"event_choices":[{"damage_healed":0,"gold_gain":0,"player_choice":"Donut","damage_taken":0,"max_hp_gain":5,"max_hp_loss":0,"event_name":"Big Fish","floor":2,"gold_loss":0},{"damage_healed":0,"gold_gain":0,"player_choice":"Entered Light","damage_taken":17,"max_hp_gain":0,"max_hp_loss":0,"event_name":"Shining Light","floor":5,"gold_loss":0,"cards_upgraded":["Defend_B","Strike_B"]},{"damage_healed":0,"gold_gain":0,"player_choice":"Searched \u00272\u0027 times","damage_taken":0,"relics_obtained":["Peace Pipe"],"max_hp_gain":0,"max_hp_loss":0,"event_name":"Dead Adventurer","floor":10,"gold_loss":0},{"damage_healed":21,"gold_gain":0,"player_choice":"Healed","damage_taken":0,"max_hp_gain":0,"max_hp_loss":0,"event_name":"The Cleric","floor":11,"gold_loss":35},{"damage_healed":0,"gold_gain":0,"player_choice":"Take Damage","damage_taken":21,"relics_obtained":["Golden Idol"],"max_hp_gain":0,"max_hp_loss":0,"event_name":"Golden Idol","floor":14,"gold_loss":0},{"damage_healed":0,"gold_gain":0,"player_choice":"Fought Bandits","damage_taken":0,"max_hp_gain":0,"max_hp_loss":0,"event_name":"Masked Bandits","floor":19,"gold_loss":0}],"is_beta":false,"boss_relics":[{"not_picked":["Philosopher\u0027s Stone","SacredBark"],"picked":"Busted Crown"}],"items_purged_floors":[],"is_endless":false,"potions_floor_spawned":[3,13,16,18],"killed_by":"Masked Bandits","ascension_level":12}}