{"host":"p4v0hquynnreu717","time":1608224059,"event":{"mods":["BaseMod","Better Vampires","DeckTracker","Googly Eyes","Minty Spire (QoL Compilation)","Quick Restart","StSLib","SuperFastMode"],"gold_per_floor":[367,383,397,107,32,32,47,47,47,47,59,73,85,139,139,213,213,231,231,156,173,173,173,187,187,187,7,107,121,121,132,132,203,203,214,214,214,89,103,103,130,130,183,183,202,202,212,62,62,62,62],"floor_reached":52,"playtime":2134,"items_purged":["Strike_R","Strike_R","Defend_R","Defend_R"],"score":1694,"play_id":"95fd7685-38ee-45de-a1ff-2451db73ce11","local_time":"20201218005419","is_ascension_mode":true,"campfire_choices":[{"data":"Armaments","floor":6.0,"key":"SMITH"},{"data":"True Grit","floor":8.0,"key":"SMITH"},{"data":"True Grit","floor":10.0,"key":"SMITH"},{"data":"Sword Boomerang","floor":15.0,"key":"SMITH"},{"data":"Pommel Strike","floor":23.0,"key":"SMITH"},{"data":"Inflame","floor":25.0,"key":"SMITH"},{"data":"Seeing Red","floor":30.0,"key":"SMITH"},{"data":"Bloodletting","floor":32.0,"key":"SMITH"},{"data":"Shockwave","floor":40.0,"key":"SMITH"},{"data":"Sword Boomerang","floor":42.0,"key":"SMITH"},{"data":"Spot Weakness","floor":44.0,"key":"SMITH"},{"data":"Double Tap","floor":46.0,"key":"SMITH"},{"data":"Pummel","floor":49,"key":"SMITH"}],"circlet_count":0,"master_deck":["AscendersBane","Defend_R","Defend_R","Pummel+1","Pummel","Sword Boomerang+1","Spot Weakness+1","Power Through","Inflame+1","Armaments+1","True Grit+1","True Grit+1","Pommel Strike+1","Impervious","Feed","Sword Boomerang+1","Ghostly","Ghostly","Ghostly","Shockwave+1","Double Tap+1","Seeing Red+1","Bloodletting+1","Impervious"],"relics":["Burning Blood","Orrery","Ornamental Fan","Boot","Runic Pyramid","Kunai","Unceasing Top","Bottled Lightning","Busted Crown","FossilizedHelix","Bag of Preparation"],"acts_visited":["Exordium","TheCity","TheBeyond"],"potions_floor_usage":[50,50],"damage_taken":[{"damage":12.0,"enemies":"Cultist","floor":1.0,"turns":4.0},{"damage":16.0,"enemies":"Jaw Worm","floor":2.0,"turns":4.0},{"damage":3.0,"enemies":"2 Louse","floor":3.0,"turns":3.0},{"damage":0.0,"enemies":"Looter","floor":7.0,"turns":3.0},{"damage":9.0,"enemies":"Exordium Thugs","floor":11.0,"turns":5.0},{"damage":7.0,"enemies":"3 Louse","floor":12.0,"turns":3.0},{"damage":11.0,"enemies":"Blue Slaver","floor":13.0,"turns":3.0},{"damage":18.0,"enemies":"The Guardian","floor":16.0,"turns":9.0},{"damage":19.0,"enemies":"Shell Parasite","floor":18.0,"turns":4.0},{"damage":13.0,"enemies":"Spheric Guardian","floor":21.0,"turns":8.0},{"damage":9.0,"enemies":"Centurion and Healer","floor":24.0,"turns":7.0},{"damage":9.0,"enemies":"Colosseum Slavers","floor":28.0,"turns":6.0},{"damage":3.0,"enemies":"Colosseum Nobs","floor":28.0,"turns":5.0},{"damage":2.0,"enemies":"Sentry and Sphere","floor":29.0,"turns":4.0},{"damage":4.0,"enemies":"Shelled Parasite and Fungi","floor":31.0,"turns":5.0},{"damage":5.0,"enemies":"Automaton","floor":33.0,"turns":7.0},{"damage":2.0,"enemies":"3 Shapes","floor":35.0,"turns":12.0},{"damage":0.0,"enemies":"Orb Walker","floor":39.0,"turns":4.0},{"damage":8.0,"enemies":"Reptomancer","floor":41.0,"turns":6.0},{"damage":0.0,"enemies":"4 Shapes","floor":45.0,"turns":7.0},{"damage":4.0,"enemies":"Writhing Mass","floor":47.0,"turns":6.0},{"damage":2,"enemies":"Donu and Deca","floor":50,"turns":7},{"damage":33,"enemies":"Time Eater","floor":51,"turns":7}],"seed_played":"-103428359013389474","potions_obtained":[{"floor":2.0,"key":"SteroidPotion"},{"floor":11.0,"key":"LiquidMemories"},{"floor":18.0,"key":"SteroidPotion"},{"floor":29.0,"key":"FearPotion"},{"floor":39.0,"key":"Fire Potion"},{"floor":41.0,"key":"Weak Potion"}],"is_trial":false,"path_per_floor":["M","M","M","$","?","R","M","R","T","R","M","M","M","T","R","B",null,"M","?","?","M","?","R","M","R","T","$","?","M","R","M","R","B",null,"M","?","?","$","M","R","E","R","T","R","M","R","M","$","R","B","B",null],"character_chosen":"IRONCLAD","items_purchased":["Orrery","True Grit","Seeing Red"],"campfire_rested":0,"item_purchase_floors":[4,4,27],"current_hp_per_floor":[62,52,55,55,55,55,61,61,61,61,58,57,52,52,52,40,61,48,34,34,30,30,30,31,31,31,31,37,41,41,47,47,52,54,59,59,56,56,56,56,54,54,54,54,60,60,64,64,64,68,41],"gold":62,"neow_bonus":"TWO_FIFTY_GOLD","is_daily":false,"chose_seed":false,"campfire_upgraded":13,"win_rate":0.0,"timestamp":1608224059,"path_taken":["M","?","M","$","?","R","M","R","T","R","M","M","M","?","R","BOSS","M","?","?","M","?","R","M","R","T","$","?","M","R","?","R","BOSS","M","?","?","$","M","R","E","R","T","R","M","R","M","$","R","BOSS","BOSS"],"items_purchased_type":["Relic","Card","Card"],"build_version":"2020-12-13","purchased_purges":4,"victory":true,"max_hp_per_floor":[68,68,68,68,68,68,68,68,68,68,68,68,68,68,68,68,68,68,34,34,37,37,37,41,41,41,41,47,47,47,51,51,55,55,59,59,56,56,56,56,56,56,56,56,60,60,64,64,64,68,68],"card_choices":[{"not_picked":["Iron Wave","Havoc"],"picked":"Pummel","floor":1.0},{"not_picked":["Perfected Strike","Uppercut"],"picked":"Pummel","floor":2.0},{"not_picked":["Headbutt","Body Slam"],"picked":"Sword Boomerang","floor":3.0},{"not_picked":["Demon Form","Disarm"],"picked":"Spot Weakness","floor":4.0},{"not_picked":["Twin Strike","Heavy Blade"],"picked":"Power Through","floor":4.0},{"not_picked":["Anger","Carnage"],"picked":"Inflame","floor":4.0},{"not_picked":["Iron Wave","Heavy Blade"],"picked":"Armaments","floor":4.0},{"not_picked":["Iron Wave","Pommel Strike"],"picked":"True Grit","floor":7.0},{"not_picked":["Sever Soul","Whirlwind","Flame Barrier"],"picked":"SKIP","floor":11.0},{"not_picked":["Clothesline","Pommel Strike","Cleave"],"picked":"SKIP","floor":12.0},{"not_picked":["Clothesline","Cleave"],"picked":"Pommel Strike","floor":12.0},{"not_picked":["Clothesline","Perfected Strike"],"picked":"Impervious","floor":13.0},{"not_picked":["Exhume","Bludgeon"],"picked":"Feed","floor":16.0},{"not_picked":["Dual Wield","Dropkick+1"],"picked":"Sword Boomerang","floor":18.0},{"not_picked":["Heavy Blade","True Grit","Rage"],"picked":"SKIP","floor":21.0},{"not_picked":["Warcry","Pummel","Clothesline"],"picked":"SKIP","floor":24.0},{"not_picked":["True Grit","Sword Boomerang","Intimidate"],"picked":"SKIP","floor":29.0},{"not_picked":["Burning Pact","Anger"],"picked":"Bloodletting","floor":31.0},{"not_picked":["Bludgeon","Demon Form"],"picked":"Impervious","floor":33.0},{"not_picked":["Flame Barrier"],"picked":"SKIP","floor":35.0},{"not_picked":["Carnage"],"picked":"SKIP","floor":39.0},{"not_picked":["Disarm"],"picked":"SKIP","floor":41.0},{"not_picked":["Clash"],"picked":"SKIP","floor":45.0},{"not_picked":["Rage"],"picked":"SKIP","floor":47.0}],"player_experience":739830,"relics_obtained":[{"floor":9.0,"key":"Ornamental Fan"},{"floor":14.0,"key":"Boot"},{"floor":26.0,"key":"Kunai"},{"floor":28.0,"key":"Unceasing Top"},{"floor":28.0,"key":"Bottled Lightning"},{"floor":41.0,"key":"FossilizedHelix"},{"floor":43.0,"key":"Bag of Preparation"}],"event_choices":[{"cards_removed":["Strike_R"],"damage_healed":0.0,"max_hp_gain":0.0,"max_hp_loss":0.0,"gold_gain":0.0,"event_name":"The Cleric","player_choice":"Card Removal","floor":5.0,"gold_loss":75.0,"damage_taken":0.0},{"damage_healed":0.0,"max_hp_gain":0.0,"max_hp_loss":34.0,"gold_gain":0.0,"event_name":"Ghosts","player_choice":"Became a Ghost","floor":19.0,"gold_loss":0.0,"damage_taken":0.0,"cards_obtained":["Ghostly","Ghostly","Ghostly"]},{"cards_removed":["Strike_R"],"damage_healed":0.0,"max_hp_gain":0.0,"max_hp_loss":0.0,"gold_gain":0.0,"event_name":"Beggar","player_choice":"Gave Gold","floor":20.0,"gold_loss":75.0,"damage_taken":0.0},{"damage_healed":0.0,"max_hp_gain":0.0,"max_hp_loss":0.0,"gold_gain":0.0,"cards_transformed":["Strike_R","Bash"],"event_name":"Drug Dealer","player_choice":"Became Test Subject","floor":22.0,"gold_loss":0.0,"damage_taken":0.0,"cards_obtained":["Shockwave","Double Tap"]},{"damage_healed":0.0,"max_hp_gain":0.0,"max_hp_loss":0.0,"gold_gain":0.0,"event_name":"Colosseum","player_choice":"Fight","floor":28.0,"gold_loss":0.0,"damage_taken":0.0},{"damage_healed":0.0,"max_hp_gain":0.0,"max_hp_loss":0.0,"gold_gain":0.0,"event_name":"Colosseum","player_choice":"Fought Nobs","floor":28.0,"gold_loss":0.0,"damage_taken":0.0},{"damage_healed":0.0,"max_hp_gain":0.0,"max_hp_loss":0.0,"gold_gain":0.0,"event_name":"Tomb of Lord Red Mask","player_choice":"Ignored","floor":36.0,"gold_loss":0.0,"damage_taken":0.0},{"damage_healed":0.0,"max_hp_gain":0.0,"max_hp_loss":3.0,"gold_gain":0.0,"event_name":"Winding Halls","player_choice":"Max HP","floor":37.0,"gold_loss":0.0,"damage_taken":0.0}],"is_beta":false,"boss_relics":[{"not_picked":["Calling Bell","Fusion Hammer"],"picked":"Runic Pyramid"},{"not_picked":["Cursed Key","Empty Cage"],"picked":"Busted Crown"}],"items_purged_floors":[4,27,38,48],"is_endless":false,"potions_floor_spawned":[2,11,18,28,29,39,41],"ascension_level":20}}