{"host":"raai0vtvcfkt8csp","time":1608248987,"event":{"mods":["2.2 Compatiblity","AchievementEnabler","BaseMod","Block Reminder","Booster Modes","DeckTracker","Defective Defect","GifTheSpireLib","Minty Spire (QoL Compilation)","Quick Restart","Random Character Button","Rare Cards Sparkle","StSLib","Unceasing Turn Reminder"],"gold_per_floor":[20,40,50,3,20,20,55,68,68,68,68,68],"floor_reached":11,"playtime":768,"items_purged":[],"score":79,"play_id":"819259c8-2f3d-488d-b1e4-e5afe45f376f","local_time":"20201218004947","is_ascension_mode":true,"campfire_choices":[{"data":"Storm of Steel","floor":6,"key":"SMITH"},{"floor":10,"key":"REST"}],"circlet_count":0,"master_deck":["Strike_G","Strike_G","Strike_G","Strike_G","Strike_G","Defend_G","Defend_G","Defend_G","Defend_G","Defend_G","Survivor","Neutralize","Burst","Underhanded Strike","Concentrate","Storm of Steel+1","Acrobatics","Cloak And Dagger","Dagger Throw","Outmaneuver"],"relics":["Ring of the Snake","Snake Skull","Orichalcum"],"acts_visited":["Exordium"],"potions_floor_usage":[5,11],"damage_taken":[{"damage":0,"enemies":"Cultist","floor":1,"turns":3},{"damage":1,"enemies":"2 Louse","floor":2,"turns":3},{"damage":0,"enemies":"Jaw Worm","floor":3,"turns":6},{"damage":0,"enemies":"Gremlin Gang","floor":5,"turns":4},{"damage":66,"enemies":"3 Sentries","floor":7,"turns":20},{"damage":0,"enemies":"Looter","floor":8,"turns":3},{"damage":27,"enemies":"Gremlin Nob","floor":11,"turns":3}],"seed_played":"4991518680130192950","potions_obtained":[{"floor":3,"key":"Block Potion"},{"floor":7,"key":"SneckoOil"}],"is_trial":false,"path_per_floor":["M","M","M","$","M","R","E","M","T","R","E"],"character_chosen":"THE_SILENT","items_purchased":["Acrobatics"],"campfire_rested":1,"item_purchase_floors":[4],"current_hp_per_floor":[70,69,69,69,69,69,3,3,3,24,0,0],"gold":68,"neow_bonus":"THREE_RARE_CARDS","is_daily":false,"chose_seed":false,"campfire_upgraded":1,"win_rate":0.0,"timestamp":1608248987,"path_taken":["M","?","M","$","M","R","E","M","T","R","E"],"items_purchased_type":["Card"],"build_version":"2020-12-13","purchased_purges":0,"victory":false,"max_hp_per_floor":[70,70,70,70,70,70,70,70,70,70,70,70],"card_choices":[{"not_picked":["Malaise","Tools of the Trade"],"picked":"Burst","floor":0},{"not_picked":["Outmaneuver","Deflect"],"picked":"Underhanded Strike","floor":1},{"not_picked":["Dagger Spray","PiercingWail"],"picked":"Concentrate","floor":2},{"not_picked":["Prepared","Caltrops"],"picked":"Storm of Steel","floor":3},{"not_picked":["Blade Dance","Catalyst"],"picked":"Cloak And Dagger","floor":5},{"not_picked":["Glass Knife","Slice"],"picked":"Dagger Throw","floor":7},{"not_picked":["Dagger Spray","Flechettes"],"picked":"Outmaneuver","floor":8}],"player_experience":404699,"relics_obtained":[{"floor":7,"key":"Snake Skull"},{"floor":9,"key":"Orichalcum"}],"event_choices":[],"is_beta":false,"boss_relics":[],"items_purged_floors":[],"is_endless":false,"potions_floor_spawned":[3,7],"killed_by":"Gremlin Nob","ascension_level":1}}