{"host":"xodzlm10r37577ou","time":1608217501,"event":{"mods":["Act Like it!","BaseMod","Gensokyo","Koishi","KomeijiMod","Marisa£®ÏF”Í°°ƒß¿Ì…≥£©","Minty Spire (QoL Compilation)","Reimu£®≤©¿ˆ¡È√Œ£©","Remilia£®¿Ÿ√◊¿Ú—«£©","Replay The Spire","StSLib","The Administrix","The Servant 0.9.4","Youmu£®ªÍ∆«—˝√Œ£©"],"gold_per_floor":[119,162,182,282,139,139,153,182,205,227,250,51,51,51,75,101,101,214,214,244,0,0,0,0,40,50,50],"floor_reached":26,"playtime":1331,"items_purged":["Koishi:BasicStrike","Koishi:BasicStrike"],"score":237,"play_id":"0eef4445-c190-4c67-8b2c-0421085acf49","local_time":"20201217230501","is_ascension_mode":true,"campfire_choices":[{"data":"Koishi:ReleaseOfTheId","floor":6.0,"key":"SMITH"},{"data":"Koishi:BasicStrike","floor":17.0,"key":"PURGE"}],"circlet_count":0,"master_deck":["Koishi:BasicDefend","Koishi:BasicDefend","Koishi:BasicDefend","Koishi:Provoke","Koishi:HauntingSlash","Koishi:ReflexRadar","Koishi:Jaunt","Koishi:ReleaseOfTheId+1","Koishi:RuptureMind","Koishi:BloodcurdlingScream","Koishi:UnseenTerror","Koishi:GeneticsOfTheUnconscious","Koishi:RacingHeart","Koishi:SilentAndRestless","Koishi:YoukaiPolygraph+1","Koishi:TraumaticStroke+1","Koishi:HeartStoppingHorror+1","Koishi:FreudianInstinct","Koishi:Whimsy+1","Koishi:ReleaseOfTheId","Koishi:MentalBreakdown","Lonely"],"relics":["Koishi:ImaginaryFriend","NeowsBlessing","Toy Ornithopter","Replay:Bandana","Replay:Wax Seal","Astrolabe","Mummified Hand","Art of War"],"acts_visited":["Exordium","TheCity"],"potions_floor_usage":[25],"damage_taken":[{"damage":0.0,"enemies":"Cultist","floor":1.0,"turns":1.0},{"damage":0.0,"enemies":"Small Slimes","floor":3.0,"turns":1.0},{"damage":0.0,"enemies":"Jaw Worm","floor":7.0,"turns":1.0},{"damage":13.0,"enemies":"Lagavulin","floor":8.0,"turns":9.0},{"damage":0.0,"enemies":"Lots of Slimes","floor":10.0,"turns":1.0},{"damage":8.0,"enemies":"Red Slaver","floor":11.0,"turns":3.0},{"damage":7.0,"enemies":"Looter","floor":15.0,"turns":2.0},{"damage":13.0,"enemies":"Exordium Wildlife","floor":16.0,"turns":4.0},{"damage":21.0,"enemies":"The Guardian","floor":18.0,"turns":6.0},{"damage":28.0,"enemies":"2 Thieves","floor":20.0,"turns":5.0},{"damage":40,"enemies":"Gremlin Leader","floor":25,"turns":9},{"damage":10,"enemies":"Shell Parasite","floor":26,"turns":2}],"seed_played":"-4998492862227707913","potions_obtained":[{"floor":1.0,"key":"SkillPotion"},{"floor":2.0,"key":"UndeadPotion"},{"floor":7.0,"key":"Weak Potion"},{"floor":8.0,"key":"PowerPotion"},{"floor":16.0,"key":"AttackPotion"},{"floor":18.0,"key":"LifebloodPotion"},{"floor":21.0,"key":"SpeedPotion"},{"floor":25,"key":"FearPotion"}],"is_trial":false,"path_per_floor":["M","?","M","?","$","R","M","E","T","M","M","$","PTL","PTL","M","M","R","B",null,"M","?","$","?","?","E","M"],"character_chosen":"KOISHI","items_purchased":["Koishi:ReleaseOfTheId","Fruit Juice"],"campfire_rested":0,"item_purchase_floors":[5,12],"current_hp_per_floor":[60,45,45,45,45,45,45,48,48,53,50,60,60,60,59,51,51,48,65,52,52,52,52,52,18,8,8],"gold":50,"neow_bonus":"THREE_ENEMY_KILL","is_daily":false,"chose_seed":false,"campfire_upgraded":1,"win_rate":0.0,"timestamp":1608217501,"path_taken":["M","?","?","?","$","R","M","E","T","?","M","?","PTL","PTL","M","?","R","BOSS","M","?","$","?","?","E","M"],"items_purchased_type":["Card","Potion"],"build_version":"2020-12-13","purchased_purges":2,"victory":false,"max_hp_per_floor":[60,60,60,60,60,60,60,60,60,60,60,65,65,65,65,65,65,65,65,65,65,65,65,65,55,55,55],"card_choices":[{"not_picked":["Koishi:GhostParty","Koishi:ReflexRadar"],"picked":"Koishi:UnconsciousUrges","floor":1.0},{"not_picked":["Koishi:SubconsciousSweep","Koishi:StrangeCloudFist"],"picked":"Koishi:ReflexRadar","floor":2.0},{"not_picked":["Koishi:UnseenTerror","Koishi:Bloodlust"],"picked":"Koishi:Jaunt","floor":2.0},{"not_picked":["Koishi:RacingHeart","Koishi:HeartfeltFancy","Koishi:PhantomStrike"],"picked":"SKIP","floor":3.0},{"not_picked":["Koishi:UnconsciousUprising","Koishi:UnansweredLove"],"picked":"Koishi:StingingMind","floor":7.0},{"not_picked":["Koishi:UnconsciousUrges","Koishi:JumpScare"],"picked":"Koishi:RuptureMind","floor":8.0},{"not_picked":["Koishi:SpiritedAway","Koishi:SubterraneanRose"],"picked":"Koishi:BloodcurdlingScream","floor":10.0},{"not_picked":["Koishi:UnconsciousUprising","Koishi:Jaunt"],"picked":"Koishi:UnseenTerror","floor":11.0},{"not_picked":["Koishi:Jaunt","Koishi:Prune"],"picked":"Koishi:GeneticsOfTheUnconscious","floor":15.0},{"not_picked":["Koishi:Ego","Koishi:LastRemote"],"picked":"Koishi:RacingHeart","floor":16.0},{"not_picked":["Koishi:PerfectMindControl","Koishi:ConditionedTeleport"],"picked":"Koishi:SilentAndRestless","floor":18.0},{"not_picked":["Koishi:RacingHeart","Koishi:FidgetySnatcher","Koishi:PhantomBarrier"],"picked":"SKIP","floor":20.0},{"not_picked":["Koishi:CatchAndRose","Koishi:SubterraneanRose"],"picked":"Koishi:FreudianInstinct","floor":21.0},{"not_picked":["Koishi:UnansweredLove","Koishi:HeartfeltFancy"],"picked":"Koishi:Whimsy+1","floor":21.0},{"not_picked":["Koishi:Prune","Koishi:ParalyzingFear","Koishi:CatchAndRose"],"picked":"SKIP","floor":25}],"player_experience":894376,"relics_obtained":[{"floor":2.0,"key":"Toy Ornithopter"},{"floor":8.0,"key":"Replay:Bandana"},{"floor":9.0,"key":"Replay:Wax Seal"},{"floor":21.0,"key":"Mummified Hand"},{"floor":25,"key":"Art of War"}],"event_choices":[{"damage_healed":0.0,"max_hp_gain":0.0,"max_hp_loss":0.0,"gold_gain":100.0,"event_name":"Golden Shrine","player_choice":"Pray","floor":4.0,"gold_loss":0.0,"damage_taken":0.0},{"cards_removed":["Koishi:StingingMind"],"damage_healed":0.0,"max_hp_gain":0.0,"max_hp_loss":0.0,"gold_gain":0.0,"event_name":"Back to Basics","player_choice":"Elegance","floor":23.0,"gold_loss":0.0,"damage_taken":0.0},{"damage_healed":0,"gold_gain":0,"player_choice":"3 cards matched","damage_taken":0,"max_hp_gain":0,"max_hp_loss":0,"event_name":"Match and Keep!","floor":24,"gold_loss":0,"cards_obtained":["Koishi:ReleaseOfTheId","Koishi:MentalBreakdown","Lonely"]}],"is_beta":false,"boss_relics":[{"not_picked":["Velvet Choker","Busted Crown"],"picked":"Astrolabe"}],"items_purged_floors":[5,12],"is_endless":false,"potions_floor_spawned":[1,7,8,16,18,25],"killed_by":"Shell Parasite","ascension_level":1}}