{"host":"4iumrvuiaf6fol98","time":1608224026,"event":{"mods":["AchievementEnabler","BaseMod","Colored Map","Colored Powertips","Minty Spire (QoL Compilation)","Quick Restart","StSLib"],"gold_per_floor":[119,133,133,149,149,149,161,194,239,3,37,59,76,91,91,188,188,200,210,224,224,78,78,91,91,91,104,104,19,19,33,33,128,128,148,148,148],"floor_reached":36,"playtime":2662,"items_purged":[],"score":426,"play_id":"3247040a-867c-4994-89f3-b9a887f22ec7","local_time":"20201217115346","is_ascension_mode":false,"campfire_choices":[{"data":"Blade Dance","floor":6,"key":"SMITH"},{"data":"Accuracy","floor":15,"key":"SMITH"},{"floor":23,"key":"REST"},{"data":"Noxious Fumes","floor":25,"key":"SMITH"},{"data":"A Thousand Cuts","floor":28,"key":"SMITH"},{"data":"Blur","floor":30,"key":"SMITH"},{"data":"Distraction","floor":32,"key":"SMITH"}],"circlet_count":0,"master_deck":["Strike_G","Strike_G","Strike_G","Strike_G","Defend_G","Defend_G","Defend_G+1","Survivor","Neutralize","Blade Dance+1","Slice","Flying Knee+1","Dash","Masterful Stab","Footwork","Slice","Accuracy+1","Poisoned Stab","Blur+1","PiercingWail","A Thousand Cuts+1","Noxious Fumes+1","Slice","Caltrops","Cloak And Dagger+1","Dodge and Roll","Distraction+1","Envenom","Deflect"],"relics":["Ring of the Snake","Question Card","Vajra","Strange Spoon","Art of War","Odd Mushroom","WristBlade","Bronze Scales","Ninja Scroll","Meat on the Bone","Empty Cage"],"acts_visited":["Exordium","TheCity","TheBeyond"],"potions_floor_usage":[7,8,14,16,33,33,35],"damage_taken":[{"damage":0,"enemies":"Jaw Worm","floor":1,"turns":4},{"damage":0,"enemies":"2 Louse","floor":2,"turns":3},{"damage":0,"enemies":"Cultist","floor":4,"turns":3},{"damage":0,"enemies":"Gremlin Gang","floor":7,"turns":3},{"damage":8,"enemies":"3 Sentries","floor":8,"turns":6},{"damage":8,"enemies":"Gremlin Nob","floor":11,"turns":3},{"damage":3,"enemies":"The Mushroom Lair","floor":12,"turns":4},{"damage":0,"enemies":"Large Slime","floor":13,"turns":3},{"damage":0,"enemies":"Exordium Wildlife","floor":14,"turns":3},{"damage":0,"enemies":"Hexaghost","floor":16,"turns":7},{"damage":13,"enemies":"3 Byrds","floor":18,"turns":4},{"damage":0,"enemies":"Chosen","floor":19,"turns":3},{"damage":23,"enemies":"Snake Plant","floor":20,"turns":4},{"damage":3,"enemies":"Cultist and Chosen","floor":24,"turns":4},{"damage":5,"enemies":"Centurion and Healer","floor":27,"turns":4},{"damage":2,"enemies":"Snake Plant","floor":31,"turns":4},{"damage":40,"enemies":"Champ","floor":33,"turns":10},{"damage":36,"enemies":"3 Darklings","floor":35,"turns":3},{"damage":52,"enemies":"2 Orb Walkers","floor":36,"turns":5}],"seed_played":"3718024450267304240","potions_obtained":[{"floor":2,"key":"SkillPotion"},{"floor":4,"key":"Explosive Potion"},{"floor":13,"key":"AttackPotion"},{"floor":14,"key":"Fire Potion"},{"floor":19,"key":"Strength Potion"},{"floor":24,"key":"SpeedPotion"},{"floor":33,"key":"DistilledChaos"},{"floor":35,"key":"CultistPotion"}],"is_trial":false,"path_per_floor":["M","M","?","M","?","R","M","E","T","$","E","?","M","M","R","B",null,"M","M","M","?","$","R","M","R","T","M","R","?","R","M","R","B",null,"M","?"],"character_chosen":"THE_SILENT","items_purchased":["Strange Spoon","Footwork","Slice","Bronze Scales"],"campfire_rested":1,"item_purchase_floors":[10,10,10,22],"current_hp_per_floor":[77,77,77,77,62,62,62,54,54,54,46,43,43,43,43,43,77,64,64,41,41,41,64,61,61,61,56,56,56,56,54,54,26,77,41,0,0],"gold":148,"neow_bonus":"TEN_PERCENT_HP_BONUS","is_daily":false,"chose_seed":false,"campfire_upgraded":6,"win_rate":0.0,"timestamp":1608224026,"path_taken":["M","M","?","M","?","R","M","E","T","?","E","?","M","?","R","BOSS","M","M","M","?","?","R","?","R","T","M","R","?","R","M","R","BOSS","M","?"],"items_purchased_type":["Relic","Card","Card","Relic"],"build_version":"2020-12-13","purchased_purges":0,"victory":false,"max_hp_per_floor":[77,77,77,77,77,77,77,77,77,77,77,77,77,77,77,77,77,77,77,77,77,77,77,77,77,77,77,77,77,77,77,77,77,77,77,77,77],"card_choices":[{"not_picked":["Escape Plan","Blur"],"picked":"Blade Dance","floor":1},{"not_picked":["PiercingWail","Concentrate"],"picked":"Slice","floor":2},{"not_picked":["Riddle With Holes","Sucker Punch"],"picked":"Flying Knee","floor":4},{"not_picked":["Bane","Deadly Poison"],"picked":"Dash","floor":7},{"not_picked":["Concentrate","Outmaneuver"],"picked":"Masterful Stab","floor":8},{"not_picked":["Deadly Poison","PiercingWail","Cloak And Dagger"],"picked":"Accuracy","floor":11},{"not_picked":["Concentrate","Adrenaline","Bane"],"picked":"Poisoned Stab","floor":12},{"not_picked":["Bane","Deadly Poison","Sucker Punch"],"picked":"Blur","floor":13},{"not_picked":["Slice","Storm of Steel","Quick Slash"],"picked":"PiercingWail","floor":14},{"not_picked":["Adrenaline","Tools of the Trade","Wraith Form v2"],"picked":"A Thousand Cuts","floor":16},{"not_picked":["Underhanded Strike+1","Acrobatics","Bane"],"picked":"Noxious Fumes","floor":18},{"not_picked":["Dash","Quick Slash","Dodge and Roll"],"picked":"Slice","floor":19},{"not_picked":["Flying Knee","Quick Slash","Riddle With Holes+1"],"picked":"Caltrops","floor":20},{"not_picked":["Die Die Die","Deflect","Backflip"],"picked":"Cloak And Dagger+1","floor":24},{"not_picked":["Flechettes","Riddle With Holes","Predator"],"picked":"Dodge and Roll","floor":27},{"not_picked":["Acrobatics","Dodge and Roll","Underhanded Strike+1"],"picked":"Distraction","floor":31},{"not_picked":["Tools of the Trade","After Image","Storm of Steel"],"picked":"Envenom","floor":33},{"not_picked":["Quick Slash+1","Catalyst","Dagger Throw"],"picked":"Deflect","floor":35}],"player_experience":217021,"relics_obtained":[{"floor":8,"key":"Question Card"},{"floor":9,"key":"Vajra"},{"floor":11,"key":"Art of War"},{"floor":12,"key":"Odd Mushroom"},{"floor":26,"key":"Ninja Scroll"}],"event_choices":[{"damage_healed":0,"gold_gain":0,"player_choice":"Ignored","damage_taken":0,"max_hp_gain":0,"max_hp_loss":0,"event_name":"Golden Wing","floor":3,"gold_loss":0},{"damage_healed":0,"gold_gain":0,"player_choice":"Entered Light","damage_taken":15,"max_hp_gain":0,"max_hp_loss":0,"event_name":"Shining Light","floor":5,"gold_loss":0,"cards_upgraded":["Defend_G","Flying Knee"]},{"damage_healed":0,"gold_gain":0,"player_choice":"Fought Mushrooms","damage_taken":0,"max_hp_gain":0,"max_hp_loss":0,"event_name":"Mushrooms","floor":12,"gold_loss":0},{"cards_removed":["Strike_G"],"damage_healed":0,"gold_gain":0,"player_choice":"Purged","damage_taken":0,"max_hp_gain":0,"max_hp_loss":0,"event_name":"Purifier","floor":21,"gold_loss":0},{"damage_healed":0,"gold_gain":0,"player_choice":"Obtained Relic","damage_taken":0,"relics_obtained":["Meat on the Bone"],"max_hp_gain":0,"max_hp_loss":0,"event_name":"Addict","floor":29,"gold_loss":85},{"damage_healed":0,"gold_gain":0,"player_choice":"Fight","damage_taken":0,"max_hp_gain":0,"max_hp_loss":0,"event_name":"Mysterious Sphere","floor":36,"gold_loss":0}],"is_beta":false,"boss_relics":[{"not_picked":["Coffee Dripper","Sozu"],"picked":"WristBlade"},{"not_picked":["Busted Crown","Snecko Eye"],"picked":"Empty Cage"}],"items_purged_floors":[],"is_endless":false,"potions_floor_spawned":[2,4,13,14,19,24,33,35],"killed_by":"2 Orb Walkers","ascension_level":0}}