{"host":"a9gsz7kv8aebwp1f","time":1608165266,"event":{"mods":["AchievementEnabler","BaseMod","Minty Spire (QoL Compilation)"],"gold_per_floor":[32,63,74,89,94,94,133,144,169,204,234,234,268,233,233,354,354,385,385,28,44,44,44,95,95,95,134,66,104,104,104],"floor_reached":30,"playtime":1318,"items_purged":[],"score":397,"play_id":"08f6e25b-5881-4fc5-b085-b73c0ec972da","local_time":"20201217093426","is_ascension_mode":true,"campfire_choices":[{"data":"Reprogram","floor":6,"key":"SMITH"},{"floor":12,"key":"REST"},{"data":"Stack","floor":15,"key":"SMITH"},{"floor":23,"key":"REST"},{"data":"Anger","floor":25,"key":"SMITH"}],"circlet_count":0,"master_deck":["AscendersBane","Strike_B","Strike_B","Strike_B","Strike_B","Defend_B","Defend_B","Defend_B","Defend_B","HandOfGreed","Glacier","Loop","Reprogram+1","FTL","Go for the Eyes","Beam Cell","Sweeping Beam","Seek","BootSequence","Stack+1","Seek","Gash+1","Gash","Anger+1","Tantrum+1","Sword Boomerang","Genetic Algorithm","CrushJoints"],"relics":["Cracked Core","Juzu Bracelet","Empty Cage","Ice Cream","PrismaticShard","Lantern","PreservedInsect","Tiny Chest"],"acts_visited":["Exordium","TheCity"],"potions_floor_usage":[5,24,24,27],"damage_taken":[{"damage":2,"enemies":"2 Louse","floor":1,"turns":3},{"damage":1,"enemies":"Jaw Worm","floor":2,"turns":3},{"damage":1,"enemies":"Cultist","floor":3,"turns":3},{"damage":9,"enemies":"Blue Slaver","floor":4,"turns":3},{"damage":5,"enemies":"Exordium Thugs","floor":5,"turns":4},{"damage":14,"enemies":"Lots of Slimes","floor":7,"turns":5},{"damage":9,"enemies":"Red Slaver","floor":8,"turns":2},{"damage":12,"enemies":"Gremlin Gang","floor":10,"turns":4},{"damage":11,"enemies":"Looter","floor":11,"turns":2},{"damage":13,"enemies":"2 Fungi Beasts","floor":13,"turns":4},{"damage":17,"enemies":"Slime Boss","floor":16,"turns":12},{"damage":11,"enemies":"Shell Parasite","floor":18,"turns":9},{"damage":9,"enemies":"Spheric Guardian","floor":21,"turns":4},{"damage":12,"enemies":"Gremlin Leader","floor":24,"turns":8},{"damage":5,"enemies":"Cultist and Chosen","floor":27,"turns":6},{"damage":14,"enemies":"Snake Plant","floor":29,"turns":3},{"damage":45,"enemies":"Snecko","floor":30,"turns":4}],"seed_played":"-2735704132370860847","potions_obtained":[{"floor":1,"key":"SteroidPotion"},{"floor":3,"key":"Block Potion"},{"floor":5,"key":"Fruit Juice"},{"floor":10,"key":"SteroidPotion"},{"floor":22,"key":"Fire Potion"},{"floor":22,"key":"Fire Potion"},{"floor":24,"key":"Swift Potion"},{"floor":27,"key":"Block Potion"}],"is_trial":false,"path_per_floor":["M","M","M","M","M","R","M","M","T","M","M","R","M","?","R","B",null,"M","?","$","M","?","R","E","R","T","M","$","M","M"],"character_chosen":"DEFECT","items_purchased":["PrismaticShard","Lantern","Gash","Genetic Algorithm"],"campfire_rested":2,"item_purchase_floors":[20,20,20,28],"current_hp_per_floor":[66,65,64,55,55,55,41,32,32,20,9,33,20,40,40,23,66,55,55,55,46,46,70,58,58,58,53,53,39,0,0],"gold":104,"neow_bonus":"RANDOM_COLORLESS_2","is_daily":false,"chose_seed":false,"campfire_upgraded":3,"win_rate":0.0,"timestamp":1608165266,"path_taken":["M","M","M","M","M","R","M","M","T","M","M","R","M","?","R","BOSS","M","?","?","M","?","R","E","R","T","M","$","M","M"],"items_purchased_type":["Relic","Relic","Card","Card"],"build_version":"2020-12-13","purchased_purges":0,"victory":false,"max_hp_per_floor":[75,75,75,75,80,80,80,80,80,80,80,80,80,80,80,80,80,80,80,80,80,80,80,80,80,80,80,80,80,80,80],"card_choices":[{"not_picked":["The Bomb","Panache"],"picked":"HandOfGreed","floor":0},{"not_picked":["Lockon","Leap"],"picked":"Glacier","floor":1},{"not_picked":["Hologram","Self Repair"],"picked":"Loop","floor":2},{"not_picked":["White Noise","Barrage"],"picked":"Reprogram","floor":3},{"not_picked":["Rebound","Chaos"],"picked":"FTL","floor":4},{"not_picked":["Darkness","Undo"],"picked":"Go for the Eyes","floor":5},{"not_picked":["Turbo","Loop"],"picked":"Beam Cell","floor":7},{"not_picked":["Chaos","Skim"],"picked":"Sweeping Beam","floor":8},{"not_picked":["Heatsinks","Double Energy"],"picked":"Seek","floor":10},{"not_picked":["Steam","Ball Lightning"],"picked":"BootSequence","floor":11},{"not_picked":["Ball Lightning","Go for the Eyes"],"picked":"Stack","floor":13},{"not_picked":["Meteor Strike","Multi-Cast"],"picked":"Seek","floor":16},{"not_picked":["Compile Driver","Turbo"],"picked":"Gash+1","floor":18},{"not_picked":["Halt","Concentrate+1"],"picked":"Anger","floor":21},{"not_picked":["Rage+1","Twin Strike+1"],"picked":"Tantrum+1","floor":24},{"not_picked":["Body Slam","Heel Hook"],"picked":"Sword Boomerang","floor":27},{"not_picked":["Darkness+1","Genetic Algorithm"],"picked":"CrushJoints","floor":29}],"player_experience":428745,"relics_obtained":[{"floor":9,"key":"Juzu Bracelet"},{"floor":19,"key":"Ice Cream"},{"floor":24,"key":"PreservedInsect"},{"floor":26,"key":"Tiny Chest"}],"event_choices":[{"damage_healed":20,"gold_gain":0,"player_choice":"Healed","damage_taken":0,"max_hp_gain":0,"max_hp_loss":0,"event_name":"The Cleric","floor":14,"gold_loss":35},{"damage_healed":0,"gold_gain":0,"player_choice":"Relic","damage_taken":0,"max_hp_gain":0,"max_hp_loss":0,"event_name":"Wheel of Change","floor":19,"gold_loss":0},{"damage_healed":0,"gold_gain":0,"player_choice":"Got Potions","damage_taken":0,"max_hp_gain":0,"max_hp_loss":0,"event_name":"Lab","floor":22,"gold_loss":0}],"is_beta":false,"boss_relics":[{"not_picked":["Runic Pyramid","SacredBark"],"picked":"Empty Cage"}],"items_purged_floors":[],"is_endless":false,"potions_floor_spawned":[1,3,5,10,11,24,27],"killed_by":"Snecko","ascension_level":12}}