{"host":"90jl2h70xtuoeg0i","time":1608175537,"event":{"mods":["AchievementEnabler","BaseMod","Colored Map","Colored Powertips","Minty Spire (QoL Compilation)","Relic Stats","ojb\u0027s Better Paths Mod","ojb\u0027s Info Mod"],"gold_per_floor":[114,125,139,139,139,139,175,175,175,219,238,263,283,308,308,399,399,420,438,438,459,483,517,517,556,581,581,166,216,166,189,189,287,287,305,323,163,184,184,184,224,244,270,76,109,109,109,136,136,136,136,136,136,51,89,89,89],"floor_reached":56,"playtime":11759,"items_purged":["Strike_G"],"score":1964,"play_id":"62a96699-2fa5-499a-8284-909706bfc7bb","local_time":"20201216222537","is_ascension_mode":true,"campfire_choices":[{"data":"Glass Knife","floor":6.0,"key":"SMITH"},{"data":"Leg Sweep","floor":8.0,"key":"SMITH"},{"data":"Storm of Steel","floor":15.0,"key":"SMITH"},{"data":"Storm of Steel","floor":24.0,"key":"SMITH"},{"floor":27.0,"key":"REST"},{"data":"Footwork","floor":32.0,"key":"SMITH"},{"data":"Accuracy","floor":40.0,"key":"SMITH"},{"data":"Accuracy","floor":47.0,"key":"SMITH"},{"floor":49.0,"key":"RECALL"},{"data":"Malaise","floor":53.0,"key":"SMITH"}],"circlet_count":0,"master_deck":["AscendersBane","Defend_G","Defend_G","Defend_G","Defend_G+1","Defend_G","Survivor","Neutralize","Flying Knee","Flying Knee","Glass Knife+1","Finisher","Leg Sweep+1","Grand Finale","Adrenaline+1","Cloak And Dagger","Storm of Steel+1","Storm of Steel+1","Choke+1","Footwork+1","Dodge and Roll+1","Acrobatics","Footwork+1","Caltrops+1","PiercingWail+1","Distraction","Malaise+1","Master of Strategy","Malaise","Accuracy+1","Accuracy+1","Madness","Madness","Footwork"],"relics":["Runic Pyramid","Golden Idol","Dead Branch","Du-Vu Doll","Anchor","Astrolabe","MealTicket","HornCleat","Centennial Puzzle","Chemical X","Coffee Dripper","Vajra","Letter Opener","Bag of Marbles","Blood Vial","Ginger"],"acts_visited":["Exordium","TheCity","TheBeyond","TheEnding"],"potions_floor_usage":[],"damage_taken":[{"damage":0.0,"enemies":"Small Slimes","floor":1.0,"turns":4.0},{"damage":5.0,"enemies":"Jaw Worm","floor":2.0,"turns":4.0},{"damage":0.0,"enemies":"2 Louse","floor":3.0,"turns":3.0},{"damage":3.0,"enemies":"Gremlin Nob","floor":7.0,"turns":3.0},{"damage":10.0,"enemies":"3 Sentries","floor":10.0,"turns":7.0},{"damage":0.0,"enemies":"Gremlin Gang","floor":11.0,"turns":4.0},{"damage":0.0,"enemies":"Looter","floor":12.0,"turns":2.0},{"damage":1.0,"enemies":"Exordium Wildlife","floor":13.0,"turns":2.0},{"damage":0.0,"enemies":"3 Louse","floor":14.0,"turns":2.0},{"damage":1.0,"enemies":"Hexaghost","floor":16.0,"turns":8.0},{"damage":0.0,"enemies":"Spheric Guardian","floor":18.0,"turns":3.0},{"damage":0.0,"enemies":"3 Byrds","floor":19.0,"turns":4.0},{"damage":5.0,"enemies":"Snake Plant","floor":21.0,"turns":5.0},{"damage":0.0,"enemies":"Cultist and Chosen","floor":22.0,"turns":5.0},{"damage":15.0,"enemies":"Slavers","floor":23.0,"turns":4.0},{"damage":27.0,"enemies":"Gremlin Leader","floor":25.0,"turns":6.0},{"damage":0.0,"enemies":"Snecko","floor":31.0,"turns":2.0},{"damage":38.0,"enemies":"Champ","floor":33.0,"turns":19.0},{"damage":0.0,"enemies":"3 Shapes","floor":35.0,"turns":3.0},{"damage":0.0,"enemies":"Orb Walker","floor":36.0,"turns":3.0},{"damage":0.0,"enemies":"Sphere and 2 Shapes","floor":38.0,"turns":4.0},{"damage":14.0,"enemies":"Nemesis","floor":41.0,"turns":7.0},{"damage":3.0,"enemies":"4 Shapes","floor":42.0,"turns":3.0},{"damage":0.0,"enemies":"Giant Head","floor":45.0,"turns":3.0},{"damage":13.0,"enemies":"Awakened One","floor":50.0,"turns":17.0},{"damage":28.0,"enemies":"Time Eater","floor":51.0,"turns":11.0},{"damage":6.0,"enemies":"Shield and Spear","floor":55.0,"turns":4.0},{"damage":75,"enemies":"The Heart","floor":56,"turns":6}],"seed_played":"2241264069363285050","potions_obtained":[{"floor":7.0,"key":"Swift Potion"},{"floor":10.0,"key":"Fire Potion"},{"floor":12.0,"key":"FearPotion"},{"floor":19.0,"key":"SteroidPotion"},{"floor":22.0,"key":"SpeedPotion"},{"floor":31.0,"key":"Dexterity Potion"},{"floor":38.0,"key":"Dexterity Potion"},{"floor":41.0,"key":"BlessingOfTheForge"}],"is_trial":false,"path_per_floor":["M","M","M","?","?","R","E","R","T","E","M","M","M","M","R","B",null,"M","M","?","M","M","E","R","E","T","R","$","?","?","M","R","B",null,"M","M","$","M","$","R","E","M","T","$","E","?","R","T","R","B","B",null,"R","$","E","B"],"character_chosen":"THE_SILENT","items_purchased":["Master of Strategy","Chemical X","Vajra","Accuracy","FairyPotion","Footwork"],"campfire_rested":1,"item_purchase_floors":[28,28,37,44,44,54],"current_hp_per_floor":[59,54,54,54,54,54,51,51,51,41,41,41,40,40,40,39,55,55,55,55,50,50,35,35,8,8,26,41,41,41,41,41,3,46,46,46,60,60,60,60,46,43,43,58,58,47,47,47,47,36,10,48,48,60,54,0,0],"gold":89,"neow_bonus":"BOSS_RELIC","is_daily":false,"chose_seed":false,"campfire_upgraded":8,"win_rate":0.0,"timestamp":1608175537,"path_taken":["M","M","M","?","?","R","E","R","T","E","M","M","M","?","R","BOSS","M","M","?","M","M","E","R","E","T","R","$","?","?","M","R","BOSS","M","M","$","M","$","R","E","?","T","$","E","?","R","?","R","BOSS","BOSS","R","$","E","BOSS"],"items_purchased_type":["Card","Relic","Relic","Card","Potion","Card"],"build_version":"2020-12-13","purchased_purges":1,"victory":false,"max_hp_per_floor":[66,66,66,66,60,60,60,60,60,60,60,60,60,60,60,60,60,60,60,60,60,60,60,60,60,60,60,60,60,60,60,60,60,60,60,60,60,60,60,60,60,60,60,60,60,60,60,60,60,60,60,60,60,60,60,60,60],"relic_stats":{"Blood Vial":6,"Centennial Puzzle":[16],"counters":[28,148],"Golden Idol":185,"Dead Branch":[286],"Astrolabe":["Choke","Footwork","Dodge and Roll"],"MealTicket":56,"Chemical X":[21],"Letter Opener":[145],"Ginger":[2],"obtain_stats":[{"Golden Idol":5,"Dead Branch":7,"Astrolabe":17,"Vajra":37,"Letter Opener":41,"Ginger":55,"Du-Vu Doll":9,"Blood Vial":48,"Anchor":10,"Centennial Puzzle":26,"HornCleat":25,"MealTicket":23,"Coffee Dripper":34,"Bag of Marbles":45,"Chemical X":28,"Ring of the Snake":0,"Runic Pyramid":0},{"Golden Idol":3,"Dead Branch":4,"Astrolabe":10,"Vajra":20,"Letter Opener":22,"Ginger":27,"Du-Vu Doll":4,"Blood Vial":24,"Anchor":5,"Centennial Puzzle":16,"HornCleat":16,"MealTicket":15,"Coffee Dripper":18,"Bag of Marbles":24,"Chemical X":16,"Ring of the Snake":0,"Runic Pyramid":0},{"Golden Idol":11,"Dead Branch":14,"Astrolabe":39,"Vajra":93,"Letter Opener":104,"Ginger":142,"Du-Vu Doll":14,"Blood Vial":110,"Anchor":21,"Centennial Puzzle":66,"HornCleat":66,"MealTicket":60,"Coffee Dripper":87,"Bag of Marbles":110,"Chemical X":66,"Ring of the Snake":0,"Runic Pyramid":0}]},"card_choices":[{"not_picked":["Prepared","Dodge and Roll"],"picked":"Flying Knee","floor":1.0},{"not_picked":["Poisoned Stab","Prepared"],"picked":"Flying Knee","floor":2.0},{"not_picked":["Slice","Deadly Poison"],"picked":"Glass Knife","floor":3.0},{"not_picked":["Distraction","Acrobatics"],"picked":"Leg Sweep","floor":7.0},{"not_picked":["Quick Slash","Acrobatics"],"picked":"Grand Finale","floor":10.0},{"not_picked":["Dagger Throw","Well Laid Plans"],"picked":"Adrenaline","floor":11.0},{"not_picked":["Prepared","Predator"],"picked":"Cloak And Dagger","floor":12.0},{"not_picked":["Underhanded Strike","Dagger Throw"],"picked":"Storm of Steel","floor":13.0},{"not_picked":["Outmaneuver","Dagger Throw","Underhanded Strike"],"picked":"SKIP","floor":14.0},{"not_picked":["Corpse Explosion","Wraith Form v2"],"picked":"Storm of Steel","floor":16.0},{"not_picked":["Flying Knee","Blur","Quick Slash"],"picked":"SKIP","floor":18.0},{"not_picked":["Dash","Crippling Poison"],"picked":"Acrobatics","floor":19.0},{"not_picked":["Eviscerate","Quick Slash"],"picked":"Caltrops+1","floor":21.0},{"not_picked":["Escape Plan+1","Deadly Poison"],"picked":"PiercingWail+1","floor":22.0},{"not_picked":["Predator","Flying Knee"],"picked":"Distraction","floor":23.0},{"not_picked":["Acrobatics","Deflect"],"picked":"Malaise","floor":25.0},{"not_picked":["Poisoned Stab","Dagger Throw","Backflip"],"picked":"SKIP","floor":31.0},{"not_picked":["Envenom","Tools of the Trade"],"picked":"Malaise","floor":33.0},{"not_picked":["Expertise","Quick Slash+1","Caltrops"],"picked":"SKIP","floor":35.0},{"not_picked":["Flying Knee","Leg Sweep+1"],"picked":"Accuracy","floor":36.0},{"not_picked":["Poisoned Stab","Deflect","Dash"],"picked":"SKIP","floor":38.0},{"not_picked":["Dodge and Roll","Setup+1","Prepared"],"picked":"SKIP","floor":41.0},{"not_picked":["Dagger Throw","Cloak And Dagger","Dagger Spray+1"],"picked":"SKIP","floor":42.0},{"not_picked":["Acrobatics","Bane","Finisher"],"picked":"SKIP","floor":45.0},{"not_picked":["A Thousand Cuts","Slice+1","Heel Hook"],"picked":"SKIP","floor":55.0}],"player_experience":1324302,"relics_obtained":[{"floor":7.0,"key":"Dead Branch"},{"floor":9.0,"key":"Du-Vu Doll"},{"floor":10.0,"key":"Anchor"},{"floor":23.0,"key":"MealTicket"},{"floor":25.0,"key":"HornCleat"},{"floor":26.0,"key":"Centennial Puzzle"},{"floor":41.0,"key":"Letter Opener"},{"floor":45.0,"key":"Bag of Marbles"},{"floor":48.0,"key":"Blood Vial"},{"floor":55.0,"key":"Ginger"}],"event_choices":[{"damage_healed":0.0,"max_hp_gain":0.0,"max_hp_loss":0.0,"gold_gain":0.0,"cards_transformed":["Strike_G"],"event_name":"Living Wall","player_choice":"Change","floor":4.0,"gold_loss":0.0,"damage_taken":0.0,"cards_obtained":["Finisher"]},{"damage_healed":0.0,"max_hp_gain":0.0,"max_hp_loss":6.0,"gold_gain":0.0,"event_name":"Golden Idol","player_choice":"Lose Max HP","floor":5.0,"gold_loss":0.0,"damage_taken":0.0,"relics_obtained":["Golden Idol"]},{"damage_healed":0.0,"max_hp_gain":0.0,"max_hp_loss":0.0,"gold_gain":0.0,"event_name":"The Library","player_choice":"Read","floor":20.0,"gold_loss":0.0,"damage_taken":0.0,"cards_obtained":["Footwork"]},{"damage_healed":0.0,"max_hp_gain":0.0,"max_hp_loss":0.0,"gold_gain":50.0,"event_name":"Nest","player_choice":"Stole From Cult","floor":29.0,"gold_loss":0.0,"damage_taken":0.0},{"damage_healed":0.0,"max_hp_gain":0.0,"max_hp_loss":0.0,"gold_gain":0.0,"event_name":"Designer","player_choice":"Upgraded Two","floor":30.0,"gold_loss":50.0,"damage_taken":0.0,"cards_upgraded":["Adrenaline","Defend_G"]},{"damage_healed":0.0,"max_hp_gain":0.0,"max_hp_loss":0.0,"gold_gain":0.0,"event_name":"Winding Halls","player_choice":"Embrace Madness","floor":46.0,"gold_loss":0.0,"damage_taken":11.0,"cards_obtained":["Madness","Madness"]}],"is_beta":false,"boss_relics":[{"not_picked":["SlaversCollar","SacredBark"],"picked":"Astrolabe"},{"not_picked":["HoveringKite","Fusion Hammer"],"picked":"Coffee Dripper"}],"items_purged_floors":[28],"is_endless":false,"potions_floor_spawned":[7,10,12,13,14,19,22,31,38,41],"killed_by":"The Heart","ascension_level":20}}