{"host":"mzp3aio8ad1xt0an","time":1608184188,"event":{"mods":["2.2 Compatiblity","AchievementEnabler","BaseMod","Better Note","Better Skull","Better Third Choice","Block Reminder","Colored Map","Colored Powertips","Minty Spire (QoL Compilation)","Permanent Neow","Quick Restart","Rare Cards Sparkle","Relic Filter","Spicy Shops","StSLib"],"gold_per_floor":[117,66,85,85,0,0,40,40,40,62,103,125,144,166,166,275,275,302,324,349,368,377,421,449,449,449],"floor_reached":25,"playtime":2061,"items_purged":[],"score":249,"play_id":"8216f489-7e15-4cb6-b106-8c5786012b36","local_time":"20201216214948","is_ascension_mode":true,"campfire_choices":[{"data":"Enlightenment","floor":6.0,"key":"SMITH"},{"floor":8.0,"key":"REST"},{"data":"Glass Knife","floor":15.0,"key":"SMITH"}],"circlet_count":0,"master_deck":["Strike_G","Strike_G","Strike_G","Strike_G","Defend_G","Defend_G","Defend_G","Survivor","Neutralize+1","PiercingWail","Quick Slash","Deadly Poison","Enlightenment+1","Masterful Stab","Dagger Spray","Glass Knife+1","Crippling Poison","Choke","Blade Dance","Burst","Backflip","Bane","Cloak And Dagger+1","Noxious Fumes","Judgement","Backstab+1","Footwork+1"],"relics":["Ring of the Snake","CeramicFish","Question Card","Gambling Chip","Empty Cage","Bottled Flame"],"acts_visited":["Exordium","TheCity"],"potions_floor_usage":[],"damage_taken":[{"damage":1.0,"enemies":"Cultist","floor":1.0,"turns":4.0},{"damage":1.0,"enemies":"2 Louse","floor":3.0,"turns":3.0},{"damage":25.0,"enemies":"3 Sentries","floor":7.0,"turns":14.0},{"damage":3.0,"enemies":"Jaw Worm","floor":10.0,"turns":3.0},{"damage":19.0,"enemies":"Lagavulin","floor":11.0,"turns":7.0},{"damage":5.0,"enemies":"Exordium Thugs","floor":12.0,"turns":4.0},{"damage":0.0,"enemies":"2 Fungi Beasts","floor":13.0,"turns":3.0},{"damage":0.0,"enemies":"Red Slaver","floor":14.0,"turns":2.0},{"damage":29.0,"enemies":"The Guardian","floor":16.0,"turns":12.0},{"damage":10.0,"enemies":"3 Byrds","floor":18.0,"turns":5.0},{"damage":0.0,"enemies":"Chosen","floor":19.0,"turns":4.0},{"damage":9.0,"enemies":"3 Cultists","floor":20.0,"turns":6.0},{"damage":2.0,"enemies":"Centurion and Healer","floor":21.0,"turns":5.0},{"damage":17.0,"enemies":"Slavers","floor":23.0,"turns":6.0},{"damage":24,"enemies":"Snake Plant","floor":24,"turns":4},{"damage":16,"enemies":"Book of Stabbing","floor":25,"turns":2}],"seed_played":"-7374701012892189357","potions_obtained":[{"floor":3.0,"key":"Ancient Potion"},{"floor":11.0,"key":"SpeedPotion"},{"floor":13.0,"key":"Poison Potion"},{"floor":16.0,"key":"GamblersBrew"},{"floor":18.0,"key":"Energy Potion"},{"floor":20.0,"key":"ColorlessPotion"},{"floor":23.0,"key":"SneckoOil"}],"is_trial":false,"path_per_floor":["M","$","M","?","?","R","E","R","T","M","E","M","M","M","R","B",null,"M","M","M","M","?","E","M","E"],"character_chosen":"THE_SILENT","items_purchased":["Quick Slash"],"campfire_rested":1,"item_purchase_floors":[2],"current_hp_per_floor":[69,69,68,61,67,67,42,64,64,61,42,37,37,37,37,8,76,66,66,57,55,55,38,14,0,0],"gold":449,"neow_bonus":"UPGRADE_CARD","is_daily":false,"chose_seed":false,"campfire_upgraded":2,"win_rate":0.0,"timestamp":1608184188,"path_taken":["M","$","?","?","?","R","E","R","T","M","E","?","M","M","R","BOSS","M","M","M","M","?","E","M","E"],"items_purchased_type":["Card"],"build_version":"2020-12-13","purchased_purges":0,"victory":false,"max_hp_per_floor":[70,70,70,70,76,76,76,76,76,76,76,76,76,76,76,76,76,76,76,76,76,76,76,76,76,76],"card_choices":[{"not_picked":["Dagger Spray","Sucker Punch"],"picked":"PiercingWail","floor":1.0},{"not_picked":["Outmaneuver","Bouncing Flask"],"picked":"Deadly Poison","floor":3.0},{"not_picked":["Quick Slash","All Out Attack"],"picked":"Masterful Stab","floor":7.0},{"not_picked":["Skewer","Reflex","Well Laid Plans"],"picked":"Dagger Spray","floor":10.0},{"not_picked":["PiercingWail","Cloak And Dagger","Backflip"],"picked":"Glass Knife","floor":11.0},{"not_picked":["Distraction","Prepared","Outmaneuver"],"picked":"Crippling Poison","floor":12.0},{"not_picked":["Crippling Poison","Well Laid Plans","Dagger Spray"],"picked":"Choke","floor":13.0},{"not_picked":["Bane","Outmaneuver","Riddle With Holes"],"picked":"Blade Dance","floor":14.0},{"not_picked":["Storm of Steel","Die Die Die","Wraith Form v2"],"picked":"Burst","floor":16.0},{"not_picked":["Deflect","Heel Hook","Prepared"],"picked":"Backflip","floor":18.0},{"not_picked":["Sucker Punch","All Out Attack","Blade Dance"],"picked":"Bane","floor":19.0},{"not_picked":["Dagger Spray","Sucker Punch","Blade Dance"],"picked":"Cloak And Dagger+1","floor":20.0},{"not_picked":["Dagger Spray+1","Masterful Stab","Concentrate+1"],"picked":"Noxious Fumes","floor":21.0},{"not_picked":["Flying Knee","Bane","Dagger Spray+1"],"picked":"Backstab+1","floor":23.0},{"not_picked":["Underhanded Strike","Cloak And Dagger+1","Masterful Stab"],"picked":"Footwork+1","floor":24}],"player_experience":219190,"relics_obtained":[{"floor":7.0,"key":"CeramicFish"},{"floor":9.0,"key":"Question Card"},{"floor":11.0,"key":"Gambling Chip"},{"floor":23.0,"key":"Bottled Flame"}],"event_choices":[{"cards_removed":["Strike_G"],"damage_healed":0.0,"max_hp_gain":0.0,"max_hp_loss":0.0,"gold_gain":0.0,"event_name":"Golden Wing","player_choice":"Card Removal","floor":4.0,"gold_loss":0.0,"damage_taken":7.0},{"damage_healed":0.0,"max_hp_gain":0.0,"max_hp_loss":0.0,"gold_gain":0.0,"event_name":"betterThird:BetterSerpent","player_choice":"RENOUNCE","floor":5.0,"gold_loss":85.0,"damage_taken":85.0,"cards_obtained":["Enlightenment"]},{"cards_removed":["Enlightenment"],"damage_healed":0.0,"max_hp_gain":0.0,"max_hp_loss":0.0,"gold_gain":0.0,"event_name":"betterNote:BetterNote","player_choice":"Take \u0026 Give","floor":22.0,"gold_loss":0.0,"damage_taken":0.0,"cards_obtained":["Judgement"]}],"is_beta":false,"boss_relics":[{"not_picked":["Fusion Hammer","Black Star"],"picked":"Empty Cage"}],"items_purged_floors":[],"is_endless":false,"potions_floor_spawned":[3,11,13,16,18,20,23],"killed_by":"Book of Stabbing","ascension_level":1}}