{"host":"egyxg9lnjq7g2hmw","time":1608246436,"event":{"mods":["AchievementEnabler","BaseMod","Block Reminder","Colored Map","Colored Powertips","Highlight Path","Minty Spire (QoL Compilation)","Rare Cards Sparkle","StSLib"],"gold_per_floor":[109,109,122,135,3,3,15,40,40,72,72,90,90,90,90,167,167,181,196,196,213,213,213],"floor_reached":22,"playtime":1238,"items_purged":["Strike_G"],"score":467,"play_id":"3f5fc40d-298a-432b-9863-4b9b2782cc03","local_time":"20201217150716","is_ascension_mode":true,"campfire_choices":[{"data":"Blur","floor":6.0,"key":"SMITH"},{"data":"Deadly Poison","floor":13.0,"key":"SMITH"},{"data":"Neutralize","floor":15.0,"key":"SMITH"}],"circlet_count":0,"master_deck":["AscendersBane","Strike_G","Strike_G","Strike_G","Strike_G","Defend_G","Defend_G","Defend_G","Defend_G","Defend_G","Survivor","Neutralize+1","Blur+1","Backflip","Sucker Punch","Acrobatics","Leg Sweep","Deadly Poison+1","Deadly Poison+1","After Image","PiercingWail"],"relics":["Ring of the Snake","NeowsBlessing","Unceasing Top","Du-Vu Doll","Meat on the Bone","SlaversCollar"],"acts_visited":["Exordium","TheCity"],"potions_floor_usage":[],"damage_taken":[{"damage":0.0,"enemies":"2 Louse","floor":1.0,"turns":1.0},{"damage":0.0,"enemies":"Small Slimes","floor":3.0,"turns":1.0},{"damage":0.0,"enemies":"Cultist","floor":4.0,"turns":1.0},{"damage":3.0,"enemies":"2 Fungi Beasts","floor":7.0,"turns":5.0},{"damage":22.0,"enemies":"3 Sentries","floor":8.0,"turns":16.0},{"damage":29.0,"enemies":"Gremlin Nob","floor":10.0,"turns":6.0},{"damage":3.0,"enemies":"Exordium Wildlife","floor":12.0,"turns":5.0},{"damage":0.0,"enemies":"The Guardian","floor":16.0,"turns":9.0},{"damage":14.0,"enemies":"3 Byrds","floor":18.0,"turns":7.0},{"damage":6.0,"enemies":"Shell Parasite","floor":19.0,"turns":7.0},{"damage":23.0,"enemies":"Chosen and Byrds","floor":21.0,"turns":11.0},{"damage":21,"enemies":"Sentry and Sphere","floor":22,"turns":5}],"seed_played":"816926599364264077","potions_obtained":[{"floor":10.0,"key":"Fruit Juice"},{"floor":12.0,"key":"SkillPotion"},{"floor":16.0,"key":"Block Potion"},{"floor":18.0,"key":"ColorlessPotion"}],"is_trial":false,"path_per_floor":["M","?","M","M","$","R","M","E","T","E","?","M","R","?","R","B",null,"M","M","?","M","M"],"character_chosen":"THE_SILENT","items_purchased":["Sucker Punch"],"campfire_rested":0,"item_purchase_floors":[5],"current_hp_per_floor":[59,59,59,59,59,59,56,34,34,5,66,63,63,63,63,63,65,51,45,27,21,0,0],"gold":213,"neow_bonus":"THREE_ENEMY_KILL","is_daily":false,"chose_seed":false,"campfire_upgraded":3,"win_rate":0.0,"timestamp":1608246436,"path_taken":["M","?","M","M","$","R","M","E","T","E","?","?","R","?","R","BOSS","M","M","?","M","M"],"items_purchased_type":["Card"],"build_version":"2020-12-13","purchased_purges":1,"victory":false,"max_hp_per_floor":[66,66,66,66,66,66,66,66,66,66,66,66,66,66,66,66,66,66,66,71,76,76,76],"card_choices":[{"not_picked":["PiercingWail","Backflip"],"picked":"Dash","floor":1.0},{"not_picked":["Choke","Blade Dance"],"picked":"Blur","floor":3.0},{"not_picked":["Flying Knee","Slice"],"picked":"Backflip","floor":4.0},{"not_picked":["Prepared","Sucker Punch"],"picked":"Acrobatics","floor":7.0},{"not_picked":["Infinite Blades","Endless Agony"],"picked":"Leg Sweep","floor":8.0},{"not_picked":["Bouncing Flask","Dagger Throw"],"picked":"Deadly Poison","floor":10.0},{"not_picked":["Backflip","Deflect"],"picked":"Deadly Poison","floor":12.0},{"not_picked":["Malaise","Tools of the Trade"],"picked":"After Image","floor":16.0},{"not_picked":["Expertise","Flying Knee","Poisoned Stab+1"],"picked":"SKIP","floor":18.0},{"not_picked":["Poisoned Stab","Cloak And Dagger","Terror"],"picked":"SKIP","floor":19.0},{"not_picked":["Poisoned Stab","Backflip"],"picked":"PiercingWail","floor":21.0}],"player_experience":496694,"relics_obtained":[{"floor":8.0,"key":"Unceasing Top"},{"floor":9.0,"key":"Du-Vu Doll"},{"floor":10.0,"key":"Meat on the Bone"}],"event_choices":[{"damage_healed":0.0,"max_hp_gain":0.0,"max_hp_loss":0.0,"gold_gain":0.0,"event_name":"Liars Game","player_choice":"Ignored","floor":2.0,"gold_loss":0.0,"damage_taken":0.0},{"cards_removed":["Dash"],"damage_healed":61.0,"max_hp_gain":0.0,"max_hp_loss":0.0,"gold_gain":0.0,"event_name":"Bonfire Elementals","player_choice":"Offered Uncommon","floor":11.0,"gold_loss":0.0,"damage_taken":0.0},{"damage_healed":0.0,"max_hp_gain":0.0,"max_hp_loss":0.0,"gold_gain":0.0,"event_name":"Living Wall","player_choice":"Grow","floor":14.0,"gold_loss":0.0,"damage_taken":0.0,"cards_upgraded":["Deadly Poison"]},{"damage_healed":0.0,"max_hp_gain":5.0,"max_hp_loss":0.0,"gold_gain":0.0,"event_name":"Forgotten Altar","player_choice":"Shed Blood","floor":20.0,"gold_loss":0.0,"damage_taken":23.0}],"is_beta":false,"boss_relics":[{"not_picked":["Black Star","Fusion Hammer"],"picked":"SlaversCollar"}],"items_purged_floors":[5],"is_endless":false,"potions_floor_spawned":[10,12,16,18],"killed_by":"Sentry and Sphere","ascension_level":18}}