{"host":"Squid","time":1608231110,"event":{"mods":["BaseMod","Minty Spire (QoL Compilation)","StSLib"],"gold_per_floor":[33,71,105,164,15,15,89,89,116,116,157,225,262,315,315,315,315],"floor_reached":16,"playtime":612,"items_purged":[],"score":229,"play_id":"06a54e0f-ba41-4440-be44-cb1e948548dc","local_time":"20201217135150","is_ascension_mode":true,"campfire_choices":[{"data":"Neutralize","floor":6,"key":"SMITH"},{"data":"HandOfGreed","floor":8,"key":"SMITH"},{"data":"Dagger Spray","floor":15,"key":"SMITH"}],"circlet_count":0,"master_deck":["AscendersBane","Strike_G","Strike_G","Strike_G","Strike_G","Strike_G","Defend_G","Defend_G","Defend_G","Defend_G","Defend_G","Survivor","Neutralize+1","HandOfGreed+1","Deadly Poison","Backstab","Blade Dance","Leg Sweep","Pain","Dagger Spray+1","Venomology"],"relics":["Ring of the Snake","TwistedFunnel","PreservedInsect","Strawberry","WarpedTongs","Regal Pillow"],"acts_visited":["Exordium"],"potions_floor_usage":[7,16,16],"damage_taken":[{"damage":0,"enemies":"Cultist","floor":1,"turns":3},{"damage":1,"enemies":"Jaw Worm","floor":2,"turns":5},{"damage":0,"enemies":"2 Louse","floor":3,"turns":3},{"damage":0,"enemies":"2 Fungi Beasts","floor":4,"turns":5},{"damage":17,"enemies":"3 Sentries","floor":7,"turns":6},{"damage":4,"enemies":"Large Slime","floor":11,"turns":7},{"damage":4,"enemies":"3 Louse","floor":12,"turns":4},{"damage":1,"enemies":"Looter","floor":13,"turns":3},{"damage":0,"enemies":"Gremlin Nob","floor":14,"turns":2},{"damage":44,"enemies":"Slime Boss","floor":16,"turns":9}],"seed_played":"-1170361189098166915","potions_obtained":[{"floor":1,"key":"Swift Potion"},{"floor":2,"key":"SkillPotion"},{"floor":11,"key":"SneckoOil"},{"floor":12,"key":"FearPotion"}],"is_trial":false,"path_per_floor":["M","M","M","M","$","R","E","R","T","?","M","M","M","E","R","B"],"character_chosen":"THE_SILENT","items_purchased":["TwistedFunnel"],"campfire_rested":0,"item_purchase_floors":[5],"current_hp_per_floor":[63,62,62,62,62,62,45,45,52,52,48,44,43,43,43,0,0],"gold":315,"neow_bonus":"RANDOM_COLORLESS_2","is_daily":false,"chose_seed":false,"campfire_upgraded":3,"win_rate":0.0,"timestamp":1608231110,"path_taken":["M","?","M","M","$","R","E","R","T","?","?","M","M","E","R","BOSS"],"items_purchased_type":["Relic"],"build_version":"2020-12-07","purchased_purges":0,"victory":false,"max_hp_per_floor":[70,70,70,70,70,70,70,70,77,77,77,77,77,77,77,77,77],"card_choices":[{"not_picked":["Chrysalis","Metamorphosis"],"picked":"HandOfGreed","floor":0},{"not_picked":["Prepared","Accuracy","Setup"],"picked":"SKIP","floor":1},{"not_picked":["Escape Plan","Dagger Throw"],"picked":"Deadly Poison","floor":2},{"not_picked":["Cloak And Dagger","Poisoned Stab"],"picked":"Backstab","floor":3},{"not_picked":["Underhanded Strike","Deadly Poison"],"picked":"Blade Dance","floor":4},{"not_picked":["Cloak And Dagger","Backstab"],"picked":"Leg Sweep","floor":7},{"not_picked":["Sucker Punch","Deflect"],"picked":"Dagger Spray","floor":11},{"not_picked":["Sucker Punch","Infinite Blades","Concentrate"],"picked":"SKIP","floor":12},{"not_picked":["Poisoned Stab","Acrobatics"],"picked":"Venomology","floor":13},{"not_picked":["Quick Slash","Dash","Setup"],"picked":"SKIP","floor":14}],"player_experience":832683,"relics_obtained":[{"floor":7,"key":"PreservedInsect"},{"floor":9,"key":"Strawberry"},{"floor":14,"key":"Regal Pillow"}],"event_choices":[{"damage_healed":0,"gold_gain":0,"player_choice":"Rummage","damage_taken":0,"relics_obtained":["WarpedTongs"],"max_hp_gain":0,"max_hp_loss":0,"event_name":"Accursed Blacksmith","floor":10,"gold_loss":0,"cards_obtained":["Pain"]}],"is_beta":true,"boss_relics":[],"items_purged_floors":[],"is_endless":false,"potions_floor_spawned":[1,2,4,11,12,13],"killed_by":"Slime Boss","ascension_level":13}}