{"host":"qhn6g0owdgjb77rz","time":1608188187,"event":{"mods":["BaseMod","Colored Map","Downfall","Minty Spire (QoL Compilation)","Relic Sorter","StSLib","The Construct"],"gold_per_floor":[115,130,147,164,164,194,194,194,194,194,245,245,270,282,282,282,282],"floor_reached":16,"playtime":767,"items_purged":[],"score":223,"play_id":"2cdc0e42-b4dc-4494-9578-0b6fa6b88b96","local_time":"20201217155627","is_ascension_mode":true,"campfire_choices":[{"data":"construct:ReactiveShield","floor":8.0,"key":"SMITH"},{"data":"construct:ReactiveShield+1","floor":10.0,"key":"SMITH"},{"floor":12.0,"key":"REST"},{"data":"construct:GuardCore","floor":15,"key":"SMITH"}],"circlet_count":0,"master_deck":["AscendersBane","construct:Strike_Gold+1","construct:Strike_Gold","construct:Strike_Gold+1","construct:Strike_Gold","construct:Strike_Gold","construct:Defend_Gold","construct:Defend_Gold","construct:Defend_Gold","construct:Defend_Gold","construct:Defend_Gold","construct:AttackMode","construct:DefenseMode","Discovery","construct:ModeShift","construct:FlakBarrage","construct:ReactiveShield+2","construct:VentSteam","construct:GuardCore+1","construct:MetalShell"],"relics":["construct:ClockworkPhoenix","construct:FoamFinger","Mummified Hand","Gremlin Horn","Omamori","Bottled Tornado"],"acts_visited":["Exordium"],"potions_floor_usage":[],"damage_taken":[{"damage":1.0,"enemies":"Small Slimes","floor":1.0,"turns":6.0},{"damage":13.0,"enemies":"Jaw Worm","floor":2.0,"turns":5.0},{"damage":7.0,"enemies":"2 Louse","floor":3.0,"turns":3.0},{"damage":22.0,"enemies":"Large Slime","floor":4.0,"turns":5.0},{"damage":0.0,"enemies":"Lagavulin","floor":6.0,"turns":6.0},{"damage":22,"enemies":"Gremlin Nob","floor":13,"turns":4},{"damage":7,"enemies":"Red Slaver","floor":14,"turns":3},{"damage":3,"enemies":"Hexaghost","floor":16,"turns":3}],"seed_played":"8274767999370765812","potions_obtained":[{"floor":2.0,"key":"SneckoOil"},{"floor":3.0,"key":"Energy Potion"},{"floor":6.0,"key":"Ancient Potion"}],"is_trial":false,"path_per_floor":["M","M","M","M","?","E","?","R","T","R","T","R","E","M","R","B"],"character_chosen":"THE_CONSTRUCT_MOD","items_purchased":[],"campfire_rested":1,"item_purchase_floors":[],"current_hp_per_floor":[76,63,56,34,17,17,5,5,5,5,5,30,8,1,1,0,0],"gold":282,"neow_bonus":"RANDOM_COLORLESS","is_daily":false,"chose_seed":false,"campfire_upgraded":3,"win_rate":0.0,"timestamp":1608188187,"path_taken":["M","M","M","M","?","E","?","R","T","R","?","R","E","?","R","BOSS"],"items_purchased_type":[],"build_version":"2020-12-13","purchased_purges":0,"victory":false,"max_hp_per_floor":[85,85,85,85,85,85,85,85,85,85,85,85,85,85,85,85,85],"card_choices":[{"not_picked":["Impatience","expansioncontent:YouAreMine"],"picked":"Discovery","floor":0.0},{"not_picked":["construct:Reinforce","construct:Versatility"],"picked":"construct:ModeShift","floor":1.0},{"not_picked":["construct:ForceCore","construct:HeavyBolt"],"picked":"construct:FlakBarrage","floor":2.0},{"not_picked":["construct:SweepLaser","construct:FlameCore"],"picked":"construct:ReactiveShield","floor":3.0},{"not_picked":["construct:ShiftGuard","construct:SweepLaser","construct:Autoturret"],"picked":"SKIP","floor":4.0},{"not_picked":["construct:HyperBeam","construct:Disrupt"],"picked":"construct:VentSteam","floor":6.0},{"not_picked":["construct:Reinforce","construct:UnbalancingBlast"],"picked":"construct:GuardCore","floor":13},{"not_picked":["construct:SweepLaser","construct:ClusterMines"],"picked":"construct:MetalShell","floor":14}],"player_experience":687863,"relics_obtained":[{"floor":6.0,"key":"construct:FoamFinger"},{"floor":9.0,"key":"Gremlin Horn"},{"floor":11.0,"key":"Omamori"},{"floor":13,"key":"Bottled Tornado"}],"event_choices":[{"damage_healed":0.0,"max_hp_gain":0.0,"max_hp_loss":0.0,"gold_gain":0.0,"event_name":"Shining Light","player_choice":"Entered Light","floor":5.0,"gold_loss":0.0,"damage_taken":17.0,"cards_upgraded":["construct:Strike_Gold","construct:Strike_Gold"]},{"damage_healed":0.0,"max_hp_gain":0.0,"max_hp_loss":0.0,"gold_gain":0.0,"event_name":"Scrap Ooze","player_choice":"Success","floor":7.0,"gold_loss":0.0,"damage_taken":12.0,"relics_obtained":["Mummified Hand"]}],"is_beta":false,"boss_relics":[],"items_purged_floors":[],"is_endless":false,"potions_floor_spawned":[2,3,6],"killed_by":"Hexaghost","ascension_level":13}}