{"host":"z9grmtg2w0nmz8n1","time":1608245359,"event":{"mods":["Aspiration","Bard","BaseMod","Beaked The Cultist","Better Altar","Better Match","Better Third Choice","BetterRewards","CCEM","Colored Map","Conspire","Downfall","GifTheSpireLib","Googly Eyes","Halation","Highlight Path","Hubris","Jedi Mod","Jorbs\u0027s Wanderer Trilogy","Minty Spire (QoL Compilation)","Permanent Neow","Replay The Spire","Spicy Shops","StSLib","Stuff the Spire","The Bug Knight"],"gold_per_floor":[199,236,253,178,211,229,229,244,169,200,218,218,218,218,237,335,335,409,427,427,427,454,454,507,507,507],"floor_reached":25,"playtime":1083,"items_purged":[],"score":252,"play_id":"e2e383d3-8e89-44e8-9932-979fae97f9f2","local_time":"20201217204919","is_ascension_mode":false,"campfire_choices":[{"floor":1,"key":"RECALL"},{"data":"Slimebound:Strike_Slimebound","floor":9,"key":"PURGE"},{"data":"Slimebound:LevelUp","floor":23,"key":"SMITH"}],"circlet_count":0,"master_deck":["Slimebound:Strike_Slimebound","Slimebound:Tackle","Slimebound:Defend_Slimebound","Slimebound:Defend_Slimebound","Slimebound:Defend_Slimebound","Slimebound:Defend_Slimebound","Slimebound:Split","Slimebound:CorrosiveSpit","Slimebound:Schlurp","Slimebound:SplitBruiser+1","Slimebound:LeechingTouch","Slimebound:Gluttony","Slimebound:LevelUp+1","Injury","StuffTheSpire:CuriosityCurse","Slimebound:SplitMire","Slimebound:LevelUp+1","Slimebound:LeadByExample+1","Slimebound:LeechEnergy"],"relics":["Slimebound:AbsorbEndCombat","Replay:Multitool","downfall:HeartBlessingRed","StuffTheSpire:Rhapsscallions","downfall:HeartBlessingBlue","Blue Candle","Frozen Egg 2","halation:PenCase","halation:SelfBoilingWater","hubris:Backtick","Mummified Hand","hubris:Towel","Replay:Accelerometer","Oddly Smooth Stone"],"acts_visited":["Exordium","TheCity"],"potions_floor_usage":[16,16,22],"damage_taken":[{"damage":7,"enemies":"2 Louse","floor":3,"turns":2},{"damage":31,"enemies":"3 Sentries","floor":5,"turns":7},{"damage":9,"enemies":"Jaw Worm","floor":6,"turns":2},{"damage":10,"enemies":"Small Slimes","floor":8,"turns":4},{"damage":35,"enemies":"Gremlin Nob","floor":10,"turns":4},{"damage":31,"enemies":"Exordium Thugs","floor":11,"turns":3},{"damage":12,"enemies":"Blue Slaver","floor":15,"turns":4},{"damage":50,"enemies":"downfall:Ironclad","floor":16,"turns":8},{"damage":33,"enemies":"Spheric Guardian","floor":19,"turns":5},{"damage":41,"enemies":"Book of Stabbing","floor":22,"turns":4},{"damage":40,"enemies":"Gremlin Leader","floor":25,"turns":2}],"seed_played":"4468521960673662203","potions_obtained":[{"floor":3,"key":"Slimebound:SlimyTonguePotion"},{"floor":8,"key":"SteroidPotion"},{"floor":10,"key":"Death Potion"},{"floor":19,"key":"Slimebound:SlimedPotion"}],"is_trial":false,"path_per_floor":["R","?","M","R","E","M","T","M","R","E","M","?","?","T","M","B",null,"R","M","?","?","E","R","T","E"],"character_chosen":"SLIMEBOUND","items_purchased":[],"campfire_rested":0,"item_purchase_floors":[],"current_hp_per_floor":[60,45,46,60,58,61,61,63,73,55,40,40,40,40,40,18,75,75,58,58,58,37,37,37,0,0],"gold":507,"neow_bonus":"HUNDRED_GOLD","is_daily":false,"chose_seed":false,"campfire_upgraded":1,"win_rate":0.0,"timestamp":1608245359,"path_taken":["R","?","M","R","E","M","T","M","R","E","M","?","?","?","M","BOSS","R","M","?","?","E","R","T","E"],"items_purchased_type":[],"build_version":"2020-12-13","purchased_purges":0,"victory":false,"max_hp_per_floor":[60,60,60,60,65,65,65,65,75,75,75,75,75,75,75,75,75,75,75,75,75,75,75,75,75,75],"card_choices":[{"not_picked":["Slimebound:ForwardTackle","Slimebound:ComboTackle"],"picked":"Slimebound:Schlurp","floor":2},{"not_picked":["Slimebound:ViciousTackle","Slimebound:Dissolve"],"picked":"Slimebound:SplitBruiser","floor":3},{"not_picked":["Slimebound:OneTwoCombo","Slimebound:GoopTackle"],"picked":"Slimebound:LeechingTouch","floor":5},{"not_picked":["Slimebound:ItLooksTasty","Slimebound:HauntingLick"],"picked":"Slimebound:Gluttony","floor":6},{"not_picked":["Slimebound:Dissolve","Slimebound:SlimeBrawl"],"picked":"Slimebound:LevelUp","floor":8},{"not_picked":["Slimebound:FlameTackle","Slimebound:DivideAndConquer","Slimebound:HauntingLick"],"picked":"SKIP","floor":10},{"not_picked":["Slimebound:DivideAndConquer","Slimebound:ComboTackle","Slimebound:ViciousTackle"],"picked":"SKIP","floor":11},{"not_picked":["Slimebound:RollThrough","Slimebound:AcidTongue+1"],"picked":"Slimebound:SplitMire","floor":15},{"not_picked":["Slimebound:LeadByExample+1","Slimebound:SlimeSpikes+1"],"picked":"Slimebound:LevelUp+1","floor":19},{"not_picked":["Slimebound:BestDefense+1","Slimebound:PrepareCrush"],"picked":"Slimebound:LeechEnergy","floor":22}],"player_experience":585254,"relics_obtained":[{"floor":2,"key":"Replay:Multitool"},{"floor":5,"key":"StuffTheSpire:Rhapsscallions"},{"floor":10,"key":"Blue Candle"},{"floor":14,"key":"halation:SelfBoilingWater"},{"floor":22,"key":"Replay:Accelerometer"},{"floor":24,"key":"Oddly Smooth Stone"}],"event_choices":[{"damage_healed":0,"gold_gain":0,"player_choice":"Read","damage_taken":0,"max_hp_gain":0,"max_hp_loss":0,"event_name":"The Library","floor":21,"gold_loss":0,"cards_obtained":["Slimebound:LeadByExample"]}],"is_beta":false,"boss_relics":[{"not_picked":["hubris:Stopwatch","Kintsugi"],"picked":"hubris:Backtick"}],"items_purged_floors":[],"is_endless":false,"potions_floor_spawned":[3,8,10,11,19],"killed_by":"Gremlin Leader","ascension_level":0}}