{"host":"bxn2em57qlx5u4i0","time":1608190708,"event":{"mods":["BaseMod","Colored Map","Colored Powertips","Highlight Path","Minty Spire (QoL Compilation)","Random Character Button","Relic Sorter","Relic Stats","StSLib","SuperFastMode"],"gold_per_floor":[109,109,122,222,236,315,335,335,369,52,76,102,102,102,2,21,21,94,94,107,107,107,119,138,173,48,78,78,107,107,125,151,201,201,275,275,290,73,85,96,109,136,146,174,174,192,202,202,228,248,248,248,248,248,248,79,114,114],"floor_reached":59,"playtime":2429,"items_purged":["Pain","Strike_G","Strike_G+1"],"score":3184,"play_id":"b7596b27-3c3e-4786-a03f-d494907af33c","local_time":"20201217023828","is_ascension_mode":true,"campfire_choices":[{"data":"Glass Knife","floor":8.0,"key":"SMITH"},{"floor":13.0,"key":"REST"},{"data":"Terror","floor":17.0,"key":"SMITH"},{"floor":30.0,"key":"REST"},{"data":"After Image","floor":34.0,"key":"SMITH"},{"floor":48,"key":"RECALL"},{"data":"After Image","floor":51,"key":"SMITH"},{"data":"Neutralize","floor":55,"key":"SMITH"}],"circlet_count":0,"master_deck":["AscendersBane","Strike_G+1","Strike_G+1","Strike_G+1","Defend_G+1","Defend_G+1","Defend_G+1","Defend_G+1","Defend_G+1","Survivor","Neutralize+1","Glass Knife+1","Terror+1","Leg Sweep","Backflip","Dash","Footwork+1","Dagger Spray","After Image+1","Dagger Spray+1","After Image+1","Blade Dance+1","Backflip","Blur","Envenom","Backflip+1","Escape Plan+1","Blur+1"],"relics":["Ring of the Snake","WarpedTongs","Bottled Flame","Odd Mushroom","Mercury Hourglass","Bag of Preparation","Blood Vial","SlaversCollar","MutagenicStrength","Snake Skull","Dream Catcher","HornCleat","Orichalcum","Mummified Hand","Cursed Key","Vajra","Art of War","Centennial Puzzle","White Beast Statue","Toy Ornithopter","Calipers"],"acts_visited":["Exordium","TheCity","TheBeyond","TheEnding"],"potions_floor_usage":[58,58],"damage_taken":[{"damage":0.0,"enemies":"Jaw Worm","floor":1.0,"turns":5.0},{"damage":3.0,"enemies":"Cultist","floor":3.0,"turns":4.0},{"damage":14.0,"enemies":"Small Slimes","floor":5.0,"turns":3.0},{"damage":11.0,"enemies":"The Mushroom Lair","floor":7.0,"turns":4.0},{"damage":30.0,"enemies":"Lagavulin","floor":9.0,"turns":7.0},{"damage":0.0,"enemies":"Gremlin Nob","floor":12.0,"turns":3.0},{"damage":8.0,"enemies":"Gremlin Gang","floor":16.0,"turns":4.0},{"damage":0.0,"enemies":"The Guardian","floor":18.0,"turns":10.0},{"damage":14.0,"enemies":"Chosen","floor":20.0,"turns":6.0},{"damage":0.0,"enemies":"3 Byrds","floor":23.0,"turns":5.0},{"damage":5.0,"enemies":"Centurion and Healer","floor":24.0,"turns":7.0},{"damage":19.0,"enemies":"Gremlin Leader","floor":25.0,"turns":5.0},{"damage":0.0,"enemies":"Book of Stabbing","floor":27.0,"turns":5.0},{"damage":20.0,"enemies":"Gremlin Leader","floor":29.0,"turns":8.0},{"damage":9.0,"enemies":"Sentry and Sphere","floor":31.0,"turns":6.0},{"damage":5.0,"enemies":"Slavers","floor":32.0,"turns":6.0},{"damage":1.0,"enemies":"Collector","floor":35.0,"turns":12.0},{"damage":0.0,"enemies":"3 Shapes","floor":37.0,"turns":5.0},{"damage":0.0,"enemies":"Orb Walker","floor":39.0,"turns":3.0},{"damage":0.0,"enemies":"Spire Growth","floor":40.0,"turns":4.0},{"damage":0.0,"enemies":"3 Darklings","floor":41.0,"turns":3.0},{"damage":0.0,"enemies":"Giant Head","floor":42.0,"turns":6.0},{"damage":0.0,"enemies":"Jaw Worm Horde","floor":43.0,"turns":2.0},{"damage":0.0,"enemies":"Nemesis","floor":44.0,"turns":7.0},{"damage":0,"enemies":"Sphere and 2 Shapes","floor":46,"turns":5},{"damage":0,"enemies":"Writhing Mass","floor":47,"turns":7},{"damage":0,"enemies":"Giant Head","floor":49,"turns":6},{"damage":0,"enemies":"Spire Growth","floor":50,"turns":5},{"damage":6,"enemies":"Time Eater","floor":52,"turns":17},{"damage":4,"enemies":"Donu and Deca","floor":53,"turns":14},{"damage":3,"enemies":"Shield and Spear","floor":57,"turns":11},{"damage":26,"enemies":"The Heart","floor":58,"turns":9}],"seed_played":"2463251740587033351","potions_obtained":[{"floor":3.0,"key":"PowerPotion"},{"floor":5.0,"key":"Fire Potion"},{"floor":9.0,"key":"Weak Potion"},{"floor":20.0,"key":"DuplicationPotion"},{"floor":29.0,"key":"FearPotion"},{"floor":31.0,"key":"Regen Potion"},{"floor":32.0,"key":"AttackPotion"},{"floor":42.0,"key":"CultistPotion"},{"floor":44.0,"key":"CultistPotion"}],"is_trial":false,"path_per_floor":["M","?","M","?","M","T","?","R","E","$","T","E","R","?","$","M","R","B",null,"M","?","?","M","M","E","$","E","T","E","R","M","E","?","R","B",null,"M","$","M","M","M","E","M","E","T","M","M","R","E","M","R","B","B",null,"R","$","E","B",null],"character_chosen":"THE_SILENT","items_purchased":["Footwork","Bag of Preparation","Vajra","Fire Potion","Toy Ornithopter"],"campfire_rested":2,"item_purchase_floors":[10,10,38,38,56],"current_hp_per_floor":[59,59,56,56,42,42,31,31,1,1,1,1,20,20,20,14,14,16,54,42,42,42,44,41,24,24,26,26,8,27,20,32,32,32,33,58,60,60,62,64,66,66,66,66,66,66,66,66,66,66,66,60,58,64,64,64,63,43],"gold":114,"neow_bonus":"ONE_RANDOM_RARE_CARD","is_daily":false,"chose_seed":false,"campfire_upgraded":5,"win_rate":0.0,"timestamp":1608190708,"path_taken":["M","?","?","?","?","?","?","R","E","$","T","E","R","?","$","M","R","BOSS","M","?","?","M","M","E","?","E","T","E","R","M","E","?","R","BOSS","M","$","M","M","M","E","M","E","T","M","M","R","E","M","R","BOSS","BOSS","R","$","E","BOSS"],"items_purchased_type":["Card","Relic","Relic","Potion","Relic"],"build_version":"2020-12-13","purchased_purges":3,"victory":true,"max_hp_per_floor":[66,66,66,66,66,66,66,66,66,66,66,66,66,66,66,66,66,66,66,66,66,66,66,66,66,66,66,66,66,66,66,66,66,66,66,66,66,66,66,66,66,66,66,66,66,66,66,66,66,66,66,66,66,66,66,66,66,66],"relic_stats":{"counters":[32,204],"Snake Skull":[234],"Bag of Preparation":[54],"Orichalcum":[0],"Cursed Key":0,"WarpedTongs":[166],"Mercury Hourglass":[607],"Blood Vial":36,"Dream Catcher":1,"Centennial Puzzle":[11],"Mummified Hand":[69],"Art of War":[6],"obtain_stats":[{"Calipers":57,"Vajra":38,"Snake Skull":25,"Bag of Preparation":10,"Odd Mushroom":7,"Orichalcum":29,"Cursed Key":36,"White Beast Statue":49,"WarpedTongs":2,"Mercury Hourglass":9,"Blood Vial":12,"SlaversCollar":19,"Bottled Flame":6,"Dream Catcher":27,"Centennial Puzzle":44,"HornCleat":28,"Mummified Hand":32,"MutagenicStrength":21,"Art of War":42,"Toy Ornithopter":56,"Ring of the Snake":0},{"Calipers":31,"Vajra":18,"Snake Skull":12,"Bag of Preparation":5,"Odd Mushroom":4,"Orichalcum":14,"Cursed Key":17,"White Beast Statue":27,"WarpedTongs":1,"Mercury Hourglass":5,"Blood Vial":6,"SlaversCollar":8,"Bottled Flame":3,"Dream Catcher":13,"Centennial Puzzle":24,"HornCleat":13,"Mummified Hand":16,"MutagenicStrength":9,"Art of War":22,"Toy Ornithopter":30,"Ring of the Snake":0},{"Calipers":195,"Vajra":105,"Snake Skull":63,"Bag of Preparation":23,"Odd Mushroom":16,"Orichalcum":76,"Cursed Key":100,"White Beast Statue":148,"WarpedTongs":5,"Mercury Hourglass":23,"Blood Vial":26,"SlaversCollar":40,"Bottled Flame":12,"Dream Catcher":68,"Centennial Puzzle":130,"HornCleat":68,"Mummified Hand":88,"MutagenicStrength":46,"Art of War":121,"Toy Ornithopter":184,"Ring of the Snake":0}],"Toy Ornithopter":4,"Ring of the Snake":[64]},"card_choices":[{"not_picked":["Deadly Poison","Finisher"],"picked":"Terror","floor":1.0},{"not_picked":["Concentrate","Dodge and Roll"],"picked":"Leg Sweep","floor":3.0},{"not_picked":["Cloak And Dagger","Escape Plan"],"picked":"Backflip","floor":5.0},{"not_picked":["Tactician","Endless Agony"],"picked":"Dash","floor":7.0},{"not_picked":["Escape Plan","Sucker Punch","Blur"],"picked":"SKIP","floor":9.0},{"not_picked":["Prepared","Quick Slash","Concentrate"],"picked":"SKIP","floor":12.0},{"not_picked":["Concentrate","Deadly Poison"],"picked":"Dagger Spray","floor":16.0},{"not_picked":["Doppelganger","Tools of the Trade"],"picked":"After Image","floor":18.0},{"not_picked":["Setup","Underhanded Strike","Sucker Punch"],"picked":"SKIP","floor":20.0},{"not_picked":["Deadly Poison","Endless Agony","Skewer"],"picked":"SKIP","floor":23.0},{"not_picked":["Deadly Poison","Endless Agony","Skewer"],"picked":"SKIP","floor":23.0},{"not_picked":["Well Laid Plans","Underhanded Strike","Deflect"],"picked":"SKIP","floor":24.0},{"not_picked":["Tactician","All Out Attack"],"picked":"Dagger Spray+1","floor":25.0},{"not_picked":["Backflip","All Out Attack"],"picked":"After Image","floor":27.0},{"not_picked":["Predator","Dagger Throw"],"picked":"Blade Dance+1","floor":29.0},{"not_picked":["Reflex","Acrobatics+1"],"picked":"Backflip","floor":30.0},{"not_picked":["Cloak And Dagger","Accuracy"],"picked":"Blur","floor":31.0},{"not_picked":["Die Die Die","Flying Knee","Endless Agony"],"picked":"SKIP","floor":32.0},{"not_picked":["Glass Knife","Tools of the Trade"],"picked":"Envenom","floor":35.0},{"not_picked":["Dodge and Roll","Prepared","PiercingWail"],"picked":"SKIP","floor":37.0},{"not_picked":["Dodge and Roll","Storm of Steel"],"picked":"Backflip+1","floor":39.0},{"not_picked":["Flying Knee","Quick Slash","Acrobatics+1"],"picked":"SKIP","floor":40.0},{"not_picked":["Masterful Stab","Quick Slash+1"],"picked":"Escape Plan+1","floor":41.0},{"not_picked":["Backflip","Dodge and Roll","PiercingWail"],"picked":"SKIP","floor":42.0},{"not_picked":["Slice+1","Flying Knee","Deflect"],"picked":"SKIP","floor":43.0},{"not_picked":["Crippling Poison","Poisoned Stab","Quick Slash+1"],"picked":"SKIP","floor":44.0},{"not_picked":["Endless Agony","Dodge and Roll+1"],"picked":"Blur+1","floor":46},{"not_picked":["Bane","Catalyst","Quick Slash"],"picked":"SKIP","floor":47},{"not_picked":["Unload","Choke","Setup"],"picked":"SKIP","floor":49},{"not_picked":["Sucker Punch","Dodge and Roll+1","Reflex"],"picked":"SKIP","floor":50},{"not_picked":["Slice","Quick Slash","Flechettes"],"picked":"SKIP","floor":57}],"player_experience":2808683,"relics_obtained":[{"floor":6.0,"key":"Bottled Flame"},{"floor":7.0,"key":"Odd Mushroom"},{"floor":9.0,"key":"Mercury Hourglass"},{"floor":12.0,"key":"Blood Vial"},{"floor":25.0,"key":"Snake Skull"},{"floor":27.0,"key":"Dream Catcher"},{"floor":28.0,"key":"HornCleat"},{"floor":29.0,"key":"Orichalcum"},{"floor":32.0,"key":"Mummified Hand"},{"floor":42.0,"key":"Art of War"},{"floor":44.0,"key":"Centennial Puzzle"},{"floor":49,"key":"White Beast Statue"},{"floor":57,"key":"Calipers"}],"event_choices":[{"damage_healed":0.0,"max_hp_gain":0.0,"max_hp_loss":0.0,"gold_gain":0.0,"event_name":"Accursed Blacksmith","player_choice":"Rummage","floor":2.0,"gold_loss":0.0,"damage_taken":0.0,"relics_obtained":["WarpedTongs"],"cards_obtained":["Pain"]},{"damage_healed":0.0,"max_hp_gain":0.0,"max_hp_loss":0.0,"gold_gain":100.0,"event_name":"Wheel of Change","player_choice":"Gold","floor":4.0,"gold_loss":0.0,"damage_taken":0.0},{"damage_healed":0.0,"max_hp_gain":0.0,"max_hp_loss":0.0,"gold_gain":0.0,"event_name":"Mushrooms","player_choice":"Fought Mushrooms","floor":7.0,"gold_loss":0.0,"damage_taken":0.0},{"damage_healed":0.0,"max_hp_gain":0.0,"max_hp_loss":0.0,"gold_gain":0.0,"event_name":"Living Wall","player_choice":"Grow","floor":14.0,"gold_loss":0.0,"damage_taken":0.0,"cards_upgraded":["Footwork"]},{"damage_healed":0.0,"max_hp_gain":0.0,"max_hp_loss":0.0,"gold_gain":0.0,"event_name":"Drug Dealer","player_choice":"Inject Mutagens","floor":21.0,"gold_loss":0.0,"damage_taken":0.0,"relics_obtained":["MutagenicStrength"]},{"damage_healed":0.0,"max_hp_gain":0.0,"max_hp_loss":0.0,"gold_gain":0.0,"event_name":"Back to Basics","player_choice":"Simplicity","floor":22.0,"gold_loss":0.0,"damage_taken":0.0,"cards_upgraded":["Strike_G","Strike_G","Strike_G","Strike_G","Defend_G","Defend_G","Defend_G","Defend_G","Defend_G"]},{"damage_healed":0.0,"max_hp_gain":0.0,"max_hp_loss":0.0,"gold_gain":100.0,"event_name":"The Joust","player_choice":"Bet on Murderer","floor":33.0,"gold_loss":50.0,"damage_taken":0.0}],"is_beta":false,"boss_relics":[{"not_picked":["Black Star","Busted Crown"],"picked":"SlaversCollar"},{"not_picked":["SacredBark","Pandora\u0027s Box"],"picked":"Cursed Key"}],"items_purged_floors":[10,15,26],"is_endless":false,"potions_floor_spawned":[3,5,9,20,23,29,31,32,42,44,47,50,57],"ascension_level":20}}