{"host":"sav7uxregyirlf69","time":1608175985,"event":{"mods":["AchievementEnabler","BaseMod","Colored Map","DeckTracker","Keyboard Shortcuts","Minty Spire (QoL Compilation)","READ ME - Guardian Mod","StSLib","SuperFastMode"],"gold_per_floor":[113,113,63,34,59,59,98,114,163,187,187,201,201,217,217,307,307,331,349,232,251,271,307,357,380,380,380,380],"floor_reached":27,"playtime":734,"items_purged":["Defend_G"],"score":524,"play_id":"1c40b8e8-d167-458b-87f6-33da8c776cf1","local_time":"20201217123305","is_ascension_mode":true,"campfire_choices":[{"data":"Prepared","floor":6.0,"key":"SMITH"},{"data":"Phantasmal Killer","floor":11.0,"key":"SMITH"},{"data":"Eviscerate","floor":13.0,"key":"SMITH"},{"data":"Concentrate","floor":15.0,"key":"SMITH"}],"circlet_count":0,"master_deck":["AscendersBane","Strike_G","Strike_G","Defend_G","Defend_G","Defend_G","Defend_G","Survivor","Neutralize","Eviscerate+1","Prepared+1","Dagger Spray","Acrobatics","Phantasmal Killer+1","Acrobatics","Backflip","Concentrate+1","After Image","Malaise+1","Burst+1","Concentrate+1","Blur","Tactician","Calculated Gamble+1"],"relics":["Ring of the Snake","NeowsBlessing","Golden Idol","Bag of Marbles","Anchor","Astrolabe","Sundial","Matryoshka"],"acts_visited":["Exordium","TheCity"],"potions_floor_usage":[25],"damage_taken":[{"damage":0.0,"enemies":"2 Louse","floor":1.0,"turns":1.0},{"damage":0.0,"enemies":"Jaw Worm","floor":5.0,"turns":1.0},{"damage":0.0,"enemies":"Lagavulin","floor":7.0,"turns":1.0},{"damage":1.0,"enemies":"Cultist","floor":8.0,"turns":3.0},{"damage":11.0,"enemies":"Gremlin Gang","floor":10.0,"turns":3.0},{"damage":0.0,"enemies":"3 Louse","floor":12.0,"turns":2.0},{"damage":0.0,"enemies":"Blue Slaver","floor":14.0,"turns":2.0},{"damage":17.0,"enemies":"Hexaghost","floor":16.0,"turns":8.0},{"damage":4.0,"enemies":"3 Byrds","floor":18.0,"turns":4.0},{"damage":0.0,"enemies":"2 Thieves","floor":19.0,"turns":3.0},{"damage":1.0,"enemies":"Shelled Parasite and Fungi","floor":21.0,"turns":5.0},{"damage":15.0,"enemies":"Snake Plant","floor":22.0,"turns":7.0},{"damage":21.0,"enemies":"Gremlin Leader","floor":23.0,"turns":7.0},{"damage":9,"enemies":"Snecko","floor":25,"turns":9},{"damage":1,"enemies":"Slavers","floor":27,"turns":1}],"seed_played":"5178209539850728008","potions_obtained":[{"floor":1.0,"key":"DuplicationPotion"},{"floor":7.0,"key":"CunningPotion"},{"floor":18.0,"key":"ColorlessPotion"},{"floor":22.0,"key":"CunningPotion"},{"floor":23.0,"key":"CunningPotion"}],"is_trial":false,"path_per_floor":["M","?","$","$","M","R","E","M","T","M","R","M","R","M","R","B",null,"M","M","$","M","M","E","?","M","T","E"],"character_chosen":"THE_SILENT","items_purchased":["Prepared","Dagger Spray","Blur"],"campfire_rested":0,"item_purchase_floors":[3,4,20],"current_hp_per_floor":[59,36,36,36,36,36,36,35,35,24,24,24,24,24,24,7,51,47,47,47,46,31,10,10,1,1,0,0],"gold":380,"neow_bonus":"THREE_ENEMY_KILL","is_daily":false,"chose_seed":false,"campfire_upgraded":4,"win_rate":0.0,"timestamp":1608175985,"path_taken":["M","?","?","$","M","R","E","M","T","M","R","?","R","?","R","BOSS","M","M","$","M","M","E","?","M","T","E"],"items_purchased_type":["Card","Card","Card"],"build_version":"2020-12-13","purchased_purges":1,"victory":false,"max_hp_per_floor":[66,66,66,66,66,66,66,66,66,66,66,66,66,66,66,66,66,66,66,66,66,66,66,66,66,66,66,66],"card_choices":[{"not_picked":["Finisher","Underhanded Strike"],"picked":"Eviscerate","floor":1.0},{"not_picked":["Outmaneuver","Concentrate"],"picked":"Acrobatics","floor":5.0},{"not_picked":["Heel Hook","Dodge and Roll"],"picked":"Phantasmal Killer","floor":7.0},{"not_picked":["Cloak And Dagger","Dodge and Roll"],"picked":"Acrobatics","floor":8.0},{"not_picked":["Deflect","Flying Knee","Caltrops"],"picked":"SKIP","floor":10.0},{"not_picked":["Underhanded Strike","Slice"],"picked":"Backflip","floor":12.0},{"not_picked":["Heel Hook","Catalyst"],"picked":"Concentrate","floor":14.0},{"not_picked":["Tools of the Trade","Wraith Form v2"],"picked":"After Image","floor":16.0},{"not_picked":["Quick Slash","Acrobatics","Bouncing Flask"],"picked":"SKIP","floor":18.0},{"not_picked":["Skewer","Endless Agony","Distraction"],"picked":"SKIP","floor":19.0},{"not_picked":["Poisoned Stab","Deflect","Flying Knee"],"picked":"SKIP","floor":21.0},{"not_picked":["Sucker Punch","Blade Dance","Bane"],"picked":"SKIP","floor":22.0},{"not_picked":["Choke","PiercingWail"],"picked":"Tactician","floor":23.0},{"not_picked":["Backflip","Outmaneuver"],"picked":"Calculated Gamble+1","floor":25}],"player_experience":934886,"relics_obtained":[{"floor":7.0,"key":"Bag of Marbles"},{"floor":9.0,"key":"Anchor"},{"floor":23.0,"key":"Sundial"},{"floor":26,"key":"Matryoshka"}],"event_choices":[{"damage_healed":0.0,"max_hp_gain":0.0,"max_hp_loss":0.0,"gold_gain":0.0,"event_name":"Golden Idol","player_choice":"Take Damage","floor":2.0,"gold_loss":0.0,"damage_taken":23.0,"relics_obtained":["Golden Idol"]},{"damage_healed":0.0,"max_hp_gain":0.0,"max_hp_loss":0.0,"gold_gain":50.0,"event_name":"Nest","player_choice":"Stole From Cult","floor":24.0,"gold_loss":0.0,"damage_taken":0.0}],"is_beta":false,"boss_relics":[{"not_picked":["Runic Dome","SacredBark"],"picked":"Astrolabe"}],"items_purged_floors":[20],"is_endless":false,"potions_floor_spawned":[1,7,8,18,22,23],"killed_by":"Slavers","ascension_level":20}}