{"host":"nez9oevwwftwepnc","time":1608222374,"event":{"mods":["AchievementEnabler","Astrologer","BaseMod","Beaked The Cultist","Better Third Choice","Colored Map","Colored Powertips","Conspire","Downfall","Energized Spire","Hermit","Infinite Spire","Mathematician","Minty Spire (QoL Compilation)","Permanent Neow","Quick Restart","Random Character Mod","Shop Mod","Spikes Relics","StSLib","The Bug Knight","The Hayseed","The Hierophant","The Mystic","The Necromancer","The Runesmith","The Senshi","The Wild Card","TheArtist","slay the spire mod where everything is the same but ironclad has a cowboy hat","thorton","vexMod"],"gold_per_floor":[110,124,139,158,158,187,187,225,279,279,296,320,335,353,353,463,463,482,482,494,516,546,546,590,596,596],"floor_reached":25,"playtime":1989,"items_purged":[],"score":275,"play_id":"a979cd43-6ac9-47b2-a7ad-96966d187fa5","local_time":"20201217112614","is_ascension_mode":true,"campfire_choices":[{"data":"Armaments","floor":10.0,"key":"SMITH"},{"data":"Cleave","floor":15,"key":"SMITH"},{"data":"Bash","floor":23,"key":"SMITH"}],"circlet_count":0,"master_deck":["Strike_R","Strike_R","Strike_R","Strike_R","Strike_R","Defend_R","Defend_R","Defend_R","Defend_R","Bash+1","Cleave","Iron Wave","Armaments+1","Metallicize+1","Cleave+1","Double Tap","Rupture+1","Iron Wave+1","Combust+1","Iron Wave"],"relics":["Burning Blood","Oddly Smooth Stone","infinitespire:Midas Blood","MealTicket","Orichalcum","energizedSpire:DeadBattery","infinitespire:FocusingShard"],"acts_visited":["Exordium","TheCity"],"potions_floor_usage":[12,16,24,24],"damage_taken":[{"damage":0.0,"enemies":"Cultist","floor":1.0,"turns":4.0},{"damage":0.0,"enemies":"Jaw Worm","floor":2.0,"turns":4.0},{"damage":3.0,"enemies":"2 Louse","floor":3.0,"turns":3.0},{"damage":22.0,"enemies":"Exordium Thugs","floor":4.0,"turns":4.0},{"damage":34.0,"enemies":"Gremlin Nob","floor":6.0,"turns":5.0},{"damage":22.0,"enemies":"3 Sentries","floor":8.0,"turns":9.0},{"damage":5.0,"enemies":"Lots of Slimes","floor":11.0,"turns":4.0},{"damage":10,"enemies":"Gremlin Gang","floor":12,"turns":6},{"damage":5,"enemies":"Looter","floor":13,"turns":3},{"damage":14,"enemies":"Lots of Slimes","floor":14,"turns":3},{"damage":15,"enemies":"Hexaghost","floor":16,"turns":10},{"damage":6,"enemies":"3 Byrds","floor":18,"turns":5},{"damage":0,"enemies":"Spheric Guardian","floor":20,"turns":1},{"damage":18,"enemies":"3 Cultists","floor":21,"turns":4},{"damage":40,"enemies":"Snake Plant","floor":22,"turns":6},{"damage":30,"enemies":"Slavers","floor":24,"turns":6},{"damage":22,"enemies":"Centurion and Healer","floor":25,"turns":2}],"seed_played":"-2485391498251415503","potions_obtained":[{"floor":2.0,"key":"AttackPotion"},{"floor":6.0,"key":"champ:CounterPotion"},{"floor":8.0,"key":"Fire Potion"},{"floor":14,"key":"hexamod:EctoCoolerPotion"},{"floor":16,"key":"FearPotion"},{"floor":18,"key":"Swift Potion"},{"floor":20,"key":"PowerPotion"}],"is_trial":false,"path_per_floor":["M","M","M","M","?","E","?","E","T","R","M","M","M","M","R","B",null,"M","?","M","M","M","R","E","M"],"character_chosen":"IRONCLAD","items_purchased":[],"campfire_rested":0,"item_purchase_floors":[],"current_hp_per_floor":[80,80,80,64,64,42,42,26,26,26,27,23,24,16,16,7,86,86,86,86,74,40,40,16,0,0],"gold":596,"neow_bonus":"RANDOM_COMMON_RELIC","is_daily":false,"chose_seed":false,"campfire_upgraded":3,"win_rate":0.0,"timestamp":1608222374,"path_taken":["M","?","M","M","?","E","?","E","T","R","?","?","?","M","R","BOSS","M","?","?","M","M","R","E","M"],"items_purchased_type":[],"build_version":"2020-12-13","purchased_purges":0,"victory":false,"max_hp_per_floor":[80,80,80,80,80,86,86,86,86,86,86,86,86,86,86,86,86,86,86,86,86,86,86,86,86,86],"card_choices":[{"not_picked":["Heavy Blade","Evolve"],"picked":"Cleave","floor":1.0},{"not_picked":["Heavy Blade","Havoc"],"picked":"Iron Wave","floor":2.0},{"not_picked":["Perfected Strike","Warcry"],"picked":"Armaments","floor":3.0},{"not_picked":["Sentinel","Headbutt","True Grit"],"picked":"SKIP","floor":4.0},{"not_picked":["Wild Strike","Immolate"],"picked":"Metallicize","floor":6.0},{"not_picked":["Power Through","Clash","Clothesline"],"picked":"SKIP","floor":8.0},{"not_picked":["Wild Strike","Pommel Strike","Twin Strike"],"picked":"SKIP","floor":11.0},{"not_picked":["Sword Boomerang","Second Wind","Fire Breathing"],"picked":"SKIP","floor":12},{"not_picked":["Armaments","Clash"],"picked":"Cleave","floor":13},{"not_picked":["Feel No Pain","Infernal Blade","Flex"],"picked":"SKIP","floor":14},{"not_picked":["Berserk","Demon Form"],"picked":"Double Tap","floor":16},{"not_picked":["Fire Breathing+1","True Grit+1"],"picked":"Rupture+1","floor":18},{"not_picked":["Armaments+1","Clothesline","Sword Boomerang"],"picked":"SKIP","floor":20},{"not_picked":["Sentinel","Perfected Strike+1"],"picked":"Iron Wave+1","floor":21},{"not_picked":["Sentinel","Headbutt"],"picked":"Combust+1","floor":22},{"not_picked":["Limit Break","Blood for Blood"],"picked":"Iron Wave","floor":24}],"player_experience":507194,"relics_obtained":[{"floor":6.0,"key":"vexMod:BerryBomb"},{"floor":8.0,"key":"MealTicket"},{"floor":9.0,"key":"Orichalcum"},{"floor":24,"key":"infinitespire:FocusingShard"}],"event_choices":[{"damage_healed":0.0,"max_hp_gain":0.0,"max_hp_loss":0.0,"gold_gain":0.0,"event_name":"WeMeetAgain","player_choice":"Gave Potion","floor":7.0,"gold_loss":0.0,"damage_taken":0.0,"relics_obtained":["infinitespire:Midas Blood"]},{"damage_healed":0,"gold_gain":0,"player_choice":"Upgraded","damage_taken":0,"max_hp_gain":0,"max_hp_loss":0,"event_name":"Upgrade Shrine","floor":19,"gold_loss":0,"cards_upgraded":["Metallicize"]}],"is_beta":false,"boss_relics":[{"not_picked":["Runic Pyramid","infinitespire:Cupcake"],"picked":"energizedSpire:DeadBattery"}],"items_purged_floors":[],"is_endless":false,"potions_floor_spawned":[2,6,8,14,16,18,20],"killed_by":"Centurion and Healer","ascension_level":3}}