{"host":"w4ub8crw9ou4a5am","time":1608242392,"event":{"mods":["2.2 Compatiblity","BaseMod","Downfall","Duelist Mod","Hermit","HololiveMod","Jorbs\u0027s Wanderer Trilogy","KinomotoSakuraMod(????)","Koishi","Marisa????????","Minty Spire (QoL Compilation)","Quick Restart","Rare Cards Sparkle","Reimu??????","Remilia??????","StSLib","The Animator","The Bug Knight","The Cursed","The Disciple","The Hierophant","The Senshi","The Servant 0.9.4","WarShipGirlsR/????R mod"],"gold_per_floor":[99,5,5,12,12,12,38,32,44,44,57,49,49,65,62,42,42],"floor_reached":16,"playtime":708,"items_purged":[],"score":127,"play_id":"897a3f0d-e3a3-4bc6-a1a4-e1844dd06c31","local_time":"20201217165952","is_ascension_mode":false,"campfire_choices":[{"floor":1,"key":"RECALL"},{"data":"hexamod:CatchUp","floor":6,"key":"SMITH"},{"data":"hexamod:EmpoweringStance","floor":10,"key":"SMITH"}],"circlet_count":0,"master_deck":["hexamod:Strike","hexamod:Strike","hexamod:Strike","hexamod:Strike","hexamod:Defend","hexamod:Defend","hexamod:Defend","hexamod:Defend","hexamod:Sear","hexamod:Float","hexamod:GhostOfSpireFuture","hexamod:NecessarySacrifice","Poor:ReiMu","hexamod:CatchUp+1","hexamod:EmpoweringStance+1","hexamod:Hexaguard","hexamod:PhantomFireball","hexamod:ChargedBarrage","hexamod:RecurringNightmare","hexamod:NightmareStrike"],"relics":["hexamod:SpiritBrand","YidongShenshe:ReiMu","downfall:BrokenWingStatue","Centennial Puzzle","Boot"],"acts_visited":["Exordium"],"potions_floor_usage":[4,14],"damage_taken":[{"damage":0,"enemies":"downfall:FleeingMerchant","floor":2,"turns":4},{"damage":0,"enemies":"Cultist","floor":4,"turns":4},{"damage":0,"enemies":"Small Slimes","floor":8,"turns":3},{"damage":0,"enemies":"HollowMod:MossKnight","floor":9,"turns":9},{"damage":0,"enemies":"2 Louse","floor":11,"turns":1},{"damage":5,"enemies":"Large Slime","floor":12,"turns":5},{"damage":6,"enemies":"2 Fungi Beasts","floor":14,"turns":3},{"damage":0,"enemies":"Red Slaver","floor":15,"turns":4},{"damage":70,"enemies":"downfall:Defect","floor":16,"turns":6}],"seed_played":"3441662298885995688","potions_obtained":[{"floor":4,"key":"Fruit Juice"},{"floor":11,"key":"LiquidBronze"},{"floor":12,"key":"LiquidBronze"},{"floor":14,"key":"SmokeBomb"}],"is_trial":false,"path_per_floor":["R","$","?","M","?","R","T","M","E","R","M","M","?","M","M","B"],"character_chosen":"THE_SPIRIT","items_purchased":["hexamod:NecessarySacrifice"],"campfire_rested":0,"item_purchase_floors":[2],"current_hp_per_floor":[77,77,77,82,82,82,82,82,82,82,82,77,74,68,68,0,0],"gold":42,"neow_bonus":"TEN_PERCENT_HP_BONUS","is_daily":false,"chose_seed":false,"campfire_upgraded":2,"win_rate":0.0,"timestamp":1608242392,"path_taken":["R","?","?","M","?","R","T","M","E","R","M","M","?","M","M","BOSS"],"items_purchased_type":["Card"],"build_version":"2020-12-13","purchased_purges":0,"victory":false,"max_hp_per_floor":[77,77,77,82,82,82,82,82,82,82,82,82,82,82,82,82,82],"card_choices":[{"not_picked":["hexamod:HeatShield","hexamod:HauntingEcho"],"picked":"hexamod:GhostOfSpireFuture","floor":2},{"not_picked":["hexamod:HauntingEcho","hexamod:BurningTouch"],"picked":"hexamod:CatchUp","floor":4},{"not_picked":["hexamod:InspiringFlames","hexamod:Haunt"],"picked":"hexamod:EmpoweringStance","floor":8},{"not_picked":["hexamod:BurningTouch","hexamod:RainOfEmbers"],"picked":"hexamod:Hexaguard","floor":9},{"not_picked":["hexamod:NightmareStrike","hexamod:ShieldOfDarkness"],"picked":"hexamod:PhantomFireball","floor":11},{"not_picked":["hexamod:ThermalTransfer","hexamod:Rewind"],"picked":"hexamod:ChargedBarrage","floor":12},{"not_picked":["hexamod:BurningTouch","hexamod:RainOfEmbers"],"picked":"hexamod:RecurringNightmare","floor":14},{"not_picked":["hexamod:HauntingEcho","hexamod:EtherealExpedition"],"picked":"hexamod:NightmareStrike","floor":15}],"player_experience":903433,"relics_obtained":[{"floor":9,"key":"Centennial Puzzle"}],"event_choices":[{"damage_healed":0,"gold_gain":0,"player_choice":"Take Tiny Shrine away","damage_taken":0,"relics_obtained":["YidongShenshe:ReiMu"],"max_hp_gain":0,"max_hp_loss":0,"event_name":"yidonshenshe","floor":3,"gold_loss":0,"cards_obtained":["Poor:ReiMu"]},{"damage_healed":0,"gold_gain":0,"player_choice":"Success","damage_taken":3,"relics_obtained":["Boot"],"max_hp_gain":0,"max_hp_loss":0,"event_name":"Scrap Ooze","floor":13,"gold_loss":0}],"is_beta":false,"boss_relics":[],"items_purged_floors":[],"is_endless":false,"potions_floor_spawned":[4,11,12,14],"killed_by":"downfall:Defect","ascension_level":0}}