{"host":"90jl2h70xtuoeg0i","time":1608182011,"event":{"mods":["AchievementEnabler","BaseMod","Colored Map","Colored Powertips","Minty Spire (QoL Compilation)","Relic Stats","ojb\u0027s Better Paths Mod","ojb\u0027s Info Mod"],"gold_per_floor":[112,112,112,26,26,55,55,90,114,264,264,278,278,312,312,390,390,410,140,140,140,156,186,186,213,285,285,185,185,185,185,185,258,258,258,258],"floor_reached":35,"playtime":4065,"items_purged":["Doubt","Strike_G"],"score":981,"play_id":"a2002e1e-8db8-4835-9947-6603f3bd54ea","local_time":"20201217001331","is_ascension_mode":true,"campfire_choices":[{"data":"Bouncing Flask","floor":11,"key":"SMITH"},{"data":"Bouncing Flask","floor":13,"key":"SMITH"},{"data":"Footwork","floor":15,"key":"SMITH"},{"floor":24,"key":"REST"},{"data":"Burst","floor":27,"key":"SMITH"},{"data":"Leg Sweep","floor":32,"key":"SMITH"}],"circlet_count":0,"master_deck":["AscendersBane","Defend_G+1","Defend_G+1","Defend_G+1","Defend_G+1","Defend_G+1","Survivor","Neutralize","Bouncing Flask+1","Bouncing Flask+1","Footwork+1","Malaise","Dagger Spray","PiercingWail","Well Laid Plans","Burst+1","All Out Attack","Leg Sweep+1","Noxious Fumes","Expertise+1","Bite","Bite","Bite","Bite","Bite","Neutralize"],"relics":["Ring of the Snake","NeowsBlessing","Lantern","Whetstone","PreservedInsect","Mango","Ancient Tea Set","Juzu Bracelet","Runic Dome","ClockworkSouvenir","Enchiridion","White Beast Statue","Oddly Smooth Stone","Pear","Busted Crown"],"acts_visited":["Exordium","TheCity","TheBeyond"],"potions_floor_usage":[23,23,23,25],"damage_taken":[{"damage":0,"enemies":"Jaw Worm","floor":1,"turns":1},{"damage":0,"enemies":"Lagavulin","floor":6,"turns":1},{"damage":0,"enemies":"Gremlin Nob","floor":8,"turns":1},{"damage":1,"enemies":"2 Louse","floor":12,"turns":3},{"damage":13,"enemies":"Lagavulin","floor":14,"turns":8},{"damage":15,"enemies":"The Guardian","floor":16,"turns":8},{"damage":12,"enemies":"Shell Parasite","floor":18,"turns":5},{"damage":0,"enemies":"Spheric Guardian","floor":22,"turns":3},{"damage":0,"enemies":"Slavers","floor":23,"turns":3},{"damage":18,"enemies":"Gremlin Leader","floor":25,"turns":6},{"damage":7,"enemies":"Automaton","floor":33,"turns":10},{"damage":67,"enemies":"3 Darklings","floor":35,"turns":5}],"seed_played":"-4159793558969576365","potions_obtained":[{"floor":1,"key":"ColorlessPotion"},{"floor":8,"key":"FearPotion"},{"floor":12,"key":"EntropicBrew"},{"floor":23,"key":"DuplicationPotion"},{"floor":25,"key":"SteroidPotion"},{"floor":33,"key":"Dexterity Potion"}],"is_trial":false,"path_per_floor":["M","?","?","$","T","E","?","E","T","?","R","M","R","E","R","B",null,"M","$","?","?","M","E","R","E","T","R","$","?","?","?","R","B",null,"M"],"character_chosen":"THE_SILENT","items_purchased":["Footwork","Leg Sweep","ClockworkSouvenir"],"campfire_rested":1,"item_purchase_floors":[4,19,19],"current_hp_per_floor":[59,52,52,52,52,52,47,61,61,61,61,60,60,47,47,32,68,56,56,35,35,35,35,59,41,51,51,51,51,51,51,51,54,60,0,0],"gold":258,"neow_bonus":"THREE_ENEMY_KILL","is_daily":false,"chose_seed":false,"campfire_upgraded":5,"win_rate":0.0,"timestamp":1608182011,"path_taken":["M","?","?","?","?","E","?","E","T","?","R","M","R","E","R","BOSS","M","$","?","?","M","E","R","E","T","R","$","?","?","?","R","BOSS","M"],"items_purchased_type":["Card","Card","Relic"],"build_version":"2020-12-13","purchased_purges":2,"victory":false,"max_hp_per_floor":[66,66,66,66,66,66,66,80,80,80,80,80,80,80,80,80,80,80,80,80,80,80,80,80,80,90,90,90,62,62,62,62,62,62,62,62],"relic_stats":{"Busted Crown":0,"counters":[12,54],"PreservedInsect":118,"Juzu Bracelet":2,"Whetstone":["Strike_G","Strike_G"],"obtain_stats":[{"Lantern":5,"Pear":26,"NeowsBlessing":0,"Enchiridion":20,"Oddly Smooth Stone":25,"Mango":8,"PreservedInsect":7,"Juzu Bracelet":14,"Whetstone":6,"Ancient Tea Set":9,"White Beast Statue":23,"ClockworkSouvenir":19,"Runic Dome":17,"Busted Crown":34,"Ring of the Snake":0},{"Lantern":1,"Pear":10,"NeowsBlessing":0,"Enchiridion":7,"Oddly Smooth Stone":10,"Mango":3,"PreservedInsect":2,"Juzu Bracelet":5,"Whetstone":2,"Ancient Tea Set":3,"White Beast Statue":9,"ClockworkSouvenir":7,"Runic Dome":6,"Busted Crown":11,"Ring of the Snake":0},{"Lantern":1,"Pear":39,"NeowsBlessing":0,"Enchiridion":27,"Oddly Smooth Stone":39,"Mango":3,"PreservedInsect":2,"Juzu Bracelet":14,"Whetstone":2,"Ancient Tea Set":3,"White Beast Statue":33,"ClockworkSouvenir":27,"Runic Dome":22,"Busted Crown":49,"Ring of the Snake":0}],"Ring of the Snake":[24]},"card_choices":[{"not_picked":["PiercingWail","Quick Slash"],"picked":"Bouncing Flask","floor":1},{"not_picked":["Underhanded Strike","Cloak And Dagger"],"picked":"Malaise","floor":6},{"not_picked":["Reflex","Outmaneuver"],"picked":"Dagger Spray","floor":8},{"not_picked":["Poisoned Stab","Setup"],"picked":"PiercingWail","floor":12},{"not_picked":["Eviscerate","Poisoned Stab"],"picked":"Well Laid Plans","floor":14},{"not_picked":["Bullet Time","Envenom"],"picked":"Burst","floor":16},{"not_picked":["Backstab","Accuracy"],"picked":"All Out Attack","floor":18},{"not_picked":["PiercingWail","Cloak And Dagger"],"picked":"Noxious Fumes","floor":22},{"not_picked":["Quick Slash","Dagger Spray","Poisoned Stab"],"picked":"SKIP","floor":23},{"not_picked":["Dagger Throw","Underhanded Strike"],"picked":"Expertise+1","floor":25}],"player_experience":1337466,"relics_obtained":[{"floor":5,"key":"Lantern"},{"floor":6,"key":"Whetstone"},{"floor":8,"key":"Mango"},{"floor":9,"key":"Ancient Tea Set"},{"floor":14,"key":"Juzu Bracelet"},{"floor":20,"key":"Enchiridion"},{"floor":23,"key":"White Beast Statue"},{"floor":25,"key":"Oddly Smooth Stone"},{"floor":26,"key":"Pear"}],"event_choices":[{"cards_removed":["Strike_G"],"damage_healed":0,"gold_gain":0,"player_choice":"Card Removal","damage_taken":7,"max_hp_gain":0,"max_hp_loss":0,"event_name":"Golden Wing","floor":2,"gold_loss":0},{"damage_healed":0,"gold_gain":0,"cards_transformed":["Strike_G"],"player_choice":"Change","damage_taken":0,"max_hp_gain":0,"max_hp_loss":0,"event_name":"Living Wall","floor":3,"gold_loss":0,"cards_obtained":["Bouncing Flask"]},{"damage_healed":0,"gold_gain":0,"player_choice":"Success","damage_taken":5,"relics_obtained":["PreservedInsect"],"max_hp_gain":0,"max_hp_loss":0,"event_name":"Scrap Ooze","floor":7,"gold_loss":0},{"damage_healed":0,"gold_gain":150,"player_choice":"AGREE","damage_taken":0,"max_hp_gain":0,"max_hp_loss":0,"event_name":"Liars Game","floor":10,"gold_loss":0,"cards_obtained":["Doubt"]},{"damage_healed":0,"gold_gain":0,"player_choice":"Obtained Book","damage_taken":21,"max_hp_gain":0,"max_hp_loss":0,"event_name":"Cursed Tome","floor":20,"gold_loss":0},{"damage_healed":0,"gold_gain":0,"player_choice":"Ignored","damage_taken":0,"max_hp_gain":0,"max_hp_loss":0,"event_name":"The Mausoleum","floor":21,"gold_loss":0},{"damage_healed":0,"gold_gain":0,"player_choice":"Became a vampire","damage_taken":0,"max_hp_gain":0,"max_hp_loss":28,"event_name":"Vampires","floor":29,"gold_loss":0,"cards_obtained":["Bite","Bite","Bite","Bite","Bite"]},{"damage_healed":0,"gold_gain":0,"player_choice":"1 cards matched","damage_taken":0,"max_hp_gain":0,"max_hp_loss":0,"event_name":"Match and Keep!","floor":30,"gold_loss":0,"cards_obtained":["Neutralize"]},{"damage_healed":0,"gold_gain":0,"player_choice":"Simplicity","damage_taken":0,"max_hp_gain":0,"max_hp_loss":0,"event_name":"Back to Basics","floor":31,"gold_loss":0,"cards_upgraded":["Defend_G","Defend_G","Defend_G","Defend_G","Defend_G"]}],"is_beta":false,"boss_relics":[{"not_picked":["Black Star","Calling Bell"],"picked":"Runic Dome"},{"not_picked":["HoveringKite","Cursed Key"],"picked":"Busted Crown"}],"items_purged_floors":[19,28],"is_endless":false,"potions_floor_spawned":[1,8,12,16,23,25,33],"killed_by":"3 Darklings","ascension_level":20}}