{"host":"udzsrhbqdxqtlypj","time":1608164455,"event":{"mods":["BaseMod","Minty Spire (QoL Compilation)","Relic Stats"],"gold_per_floor":[109,109,125,138,158,158,188,188,262,292,310,342,342,359,359,459,459,475,21,41,60,60,60,86,86,86,113,129,149,184,197,197,295,295,311,365,379,379,379,410,410,439,439,459,459,459,487,499,499,499,499,499,97,123,123],"floor_reached":56,"playtime":4614,"items_purged":["Strike_R","Defend_R"],"score":1913,"play_id":"0b36a14e-7f24-478d-9979-9a3488cda0dc","local_time":"20201216182055","is_ascension_mode":true,"campfire_choices":[{"data":"Inflame","floor":6,"key":"SMITH"},{"data":"Blood for Blood","floor":8,"key":"SMITH"},{"data":"True Grit","floor":15,"key":"SMITH"},{"data":"Disarm","floor":23,"key":"SMITH"},{"data":"Feed","floor":25,"key":"SMITH"},{"data":"Rupture","floor":32,"key":"SMITH"},{"data":"Brutality","floor":41,"key":"SMITH"},{"floor":45,"key":"RECALL"},{"data":"Feel No Pain","floor":49,"key":"SMITH"},{"data":"Apotheosis","floor":52,"key":"SMITH"}],"circlet_count":0,"master_deck":["AscendersBane","Strike_R","Strike_R","Strike_R","Defend_R","Defend_R","Defend_R","Bash","Disarm+1","Pommel Strike","Thunderclap","Blood for Blood+1","Inflame+1","Uppercut","Burning Pact","Brutality+1","True Grit+1","Feed+1","Bloodletting+1","Rupture+1","Dramatic Entrance","Impervious","Sword Boomerang","Ghostly","Ghostly","Ghostly","Ghostly","Ghostly","Armaments+1","Offering","Corruption","Apotheosis+1","Bandage Up","Sword Boomerang+1","Offering","Feel No Pain+1"],"relics":["Burning Blood","Du-Vu Doll","Magic Flower","Matryoshka","Red Skull","Akabeko","PreservedInsect","Runic Pyramid","Strange Spoon","Happy Flower","Regal Pillow","Smiling Mask","Juzu Bracelet","Strawberry","Philosopher\u0027s Stone","Bird Faced Urn","Ancient Tea Set","Molten Egg 2","Sundial","Orichalcum","Brimstone","Nunchaku","Eternal Feather"],"acts_visited":["Exordium","TheCity","TheBeyond","TheEnding"],"potions_floor_usage":[10,12,16,20,33,50,55,55],"damage_taken":[{"damage":11,"enemies":"2 Louse","floor":1,"turns":3},{"damage":0,"enemies":"Jaw Worm","floor":3,"turns":6},{"damage":0,"enemies":"Cultist","floor":4,"turns":3},{"damage":7,"enemies":"Blue Slaver","floor":5,"turns":3},{"damage":35,"enemies":"3 Sentries","floor":7,"turns":7},{"damage":18,"enemies":"Lagavulin","floor":10,"turns":5},{"damage":9,"enemies":"Red Slaver","floor":11,"turns":2},{"damage":19,"enemies":"3 Sentries","floor":12,"turns":5},{"damage":2,"enemies":"Gremlin Gang","floor":14,"turns":3},{"damage":10,"enemies":"Hexaghost","floor":16,"turns":8},{"damage":13,"enemies":"3 Byrds","floor":18,"turns":6},{"damage":3,"enemies":"Spheric Guardian","floor":20,"turns":4},{"damage":24,"enemies":"Snake Plant","floor":21,"turns":4},{"damage":13,"enemies":"Gremlin Leader","floor":24,"turns":4},{"damage":4,"enemies":"Slavers","floor":27,"turns":5},{"damage":15,"enemies":"Centurion and Healer","floor":28,"turns":7},{"damage":10,"enemies":"3 Cultists","floor":29,"turns":9},{"damage":8,"enemies":"Gremlin Leader","floor":30,"turns":7},{"damage":17,"enemies":"Shelled Parasite and Fungi","floor":31,"turns":5},{"damage":17,"enemies":"Automaton","floor":33,"turns":8},{"damage":9,"enemies":"3 Darklings","floor":35,"turns":6},{"damage":29,"enemies":"2 Orb Walkers","floor":36,"turns":11},{"damage":22,"enemies":"3 Shapes","floor":37,"turns":5},{"damage":8,"enemies":"Reptomancer","floor":40,"turns":6},{"damage":17,"enemies":"Giant Head","floor":42,"turns":5},{"damage":10,"enemies":"Maw","floor":44,"turns":6},{"damage":13,"enemies":"Nemesis","floor":47,"turns":7},{"damage":5,"enemies":"3 Darklings","floor":48,"turns":4},{"damage":9,"enemies":"Time Eater","floor":50,"turns":8},{"damage":11,"enemies":"Shield and Spear","floor":54,"turns":5},{"damage":60,"enemies":"The Heart","floor":55,"turns":8}],"seed_played":"1823613127329001700","potions_obtained":[{"floor":5,"key":"SpeedPotion"},{"floor":7,"key":"Energy Potion"},{"floor":10,"key":"Explosive Potion"},{"floor":14,"key":"Explosive Potion"},{"floor":16,"key":"LiquidMemories"},{"floor":18,"key":"SkillPotion"},{"floor":21,"key":"LiquidBronze"},{"floor":24,"key":"SteroidPotion"},{"floor":37,"key":"LiquidMemories"},{"floor":47,"key":"PowerPotion"}],"is_trial":false,"path_per_floor":["M","?","M","M","M","R","E","R","T","E","M","E","?","M","R","B",null,"M","$","M","M","?","R","E","R","T","E","M","M","E","M","R","B",null,"M","?","M","?","?","E","R","E","T","M","R","?","E","M","R","B",null,"R","$","E","B",null],"character_chosen":"IRONCLAD","items_purchased":["Strange Spoon","Rupture","Dramatic Entrance","Impervious","Brimstone","Nunchaku","Strength Potion"],"campfire_rested":0,"item_purchase_floors":[19,19,19,19,53,53,53],"current_hp_per_floor":[67,67,72,72,71,71,42,42,42,33,33,23,11,18,18,17,58,59,59,70,60,40,40,41,41,41,47,53,63,74,72,72,70,79,85,77,82,82,72,97,97,106,106,110,110,110,114,118,118,122,122,122,122,126,106],"gold":123,"neow_bonus":"ONE_RARE_RELIC","is_daily":false,"chose_seed":false,"campfire_upgraded":9,"win_rate":0.0,"timestamp":1608164455,"path_taken":["M","?","M","M","M","R","E","R","T","E","M","E","?","M","R","BOSS","M","$","M","M","?","R","E","R","T","E","M","M","E","M","R","BOSS","M","?","M","?","?","E","R","E","T","M","R","?","E","M","R","BOSS","R","$","E","BOSS"],"items_purchased_type":["Relic","Card","Card","Card","Relic","Relic","Potion"],"build_version":"2020-12-13","purchased_purges":2,"victory":true,"max_hp_per_floor":[72,72,72,72,72,72,72,72,72,72,72,72,72,72,72,72,72,75,75,78,81,40,40,43,43,43,47,55,63,74,78,78,82,82,86,94,98,98,98,102,102,106,106,110,110,110,114,118,118,122,122,122,122,126,126],"relic_stats":{"Regal Pillow":0,"Happy Flower":[37],"counters":[31,175],"Magic Flower":[131],"Eternal Feather":0,"PreservedInsect":450,"Juzu Bracelet":1,"Orichalcum":[48],"Smiling Mask":50,"Burning Blood":200,"Strange Spoon":[114],"Nunchaku":[2],"Sundial":[2],"Bird Faced Urn":[76],"obtain_stats":[{"Regal Pillow":26,"Happy Flower":24,"Magic Flower":7,"Eternal Feather":54,"PreservedInsect":13,"Juzu Bracelet":27,"Orichalcum":47,"Smiling Mask":26,"Ancient Tea Set":40,"Burning Blood":0,"Akabeko":12,"Du-Vu Doll":0,"Strange Spoon":19,"Nunchaku":53,"Matryoshka":9,"Sundial":43,"Brimstone":53,"Strawberry":30,"Bird Faced Urn":36,"Philosopher\u0027s Stone":34,"Molten Egg 2":42,"Red Skull":10,"Runic Pyramid":17},{"Regal Pillow":14,"Happy Flower":14,"Magic Flower":5,"Eternal Feather":30,"PreservedInsect":8,"Juzu Bracelet":15,"Orichalcum":27,"Smiling Mask":14,"Ancient Tea Set":24,"Burning Blood":0,"Akabeko":8,"Du-Vu Doll":0,"Strange Spoon":11,"Nunchaku":29,"Matryoshka":5,"Sundial":25,"Brimstone":29,"Strawberry":18,"Bird Faced Urn":22,"Philosopher\u0027s Stone":20,"Molten Egg 2":25,"Red Skull":6,"Runic Pyramid":10},{"Regal Pillow":63,"Happy Flower":63,"Magic Flower":22,"Eternal Feather":167,"PreservedInsect":34,"Juzu Bracelet":68,"Orichalcum":150,"Smiling Mask":63,"Ancient Tea Set":132,"Burning Blood":0,"Akabeko":34,"Du-Vu Doll":0,"Strange Spoon":51,"Nunchaku":162,"Matryoshka":22,"Sundial":137,"Brimstone":162,"Strawberry":91,"Bird Faced Urn":121,"Philosopher\u0027s Stone":104,"Molten Egg 2":137,"Red Skull":27,"Runic Pyramid":45}]},"card_choices":[{"not_picked":["Twin Strike","Perfected Strike"],"picked":"Disarm","floor":1},{"not_picked":["Sentinel","Heavy Blade"],"picked":"Thunderclap","floor":3},{"not_picked":["Metallicize","Entrench"],"picked":"Blood for Blood","floor":4},{"not_picked":["Iron Wave","Headbutt"],"picked":"Inflame","floor":5},{"not_picked":["Clash","Rampage","Hemokinesis"],"picked":"SKIP","floor":7},{"not_picked":["Twin Strike","Carnage"],"picked":"Uppercut","floor":10},{"not_picked":["Cleave","Heavy Blade"],"picked":"Burning Pact","floor":11},{"not_picked":["Twin Strike","Thunderclap"],"picked":"Brutality","floor":12},{"not_picked":["Warcry","Shrug It Off"],"picked":"True Grit","floor":14},{"not_picked":["Barricade","Impervious"],"picked":"Feed","floor":16},{"not_picked":["Body Slam","Intimidate"],"picked":"Bloodletting+1","floor":18},{"not_picked":["Clash+1","Shockwave"],"picked":"Sword Boomerang","floor":20},{"not_picked":["Cleave+1","Hemokinesis","Anger+1"],"picked":"SKIP","floor":21},{"not_picked":["Perfected Strike+1","Heavy Blade","Searing Blow"],"picked":"SKIP","floor":24},{"not_picked":["Ghostly Armor","Hemokinesis","Carnage"],"picked":"SKIP","floor":27},{"not_picked":["Sever Soul","Perfected Strike","Burning Pact"],"picked":"SKIP","floor":28},{"not_picked":["Burning Pact","Perfected Strike"],"picked":"Armaments+1","floor":29},{"not_picked":["Infernal Blade","Intimidate+1"],"picked":"Offering","floor":30},{"not_picked":["Cleave","Power Through","Pommel Strike"],"picked":"SKIP","floor":31},{"not_picked":["Reaper","Feed"],"picked":"Corruption","floor":33},{"not_picked":["Heavy Blade+1","Body Slam","Twin Strike"],"picked":"SKIP","floor":35},{"not_picked":["Berserk","Cleave","Clash+1"],"picked":"SKIP","floor":37},{"not_picked":["PanicButton","Metamorphosis"],"picked":"Apotheosis","floor":39},{"not_picked":["Magnetism","Dramatic Entrance"],"picked":"Bandage Up","floor":39},{"not_picked":["Wild Strike","Perfected Strike","Clothesline"],"picked":"SKIP","floor":40},{"not_picked":["Iron Wave+1","Warcry","Perfected Strike+1"],"picked":"SKIP","floor":42},{"not_picked":["Headbutt+1","Dropkick+1"],"picked":"Sword Boomerang+1","floor":44},{"not_picked":["Uppercut+1","True Grit+1"],"picked":"Offering","floor":47},{"not_picked":["Rage","Flame Barrier"],"picked":"Feel No Pain","floor":48},{"not_picked":["Metallicize+1","Sentinel","Wild Strike+1"],"picked":"SKIP","floor":54}],"player_experience":2632032,"relics_obtained":[{"floor":7,"key":"Magic Flower"},{"floor":9,"key":"Matryoshka"},{"floor":10,"key":"Red Skull"},{"floor":12,"key":"Akabeko"},{"floor":24,"key":"Happy Flower"},{"floor":26,"key":"Regal Pillow"},{"floor":26,"key":"Smiling Mask"},{"floor":27,"key":"Juzu Bracelet"},{"floor":30,"key":"Strawberry"},{"floor":36,"key":"Bird Faced Urn"},{"floor":40,"key":"Ancient Tea Set"},{"floor":42,"key":"Molten Egg 2"},{"floor":43,"key":"Sundial"},{"floor":47,"key":"Orichalcum"},{"floor":54,"key":"Eternal Feather"}],"event_choices":[{"damage_healed":0,"gold_gain":0,"cards_transformed":["Strike_R"],"player_choice":"Change","damage_taken":0,"max_hp_gain":0,"max_hp_loss":0,"event_name":"Living Wall","floor":2,"gold_loss":0,"cards_obtained":["Pommel Strike"]},{"damage_healed":0,"gold_gain":0,"player_choice":"Success","damage_taken":12,"relics_obtained":["PreservedInsect"],"max_hp_gain":0,"max_hp_loss":0,"event_name":"Scrap Ooze","floor":13,"gold_loss":0},{"damage_healed":0,"gold_gain":0,"player_choice":"Became a Ghost","damage_taken":0,"max_hp_gain":0,"max_hp_loss":41,"event_name":"Ghosts","floor":22,"gold_loss":0,"cards_obtained":["Ghostly","Ghostly","Ghostly","Ghostly","Ghostly"]},{"damage_healed":0,"gold_gain":0,"player_choice":"Fight","damage_taken":0,"max_hp_gain":0,"max_hp_loss":0,"event_name":"Mysterious Sphere","floor":36,"gold_loss":0},{"damage_healed":0,"gold_gain":0,"player_choice":"Ignored","damage_taken":0,"max_hp_gain":0,"max_hp_loss":0,"event_name":"NoteForYourself","floor":38,"gold_loss":0},{"damage_healed":0,"gold_gain":0,"player_choice":"Memory 3","damage_taken":10,"max_hp_gain":0,"max_hp_loss":0,"event_name":"SensoryStone","floor":39,"gold_loss":0},{"damage_healed":0,"gold_gain":0,"player_choice":"Ignored","damage_taken":0,"max_hp_gain":0,"max_hp_loss":0,"event_name":"Tomb of Lord Red Mask","floor":46,"gold_loss":0}],"is_beta":false,"boss_relics":[{"not_picked":["Pandora\u0027s Box","Black Star"],"picked":"Runic Pyramid"},{"not_picked":["Sozu","Astrolabe"],"picked":"Philosopher\u0027s Stone"}],"items_purged_floors":[19,53],"is_endless":false,"potions_floor_spawned":[5,7,10,14,16,18,21,24,28,31,37,40,47],"ascension_level":10}}