{"host":"jn2qdns2nxijvlnt","time":1608223575,"event":{"mods":["BaseMod","Minty Spire (QoL Compilation)","Quick Restart"],"gold_per_floor":[13,13,13,13,29,62,62,32,103,103,103,103,47,80,80,80,80],"floor_reached":16,"playtime":620,"items_purged":[],"score":212,"play_id":"46bafbfe-3d6e-4769-916b-8f48ad8d8769","local_time":"20201217114615","is_ascension_mode":true,"campfire_choices":[{"floor":7.0,"key":"REST"},{"floor":10.0,"key":"DIG"},{"floor":12.0,"key":"REST"},{"floor":15.0,"key":"DIG"}],"circlet_count":0,"master_deck":["AscendersBane","Strike_R","Strike_R","Strike_R","Strike_R","Strike_R","Defend_R","Defend_R","Defend_R","Defend_R","Bash","Blood for Blood+1","Injury","Flex","Shrug It Off"],"relics":["Burning Blood","Unceasing Top","Golden Idol","Shovel","HornCleat","TungstenRod","Thread and Needle","Paper Frog"],"acts_visited":["Exordium"],"potions_floor_usage":[16],"damage_taken":[{"damage":5.0,"enemies":"Small Slimes","floor":1.0,"turns":3.0},{"damage":6.0,"enemies":"Cultist","floor":5.0,"turns":3.0},{"damage":56.0,"enemies":"Gremlin Nob","floor":6.0,"turns":5.0},{"damage":0.0,"enemies":"Jaw Worm","floor":11.0,"turns":1.0},{"damage":24.0,"enemies":"Lagavulin","floor":14.0,"turns":5.0},{"damage":28,"enemies":"Slime Boss","floor":16,"turns":9}],"seed_played":"-2702870642767895760","potions_obtained":[{"floor":1.0,"key":"Swift Potion"},{"floor":8.0,"key":"SkillPotion"},{"floor":8.0,"key":"EntropicBrew"},{"floor":14.0,"key":"SpeedPotion"}],"is_trial":false,"path_per_floor":["M","$","?","?","M","E","R","?","T","R","M","R","$","E","R","B"],"character_chosen":"IRONCLAD","items_purchased":["PowerPotion"],"campfire_rested":2,"item_purchase_floors":[13],"current_hp_per_floor":[69,69,69,69,69,19,41,41,41,41,47,69,69,51,51,23,23],"gold":80,"neow_bonus":"ONE_RARE_RELIC","is_daily":false,"chose_seed":false,"campfire_upgraded":0,"win_rate":0.0,"timestamp":1608223575,"path_taken":["M","$","?","?","M","E","R","?","T","R","M","R","$","E","R","BOSS"],"items_purchased_type":["Potion"],"build_version":"2020-12-13","purchased_purges":0,"victory":false,"max_hp_per_floor":[75,75,75,75,75,75,75,75,75,75,75,75,75,75,75,75,75],"card_choices":[{"not_picked":["Pommel Strike","Wild Strike"],"picked":"Blood for Blood","floor":1.0},{"not_picked":["True Grit","Clash"],"picked":"Flex","floor":5.0},{"not_picked":["True Grit","Body Slam"],"picked":"Shrug It Off","floor":6.0},{"not_picked":["Wild Strike","Brutality","Reckless Charge"],"picked":"SKIP","floor":14.0}],"player_experience":425662,"relics_obtained":[{"floor":6.0,"key":"Shovel"},{"floor":9.0,"key":"HornCleat"},{"floor":10.0,"key":"TungstenRod"},{"floor":14.0,"key":"Thread and Needle"},{"floor":15.0,"key":"Paper Frog"}],"event_choices":[{"damage_healed":0.0,"max_hp_gain":0.0,"max_hp_loss":0.0,"gold_gain":0.0,"event_name":"Golden Idol","player_choice":"Take Wound","floor":3.0,"gold_loss":0.0,"damage_taken":0.0,"relics_obtained":["Golden Idol"],"cards_obtained":["Injury"]},{"damage_healed":0.0,"max_hp_gain":0.0,"max_hp_loss":0.0,"gold_gain":0.0,"event_name":"Living Wall","player_choice":"Grow","floor":4.0,"gold_loss":0.0,"damage_taken":0.0,"cards_upgraded":["Blood for Blood"]},{"damage_healed":0.0,"max_hp_gain":0.0,"max_hp_loss":0.0,"gold_gain":0.0,"event_name":"The Woman in Blue","player_choice":"Bought 2 Potions","floor":8.0,"gold_loss":0.0,"damage_taken":0.0}],"is_beta":false,"boss_relics":[],"items_purged_floors":[],"is_endless":false,"potions_floor_spawned":[1,14],"killed_by":"Slime Boss","ascension_level":20}}