{"host":"m6h67kf6cz80m3yv","time":1608169007,"event":{"mods":["BaseMod","Better Third Choice","BetterRewards","Colored Powertips","Downfall","Duelist Mod","Hermit","Marisa????????","Minty Spire (QoL Compilation)","Quick Restart","Shade Mod","Shop Mod","StSLib","SuperFastMode","The Servant 0.9.4"],"gold_per_floor":[119,119,119,134,151,184,184,219,219,219,219,237,92,110,110,208,208,221,234,72,0,0,0],"floor_reached":22,"playtime":969,"items_purged":[],"score":243,"play_id":"c29872e1-0c3c-46ce-b293-51b105013cfd","local_time":"20201216233647","is_ascension_mode":true,"campfire_choices":[{"floor":7.0,"key":"REST"},{"floor":11.0,"key":"REST"},{"floor":15.0,"key":"REST"}],"circlet_count":0,"master_deck":["Strike_S","Strike_S","Strike_S","Defend_S","Defend_S","Defend_S","Defend_S","KidneyShot","Exchange","TimeWarp","Apotheosis+1","ShiftingGears","Gouge","Dilation","ShiftingGears","KidneyShot","Moonlight","Dilation","Orbit","Duplication","Gouge","FastForward+1","Luminosity"],"relics":["Uniform","Ancient Tea Set","Gremlin Horn","Nunchaku","DollysMirror","Black Star","Membership Card"],"acts_visited":["Exordium","TheCity"],"potions_floor_usage":[22,22],"damage_taken":[{"damage":4.0,"enemies":"2 Louse","floor":1.0,"turns":4.0},{"damage":0.0,"enemies":"Small Slimes","floor":4.0,"turns":3.0},{"damage":0.0,"enemies":"Cultist","floor":5.0,"turns":3.0},{"damage":12.0,"enemies":"Gremlin Nob","floor":6.0,"turns":3.0},{"damage":19.0,"enemies":"3 Sentries","floor":8.0,"turns":9.0},{"damage":0.0,"enemies":"2 Fungi Beasts","floor":12.0,"turns":3.0},{"damage":25.0,"enemies":"Exordium Thugs","floor":14.0,"turns":4.0},{"damage":10.0,"enemies":"The Guardian","floor":16.0,"turns":12.0},{"damage":11,"enemies":"Chosen","floor":18,"turns":5},{"damage":52,"enemies":"Spheric Guardian","floor":19,"turns":6},{"damage":6,"enemies":"Chosen and Byrds","floor":22,"turns":1}],"seed_played":"6742886539398829025","potions_obtained":[{"floor":4.0,"key":"Strength Potion"},{"floor":6.0,"key":"ColorlessPotion"},{"floor":12.0,"key":"champ:CounterPotion"}],"is_trial":false,"path_per_floor":["M","?","?","M","M","E","R","E","T","?","R","M","$","M","R","B",null,"M","M","$","?","M"],"character_chosen":"THE_SERVANT","items_purchased":["DollysMirror","Membership Card","Luminosity"],"campfire_rested":3,"item_purchase_floors":[13,20,20],"current_hp_per_floor":[67,67,67,67,67,55,71,52,52,52,71,71,71,46,67,57,68,57,5,5,5,0,0],"gold":0,"neow_bonus":"TEN_PERCENT_HP_BONUS","is_daily":false,"chose_seed":false,"campfire_upgraded":0,"win_rate":0.0,"timestamp":1608169007,"path_taken":["M","?","?","M","?","E","R","E","T","?","R","M","$","M","R","BOSS","M","M","$","?","M"],"items_purchased_type":["Relic","Relic","Card"],"build_version":"2020-12-13","purchased_purges":0,"victory":false,"max_hp_per_floor":[71,71,71,71,71,71,71,71,71,71,71,71,71,71,71,71,71,71,71,71,71,71,71],"card_choices":[{"not_picked":["Manipulate","Rearm"],"picked":"TimeWarp","floor":1.0},{"not_picked":["FastForward","Hightail"],"picked":"Gouge","floor":4.0},{"not_picked":["Sabotage","TimeTheft","FastForward"],"picked":"SKIP","floor":5.0},{"not_picked":["SurpressingFire","BestPractice"],"picked":"Dilation","floor":6.0},{"not_picked":["FastForward","Moonlight"],"picked":"ShiftingGears","floor":8.0},{"not_picked":["Starlight","DoubleEdge"],"picked":"Moonlight","floor":12.0},{"not_picked":["FanOfKnives","Alleviate"],"picked":"Orbit","floor":14.0},{"not_picked":["PendulumOfEternity","SilverMatrix"],"picked":"Duplication","floor":16.0},{"not_picked":["Alleviate+1","BottledTime"],"picked":"Gouge","floor":18},{"not_picked":["Shuttle+1","MoonPhase"],"picked":"FastForward+1","floor":19}],"player_experience":275537,"relics_obtained":[{"floor":6.0,"key":"Ancient Tea Set"},{"floor":8.0,"key":"Gremlin Horn"},{"floor":9.0,"key":"Nunchaku"}],"event_choices":[{"damage_healed":67.0,"max_hp_gain":0.0,"max_hp_loss":71.0,"gold_gain":0.0,"event_name":"betterThird:BetterShining","player_choice":"Embrace","floor":2.0,"gold_loss":0.0,"damage_taken":0.0},{"damage_healed":0.0,"max_hp_gain":0.0,"max_hp_loss":0.0,"gold_gain":0.0,"cards_transformed":["Strike_S"],"event_name":"Transmorgrifier","player_choice":"Transformed","floor":3.0,"gold_loss":0.0,"damage_taken":0.0,"cards_obtained":["ShiftingGears"]},{"damage_healed":0.0,"max_hp_gain":0.0,"max_hp_loss":0.0,"gold_gain":0.0,"event_name":"Match and Keep!","player_choice":"1 cards matched","floor":10.0,"gold_loss":0.0,"damage_taken":0.0,"cards_obtained":["KidneyShot"]},{"damage_healed":0,"gold_gain":0,"player_choice":"Paid Fearfully","damage_taken":0,"max_hp_gain":0,"max_hp_loss":0,"event_name":"Masked Bandits","floor":21,"gold_loss":72}],"is_beta":false,"boss_relics":[{"not_picked":["Empty Cage","Coffee Dripper"],"picked":"Black Star"}],"items_purged_floors":[],"is_endless":false,"potions_floor_spawned":[4,6,12],"killed_by":"Chosen and Byrds","ascension_level":5}}