{"host":"15dd7v8o90xso62x","time":1608217363,"event":{"mods":["BaseMod","Minty Spire (QoL Compilation)","Quick Restart","StSLib"],"gold_per_floor":[109,109,124,49,65,92,92,124,124,140,170,170,189,218,218,218,218],"floor_reached":16,"playtime":424,"items_purged":["Defend_P"],"score":310,"play_id":"610df16f-932d-44f1-8ee5-0ee3cf3d725c","local_time":"20201218000243","is_ascension_mode":true,"campfire_choices":[{"data":"CrushJoints","floor":7,"key":"SMITH"},{"floor":12,"key":"REST"},{"data":"EmptyFist","floor":15,"key":"SMITH"}],"circlet_count":0,"master_deck":["AscendersBane","Strike_P+1","Strike_P","Strike_P","Strike_P","Defend_P","Defend_P+1","Defend_P+1","Eruption+1","Vigilance+1","CrushJoints+1","Conclude","Halt","EmptyFist+1","Wallop"],"relics":["PureWater","Thread and Needle","Sundial","Mummified Hand","War Paint","Blue Candle"],"acts_visited":["Exordium"],"potions_floor_usage":[6,11,16],"damage_taken":[{"damage":12,"enemies":"Small Slimes","floor":1,"turns":4},{"damage":0,"enemies":"Jaw Worm","floor":3,"turns":2},{"damage":0,"enemies":"2 Louse","floor":5,"turns":2},{"damage":11,"enemies":"Lagavulin","floor":6,"turns":6},{"damage":3,"enemies":"3 Sentries","floor":8,"turns":4},{"damage":0,"enemies":"Large Slime","floor":10,"turns":2},{"damage":14,"enemies":"Lagavulin","floor":11,"turns":4},{"damage":0,"enemies":"Looter","floor":13,"turns":2},{"damage":0,"enemies":"Gremlin Nob","floor":14,"turns":2},{"damage":23,"enemies":"Hexaghost","floor":16,"turns":7}],"seed_played":"6417070672698350862","potions_obtained":[{"floor":3,"key":"Fire Potion"},{"floor":5,"key":"Weak Potion"},{"floor":11,"key":"Energy Potion"},{"floor":13,"key":"EssenceOfSteel"}],"is_trial":false,"path_per_floor":["M","?","M","$","M","E","R","E","T","M","E","R","M","E","R","B"],"character_chosen":"WATCHER","items_purchased":[],"campfire_rested":1,"item_purchase_floors":[],"current_hp_per_floor":[49,29,29,29,29,18,18,15,15,15,1,21,21,21,21,0,0],"gold":218,"neow_bonus":"UPGRADE_CARD","is_daily":false,"chose_seed":false,"campfire_upgraded":2,"win_rate":0.0,"timestamp":1608217363,"path_taken":["M","?","M","?","M","E","R","E","T","M","E","R","M","E","R","BOSS"],"items_purchased_type":[],"build_version":"2020-12-13","purchased_purges":1,"victory":false,"max_hp_per_floor":[68,68,68,68,68,68,68,68,68,68,68,68,68,68,68,68,68],"card_choices":[{"not_picked":["Prostrate","FlurryOfBlows"],"picked":"CrushJoints","floor":1},{"not_picked":["Meditate","Crescendo"],"picked":"Conclude","floor":3},{"not_picked":["FollowUp","Evaluate"],"picked":"Halt","floor":5},{"not_picked":["EmptyBody","SpiritShield"],"picked":"EmptyFist","floor":6},{"not_picked":["ReachHeaven","SashWhip","Consecrate"],"picked":"SKIP","floor":8},{"not_picked":["Crescendo","Protect","Prostrate"],"picked":"SKIP","floor":10},{"not_picked":["Crescendo","Protect","Prostrate"],"picked":"SKIP","floor":10},{"not_picked":["EmptyFist","FollowUp","CutThroughFate"],"picked":"SKIP","floor":11},{"not_picked":["Halt","FlurryOfBlows"],"picked":"Wallop","floor":13},{"not_picked":["Consecrate","EmptyFist","Conclude"],"picked":"SKIP","floor":14}],"player_experience":919465,"relics_obtained":[{"floor":6,"key":"Thread and Needle"},{"floor":8,"key":"Sundial"},{"floor":9,"key":"Mummified Hand"},{"floor":11,"key":"War Paint"},{"floor":14,"key":"Blue Candle"}],"event_choices":[{"damage_healed":0,"gold_gain":0,"player_choice":"Entered Light","damage_taken":20,"max_hp_gain":0,"max_hp_loss":0,"event_name":"Shining Light","floor":2,"gold_loss":0,"cards_upgraded":["Strike_P","Defend_P"]}],"is_beta":false,"boss_relics":[],"items_purged_floors":[4],"is_endless":false,"potions_floor_spawned":[3,5,11,13],"killed_by":"Hexaghost","ascension_level":20}}