{"host":"wha9hktbkslqvblg","time":1608209776,"event":{"mods":["BaseMod","Colored Map","Minty Spire (QoL Compilation)","Relic Stats","SuperFastMode","everything is the same but u backflip on backflip"],"gold_per_floor":[117,131,131,206,48,81,81,106,106,106,106,106,106,6,6,6,6],"floor_reached":16,"playtime":161,"items_purged":["Strike_R","Strike_R"],"score":258,"play_id":"888756a2-4a24-483e-987f-abf13e693930","local_time":"20201217215616","is_ascension_mode":true,"campfire_choices":[{"data":"Blood for Blood","floor":7,"key":"SMITH"},{"data":"Uppercut","floor":11,"key":"SMITH"},{"data":"Battle Trance","floor":13,"key":"SMITH"},{"data":"Wild Strike","floor":15,"key":"SMITH"}],"circlet_count":0,"master_deck":["AscendersBane","Strike_R+1","Defend_R","Defend_R","Defend_R","Defend_R","Bash+1","Wild Strike+1","Blood for Blood+1","Evolve","Battle Trance+1","Uppercut+1"],"relics":["Burning Blood","NeowsBlessing","White Beast Statue","Art of War"],"acts_visited":["Exordium"],"potions_floor_usage":[8],"damage_taken":[{"damage":0,"enemies":"2 Louse","floor":1,"turns":1},{"damage":0,"enemies":"Jaw Worm","floor":2,"turns":1},{"damage":0,"enemies":"Gremlin Nob","floor":6,"turns":1},{"damage":33,"enemies":"Lagavulin","floor":8,"turns":6},{"damage":6,"enemies":"The Guardian","floor":16,"turns":4}],"seed_played":"-4293927021738515431","potions_obtained":[{"floor":2,"key":"EssenceOfSteel"},{"floor":8,"key":"DuplicationPotion"}],"is_trial":false,"path_per_floor":["M","M","?","?","$","E","R","E","T","?","R","?","R","$","R","B"],"character_chosen":"IRONCLAD","items_purchased":["Evolve"],"campfire_rested":0,"item_purchase_floors":[5],"current_hp_per_floor":[74,75,52,41,41,47,47,20,20,20,20,13,13,13,13,7,7],"gold":6,"neow_bonus":"THREE_ENEMY_KILL","is_daily":false,"chose_seed":false,"campfire_upgraded":4,"win_rate":0.0,"timestamp":1608209776,"path_taken":["M","M","?","?","$","E","R","E","T","?","R","?","R","?","R","BOSS"],"items_purchased_type":["Card"],"build_version":"2020-12-13","purchased_purges":2,"victory":false,"max_hp_per_floor":[75,75,75,75,75,75,75,75,75,75,75,75,75,75,75,75,75],"relic_stats":{"counters":[5,13],"Art of War":[0],"obtain_stats":[{"NeowsBlessing":0,"Art of War":8,"Burning Blood":0,"White Beast Statue":6},{"NeowsBlessing":0,"Art of War":4,"Burning Blood":0,"White Beast Statue":3},{"NeowsBlessing":0,"Art of War":9,"Burning Blood":0,"White Beast Statue":3}],"Burning Blood":19},"card_choices":[{"not_picked":["Anger","Clash"],"picked":"Wild Strike","floor":1},{"not_picked":["Metallicize","Havoc"],"picked":"Blood for Blood","floor":2},{"not_picked":["Flex","Perfected Strike"],"picked":"Battle Trance","floor":6},{"not_picked":["Clothesline","Warcry"],"picked":"Uppercut","floor":8}],"player_experience":862745,"relics_obtained":[{"floor":6,"key":"White Beast Statue"},{"floor":8,"key":"Art of War"}],"event_choices":[{"damage_healed":0,"gold_gain":0,"player_choice":"Entered Light","damage_taken":23,"max_hp_gain":0,"max_hp_loss":0,"event_name":"Shining Light","floor":3,"gold_loss":0,"cards_upgraded":["Bash","Strike_R"]},{"damage_healed":0,"gold_gain":75,"player_choice":"Gather Gold","damage_taken":11,"max_hp_gain":0,"max_hp_loss":0,"event_name":"World of Goop","floor":4,"gold_loss":0},{"cards_removed":["Strike_R"],"damage_healed":0,"gold_gain":0,"player_choice":"Forget","damage_taken":0,"max_hp_gain":0,"max_hp_loss":0,"event_name":"Living Wall","floor":10,"gold_loss":0},{"cards_removed":["Strike_R"],"damage_healed":0,"gold_gain":0,"player_choice":"Card Removal","damage_taken":7,"max_hp_gain":0,"max_hp_loss":0,"event_name":"Golden Wing","floor":12,"gold_loss":0}],"is_beta":false,"boss_relics":[],"items_purged_floors":[5,14],"is_endless":false,"potions_floor_spawned":[2,8],"killed_by":"The Guardian","ascension_level":20}}