{"host":"wha9hktbkslqvblg","time":1608210034,"event":{"mods":["BaseMod","Colored Map","Minty Spire (QoL Compilation)","Relic Stats","SuperFastMode","everything is the same but u backflip on backflip"],"gold_per_floor":[113,113,188,201,201,235,235,253,335,205,223,37,37,57,57,57,57],"floor_reached":16,"playtime":237,"items_purged":["Strike_R","Strike_R"],"score":250,"play_id":"a522cd71-e7cc-43b4-9d56-1a1f4d1852ee","local_time":"20201217220034","is_ascension_mode":true,"campfire_choices":[{"data":"Shrug It Off","floor":7,"key":"SMITH"},{"data":"True Grit","floor":13,"key":"SMITH"},{"data":"Dark Embrace","floor":15,"key":"SMITH"}],"circlet_count":0,"master_deck":["AscendersBane","Strike_R+1","Strike_R+1","Defend_R","Defend_R","Defend_R","Defend_R","Bash+1","Body Slam+1","Shrug It Off+1","Pommel Strike","Ghostly Armor","True Grit+1","Dark Embrace+1"],"relics":["Burning Blood","NeowsBlessing","Whetstone"],"acts_visited":["Exordium"],"potions_floor_usage":[14,16],"damage_taken":[{"damage":0,"enemies":"Small Slimes","floor":1,"turns":1},{"damage":0,"enemies":"Jaw Worm","floor":4,"turns":1},{"damage":0,"enemies":"3 Sentries","floor":6,"turns":1},{"damage":9,"enemies":"2 Louse","floor":8,"turns":2},{"damage":26,"enemies":"Exordium Thugs","floor":11,"turns":6},{"damage":16,"enemies":"Large Slime","floor":14,"turns":8},{"damage":0,"enemies":"Slime Boss","floor":16,"turns":4}],"seed_played":"5105200246918036438","potions_obtained":[{"floor":4,"key":"FearPotion"},{"floor":14,"key":"Swift Potion"}],"is_trial":false,"path_per_floor":["M","?","?","M","?","E","R","M","T","$","M","$","R","M","R","B"],"character_chosen":"IRONCLAD","items_purchased":["True Grit","Dark Embrace"],"campfire_rested":0,"item_purchase_floors":[10,12],"current_hp_per_floor":[74,51,40,46,39,45,45,42,42,42,22,22,22,12,12,12,12],"gold":57,"neow_bonus":"THREE_ENEMY_KILL","is_daily":false,"chose_seed":false,"campfire_upgraded":3,"win_rate":0.0,"timestamp":1608210034,"path_taken":["M","?","?","M","?","E","R","M","T","?","M","$","R","M","R","BOSS"],"items_purchased_type":["Card","Card"],"build_version":"2020-12-13","purchased_purges":2,"victory":false,"max_hp_per_floor":[75,75,75,75,75,75,75,75,75,75,75,75,75,75,75,75,75],"relic_stats":{"counters":[7,23],"Whetstone":["Bash","Strike_R"],"obtain_stats":[{"NeowsBlessing":0,"Whetstone":6,"Burning Blood":0},{"NeowsBlessing":0,"Whetstone":3,"Burning Blood":0},{"NeowsBlessing":0,"Whetstone":3,"Burning Blood":0}],"Burning Blood":36},"card_choices":[{"not_picked":["Armaments","Spot Weakness"],"picked":"Body Slam","floor":1},{"not_picked":["Headbutt","Heavy Blade"],"picked":"Shrug It Off","floor":4},{"not_picked":["Clash","Sentinel"],"picked":"Pommel Strike","floor":6},{"not_picked":["Cleave","Havoc"],"picked":"Ghostly Armor","floor":8},{"not_picked":["Flex","Perfected Strike","Clash"],"picked":"SKIP","floor":11},{"not_picked":["Anger","Shrug It Off","Flex"],"picked":"SKIP","floor":14}],"player_experience":862911,"relics_obtained":[{"floor":6,"key":"Whetstone"}],"event_choices":[{"damage_healed":0,"gold_gain":0,"player_choice":"Entered Light","damage_taken":23,"max_hp_gain":0,"max_hp_loss":0,"event_name":"Shining Light","floor":2,"gold_loss":0,"cards_upgraded":["Body Slam","Strike_R"]},{"damage_healed":0,"gold_gain":75,"player_choice":"Gather Gold","damage_taken":11,"max_hp_gain":0,"max_hp_loss":0,"event_name":"World of Goop","floor":3,"gold_loss":0},{"cards_removed":["Strike_R"],"damage_healed":0,"gold_gain":0,"player_choice":"Card Removal","damage_taken":7,"max_hp_gain":0,"max_hp_loss":0,"event_name":"Golden Wing","floor":5,"gold_loss":0}],"is_beta":false,"boss_relics":[],"items_purged_floors":[10,12],"is_endless":false,"potions_floor_spawned":[4,14],"killed_by":"Slime Boss","ascension_level":20}}