{"host":"nox","time":1608170696,"event":{"mods":["BaseMod","Colored Powertips","Minty Spire (QoL Compilation)","Quick Restart","Replay The Spire","StSLib"],"gold_per_floor":[116,136,136,136,146,146,172,172,172,134,162,162,192,214,226,238,238],"floor_reached":16,"playtime":469,"items_purged":[],"score":200,"play_id":"8527ac2d-9e27-479b-bd0e-f4cd707c17a5","local_time":"20201217090456","is_ascension_mode":true,"campfire_choices":[{"data":"Havoc","floor":6.0,"key":"SMITH"},{"data":"Clash","floor":8.0,"key":"SMITH"},{"floor":12.0,"key":"REST"},{"data":"Rampage","floor":15.0,"key":"SMITH"}],"circlet_count":0,"master_deck":["Strike_R","Strike_R","Strike_R","Strike_R","Strike_R","Defend_R","Defend_R","Defend_R","Defend_R","Bash","Havoc+1","Clash+1","Rampage+1"],"relics":["Burning Blood","Bottled Flame","Replay:Bottled Snecko","Regal Pillow","MawBank"],"acts_visited":["Exordium"],"potions_floor_usage":[],"damage_taken":[{"damage":19.0,"enemies":"Jaw Worm","floor":1.0,"turns":5.0},{"damage":1.0,"enemies":"Cultist","floor":2.0,"turns":4.0},{"damage":11.0,"enemies":"Small Slimes","floor":5.0,"turns":5.0},{"damage":29.0,"enemies":"Replay:BlueRogue","floor":7.0,"turns":6.0},{"damage":35.0,"enemies":"3 Sentries","floor":11.0,"turns":10.0},{"damage":0.0,"enemies":"Gremlin Nob","floor":13.0,"turns":2.0},{"damage":0.0,"enemies":"Red Slaver","floor":14.0,"turns":4.0},{"damage":72,"enemies":"The Guardian","floor":16,"turns":10}],"seed_played":"-2904536984280086249","potions_obtained":[{"floor":5.0,"key":"LiquidMemories"},{"floor":11.0,"key":"DistilledChaos"}],"is_trial":false,"path_per_floor":["M","M","$","?","M","R","E","R","T","$","E","R","E","M","R","B"],"character_chosen":"IRONCLAD","items_purchased":["Rampage"],"campfire_rested":1,"item_purchase_floors":[10],"current_hp_per_floor":[67,72,72,72,67,67,44,44,44,44,15,56,62,68,68,0,0],"gold":238,"neow_bonus":"TEN_PERCENT_HP_BONUS","is_daily":false,"chose_seed":false,"campfire_upgraded":3,"win_rate":0.0,"timestamp":1608170696,"path_taken":["M","M","$","?","M","R","E","R","T","$","E","R","E","M","R","BOSS"],"items_purchased_type":["Card"],"build_version":"2020-11-17","purchased_purges":0,"victory":false,"max_hp_per_floor":[88,88,88,88,88,88,88,88,88,88,88,88,88,88,88,88,88],"card_choices":[{"not_picked":["Havoc","Replay:Undeath\u0027s Touch","Warcry"],"picked":"SKIP","floor":1.0},{"not_picked":["Replay:Undeath\u0027s Touch","Warcry"],"picked":"Havoc","floor":1.0},{"not_picked":["Replay:Undeath\u0027s Touch","Sword Boomerang","Twin Strike"],"picked":"SKIP","floor":2.0},{"not_picked":["Clothesline","Replay:Undeath\u0027s Touch"],"picked":"Clash","floor":5.0},{"not_picked":["Headbutt","Sword Boomerang","Perfected Strike"],"picked":"SKIP","floor":7.0},{"not_picked":["Twin Strike","Run Through","Sentinel"],"picked":"SKIP","floor":11.0},{"not_picked":["Rage","ReplayReversal","Disarm"],"picked":"SKIP","floor":13.0},{"not_picked":["Life Link","Metallicize","Blood for Blood"],"picked":"SKIP","floor":14.0}],"player_experience":149149,"relics_obtained":[{"floor":7.0,"key":"Bottled Flame"},{"floor":9.0,"key":"Replay:Bottled Snecko"},{"floor":11.0,"key":"Regal Pillow"},{"floor":13.0,"key":"MawBank"}],"event_choices":[{"damage_healed":0.0,"max_hp_gain":0.0,"max_hp_loss":0.0,"gold_gain":0.0,"event_name":"The Woman in Blue","player_choice":"Bought 0 Potions","floor":4.0,"gold_loss":0.0,"damage_taken":0.0}],"is_beta":true,"boss_relics":[],"items_purged_floors":[],"is_endless":false,"potions_floor_spawned":[5,11],"killed_by":"The Guardian","ascension_level":8}}