{"host":"nez9oevwwftwepnc","time":1608226767,"event":{"mods":["AchievementEnabler","Astrologer","BaseMod","Beaked The Cultist","Better Third Choice","Colored Map","Colored Powertips","Conspire","Downfall","Energized Spire","Hermit","Infinite Spire","Mathematician","Minty Spire (QoL Compilation)","Permanent Neow","Quick Restart","Random Character Mod","Shop Mod","Spikes Relics","StSLib","The Bug Knight","The Hayseed","The Hierophant","The Mystic","The Necromancer","The Runesmith","The Senshi","The Wild Card","TheArtist","slay the spire mod where everything is the same but ironclad has a cowboy hat","thorton","vexMod"],"gold_per_floor":[118,129,54,129,146,175,190,190,190,190,19,53,53,65,65,165,165,178,203,203,216,69,102,113,143,167,186,219,134,9,9,9,109,109,119,137,137,147,164,191,191,211,211,211,211,61,61,78,78,78,78],"floor_reached":50,"playtime":3682,"items_purged":["mysticmod:Strike_Mystic","mysticmod:Strike_Mystic","mysticmod:Strike_Mystic","conspire:NecroticWound"],"score":765,"play_id":"fe412733-de7e-4439-be21-3737f671feb5","local_time":"20201217123927","is_ascension_mode":false,"campfire_choices":[{"floor":8,"key":"REST"},{"data":"mysticmod:MagicWeapon","floor":10,"key":"SMITH"},{"data":"mysticmod:Lunge","floor":13,"key":"SMITH"},{"data":"mysticmod:ArcaneAccuracy","floor":15,"key":"SMITH"},{"floor":32,"key":"REST"},{"data":"mysticmod:MysticalShield","floor":32,"key":"SMITH"},{"floor":41,"key":"REST"},{"data":"mysticmod:Haste","floor":41,"key":"SMITH"},{"floor":44,"key":"REST"},{"floor":44,"key":"RECALL"},{"floor":49,"key":"REST"},{"data":"mysticmod:Probe","floor":49,"key":"SMITH"}],"circlet_count":0,"master_deck":["mysticmod:Strike_Mystic","mysticmod:Defend_Mystic","mysticmod:Defend_Mystic","mysticmod:Defend_Mystic","mysticmod:ArcaneDodge","mysticmod:ShockingGrasp","mysticmod:CureLightWounds","mysticmod:HeavyStrike","mysticmod:ArcaneAccuracy+1","mysticmod:MagicMissile","mysticmod:EnchantedMoulinet","mysticmod:CorrosiveTouch+1","mysticmod:SuddenClarity+1","mysticmod:Lunge+1","mysticmod:CorrosiveTouch","mysticmod:MysticalShield+1","mysticmod:Daze+1","mysticmod:FloatingDisk","mysticmod:Probe+1","mysticmod:TomeOfSpells+1","mysticmod:Probe+1","J.A.X.","mysticmod:Haste+1","mysticmod:SuddenClarity+1","Secret Technique"],"relics":["mysticmod:BlessedBook","HollowMod:StagPassRelic","Unceasing Top","conspire:GiftBox","energizedSpire:CursedPentagram","Red Mask","Lee\u0027s Waffle","RollingBoulder","infinitespire:Golems Mask","Toy Ornithopter","vexMod:RetaliationKit","infinitespire:Magic Flask","infinitespire:PuzzleCube"],"acts_visited":["Exordium","TheCity","TheBeyond"],"potions_floor_usage":[12,16,18,28,33,33,35,40,50,50,50],"damage_taken":[{"damage":1,"enemies":"Cultist","floor":1,"turns":3},{"damage":7,"enemies":"Small Slimes","floor":2,"turns":3},{"damage":11,"enemies":"Jaw Worm","floor":5,"turns":3},{"damage":43,"enemies":"Gremlin Nob","floor":6,"turns":5},{"damage":6,"enemies":"Looter","floor":7,"turns":3},{"damage":10,"enemies":"3 Sentries","floor":12,"turns":3},{"damage":4,"enemies":"2 Fungi Beasts","floor":14,"turns":3},{"damage":0,"enemies":"Slime Boss","floor":16,"turns":5},{"damage":0,"enemies":"3 Byrds","floor":18,"turns":4},{"damage":27,"enemies":"Masked Bandits","floor":19,"turns":4},{"damage":10,"enemies":"Spheric Guardian","floor":21,"turns":3},{"damage":21,"enemies":"Gremlin Leader","floor":23,"turns":4},{"damage":12,"enemies":"Snake Plant","floor":24,"turns":3},{"damage":14,"enemies":"Book of Stabbing","floor":25,"turns":5},{"damage":7,"enemies":"Centurion and Healer","floor":27,"turns":3},{"damage":13,"enemies":"Slavers","floor":28,"turns":3},{"damage":38,"enemies":"Collector","floor":33,"turns":7},{"damage":12,"enemies":"Orb Walker","floor":35,"turns":3},{"damage":16,"enemies":"3 Darklings","floor":36,"turns":5},{"damage":23,"enemies":"Jaw Worm Horde","floor":38,"turns":3},{"damage":22,"enemies":"Spire Growth","floor":39,"turns":4},{"damage":24,"enemies":"Giant Head","floor":40,"turns":7},{"damage":10,"enemies":"Transient","floor":42,"turns":5},{"damage":7,"enemies":"Sphere and 2 Shapes","floor":48,"turns":4}],"seed_played":"26556810736458055","potions_obtained":[{"floor":5,"key":"mysticmod:EssenceOfMagic"},{"floor":6,"key":"Block Potion"},{"floor":7,"key":"mysticmod:EssenceOfMagic"},{"floor":14,"key":"sneckomod:MuddlingPotion"},{"floor":21,"key":"BlessingOfTheForge"},{"floor":23,"key":"sneckomod:MuddlingPotion"},{"floor":24,"key":"Strength Potion"},{"floor":27,"key":"champ:CounterPotion"},{"floor":28,"key":"Swift Potion"},{"floor":33,"key":"Swift Potion"},{"floor":35,"key":"Slimebound:ThreeZeroPotion"},{"floor":38,"key":"EssenceOfSteel"},{"floor":40,"key":"EssenceOfSteel"}],"is_trial":false,"path_per_floor":["M","M","$","?","M","E","M","R","T","R","$","E","R","M","R","B",null,"M","?","?","M","$","E","M","E","T","M","E","?","$","?","R","B",null,"M","M","?","M","M","E","R","M","T","R","?","$","?","M","R","B"],"character_chosen":"MYSTIC_CLASS","items_purchased":["mysticmod:CorrosiveTouch","mysticmod:SuddenClarity","Lee\u0027s Waffle"],"campfire_rested":5,"item_purchase_floors":[11,11,22],"current_hp_per_floor":[76,69,69,62,54,14,10,33,33,33,33,26,26,25,25,28,77,77,52,59,49,84,65,55,44,44,39,33,33,33,33,58,33,84,75,62,62,41,21,5,29,22,22,46,46,46,46,42,66,0,0],"gold":78,"neow_bonus":"TRANSFORM_CARD","is_daily":false,"chose_seed":false,"campfire_upgraded":6,"win_rate":0.0,"timestamp":1608226767,"path_taken":["M","M","$","?","?","E","M","R","T","R","$","E","R","M","R","BOSS","M","?","?","M","$","E","M","E","T","M","E","?","?","?","R","BOSS","M","M","?","M","M","E","R","M","T","R","?","$","?","M","R","BOSS"],"items_purchased_type":["Card","Card","Relic"],"build_version":"2020-12-13","purchased_purges":4,"victory":false,"max_hp_per_floor":[77,77,77,77,77,77,77,77,77,77,77,77,77,77,77,77,77,77,77,77,77,84,84,84,84,84,84,84,84,84,84,84,84,84,84,84,80,80,80,80,80,80,80,80,80,80,80,80,80,80,80],"card_choices":[{"not_picked":["mysticmod:Grease","mysticmod:Stoneskin"],"picked":"mysticmod:HeavyStrike","floor":1},{"not_picked":["mysticmod:MirrorStrike","mysticmod:Shield"],"picked":"mysticmod:ArcaneAccuracy","floor":2},{"not_picked":["mysticmod:Grease","mysticmod:TomeOfSpells"],"picked":"mysticmod:MagicMissile","floor":5},{"not_picked":["mysticmod:HunkerDown","mysticmod:Riposte"],"picked":"mysticmod:MagicWeapon","floor":6},{"not_picked":["mysticmod:RapidCaster","mysticmod:BulkUp"],"picked":"mysticmod:EnchantedMoulinet","floor":7},{"not_picked":["mysticmod:Spellstrike","mysticmod:Momentum"],"picked":"mysticmod:Lunge","floor":12},{"not_picked":["mysticmod:Fly","mysticmod:CureLightWounds"],"picked":"mysticmod:CorrosiveTouch","floor":12},{"not_picked":["mysticmod:HeavyStrike","mysticmod:LightningBolt","mysticmod:PureInstinct"],"picked":"SKIP","floor":14},{"not_picked":["mysticmod:Lunge","mysticmod:GreaterInvisibility"],"picked":"mysticmod:MysticalShield","floor":16},{"not_picked":["mysticmod:HeavyStrike+1","mysticmod:Riposte"],"picked":"mysticmod:Daze+1","floor":18},{"not_picked":["mysticmod:PowerSlash","mysticmod:BulkUp"],"picked":"mysticmod:FloatingDisk","floor":19},{"not_picked":["mysticmod:Alacrity+1","mysticmod:Riposte"],"picked":"mysticmod:Probe","floor":21},{"not_picked":["mysticmod:TomeOfSpells","mysticmod:GeminiForm","mysticmod:Disengage"],"picked":"SKIP","floor":23},{"not_picked":["mysticmod:BladeMaster+1","mysticmod:MagicMissile"],"picked":"mysticmod:TomeOfSpells+1","floor":24},{"not_picked":["mysticmod:FloatingDisk","mysticmod:Sideswipe","mysticmod:Flourish"],"picked":"SKIP","floor":25},{"not_picked":["mysticmod:TomeOfSpells","mysticmod:SuddenClarity+1"],"picked":"mysticmod:Probe+1","floor":27},{"not_picked":["mysticmod:Alacrity","mysticmod:EarthenWall+1","mysticmod:EnchantedMoulinet"],"picked":"SKIP","floor":28},{"not_picked":["mysticmod:Spellstrike","mysticmod:GreaterInvisibility"],"picked":"mysticmod:Haste","floor":33},{"not_picked":["mysticmod:Shield+1","mysticmod:MightyMagic+1"],"picked":"mysticmod:SuddenClarity+1","floor":35},{"not_picked":["mysticmod:Snowball","mysticmod:VorpalThrust","mysticmod:Grease"],"picked":"SKIP","floor":36},{"not_picked":["mysticmod:MagicMissile","mysticmod:MirrorStrike+1","mysticmod:Shield+1"],"picked":"SKIP","floor":38},{"not_picked":["mysticmod:PureInstinct+1","mysticmod:Sideswipe+1","mysticmod:Fireball+1"],"picked":"SKIP","floor":39},{"not_picked":["mysticmod:PunishingArmor+1","mysticmod:IllusionOfCalm","mysticmod:Probe"],"picked":"SKIP","floor":40},{"not_picked":["mysticmod:SpellRecall","mysticmod:DiviningBlow+1","mysticmod:LightningBolt+1"],"picked":"SKIP","floor":42},{"not_picked":["Magnetism","Violence"],"picked":"Secret Technique","floor":47},{"not_picked":["mysticmod:SuddenClarity+1","mysticmod:BladedDash+1","mysticmod:Riposte"],"picked":"SKIP","floor":48}],"player_experience":509772,"relics_obtained":[{"floor":6,"key":"HollowMod:StagPassRelic"},{"floor":9,"key":"Unceasing Top"},{"floor":12,"key":"conspire:GiftBox"},{"floor":19,"key":"Red Mask"},{"floor":23,"key":"RollingBoulder"},{"floor":25,"key":"infinitespire:Golems Mask"},{"floor":26,"key":"Toy Ornithopter"},{"floor":28,"key":"vexMod:RetaliationKit"},{"floor":40,"key":"infinitespire:PuzzleCube"}],"event_choices":[{"damage_healed":0,"gold_gain":75,"player_choice":"Touch","damage_taken":7,"max_hp_gain":0,"max_hp_loss":0,"event_name":"FaceTrader","floor":4,"gold_loss":0},{"damage_healed":0,"gold_gain":0,"player_choice":"Fought Bandits","damage_taken":0,"max_hp_gain":0,"max_hp_loss":0,"event_name":"Masked Bandits","floor":19,"gold_loss":0},{"damage_healed":0,"gold_gain":0,"player_choice":"Obtained Relic","damage_taken":0,"relics_obtained":["infinitespire:Magic Flask"],"max_hp_gain":0,"max_hp_loss":0,"event_name":"Addict","floor":29,"gold_loss":85},{"damage_healed":0,"gold_gain":0,"player_choice":"Obtain J.A.X.","damage_taken":0,"max_hp_gain":0,"max_hp_loss":0,"event_name":"Drug Dealer","floor":31,"gold_loss":0,"cards_obtained":["J.A.X."]},{"damage_healed":0,"gold_gain":0,"player_choice":"Max HP","damage_taken":0,"max_hp_gain":0,"max_hp_loss":4,"event_name":"Winding Halls","floor":37,"gold_loss":0},{"cards_removed":["mysticmod:MagicWeapon"],"damage_healed":0,"gold_gain":0,"player_choice":"Removed Skill","damage_taken":0,"max_hp_gain":0,"max_hp_loss":0,"event_name":"Falling","floor":45,"gold_loss":0},{"damage_healed":0,"gold_gain":0,"player_choice":"Memory 1","damage_taken":0,"max_hp_gain":0,"max_hp_loss":0,"event_name":"SensoryStone","floor":47,"gold_loss":0}],"is_beta":false,"boss_relics":[{"not_picked":["energizedSpire:RedRose","thethorton:BottledFunds"],"picked":"energizedSpire:CursedPentagram"},{"not_picked":["thethorton:CrushedCigarette","beaked:MawFillet"],"picked":"mysticmod:BlessedBook"}],"items_purged_floors":[3,11,30,46],"is_endless":false,"potions_floor_spawned":[5,6,7,14,21,23,24,27,28,33,35,38,39,40],"killed_by":"infinitespire:MassOfShapes","ascension_level":0}}