{"host":"Sumable","time":1608238018,"event":{"mods":["AchievementEnabler","BaseMod","Better Note","BetterRewards","Googly Eyes","Hermit","Minty Spire (QoL Compilation)","Quick Restart","Shop Mod","StSLib","The Cursed","everything is the same but u backflip on backflip","slay the spire mod where everything is the same but ironclad has a cowboy hat"],"gold_per_floor":[118,118,19,80,255,282,295,295,295],"floor_reached":8,"playtime":714,"items_purged":[],"score":86,"play_id":"80813bd4-5d31-4751-87a6-6fc571672305","local_time":"20201217134658","is_ascension_mode":true,"campfire_choices":[],"circlet_count":0,"master_deck":["AscendersBane","Strike_R","Strike_R","Strike_R","Strike_R","Strike_R","Defend_R","Defend_R","Defend_R","Defend_R","Bash","Hemokinesis+1","Wild Strike","Doubt","Spot Weakness","Iron Wave"],"relics":["Burning Blood","Bronze Scales","Pen Nib"],"acts_visited":["Exordium"],"potions_floor_usage":[6,8],"damage_taken":[{"damage":0,"enemies":"Small Slimes","floor":1,"turns":4},{"damage":49,"enemies":"3 Sentries","floor":6,"turns":11},{"damage":4,"enemies":"2 Louse","floor":7,"turns":2},{"damage":42,"enemies":"Lagavulin","floor":8,"turns":3}],"seed_played":"-2209492926168644818","potions_obtained":[{"floor":7,"key":"Strength Potion"}],"is_trial":false,"path_per_floor":["M","?","$","?","?","E","M","E"],"character_chosen":"IRONCLAD","items_purchased":["Wild Strike","Block Potion"],"campfire_rested":0,"item_purchase_floors":[3,3],"current_hp_per_floor":[78,78,78,78,78,35,37,0,0],"gold":295,"neow_bonus":"RANDOM_COMMON_RELIC","is_daily":false,"chose_seed":false,"campfire_upgraded":0,"win_rate":0.0,"timestamp":1608238018,"path_taken":["M","?","$","?","?","E","M","E"],"items_purchased_type":["Card","Potion"],"build_version":"2020-12-07","purchased_purges":0,"victory":false,"max_hp_per_floor":[80,80,80,80,80,80,80,80,80],"card_choices":[{"not_picked":["Sword Boomerang","Shockwave"],"picked":"Hemokinesis","floor":1},{"not_picked":["Armaments","Shrug It Off"],"picked":"Spot Weakness","floor":6},{"not_picked":["True Grit","Carnage"],"picked":"Iron Wave","floor":7}],"player_experience":1006818,"relics_obtained":[{"floor":6,"key":"Pen Nib"}],"event_choices":[{"damage_healed":0,"gold_gain":0,"player_choice":"Grow","damage_taken":0,"max_hp_gain":0,"max_hp_loss":0,"event_name":"Living Wall","floor":2,"gold_loss":0,"cards_upgraded":["Hemokinesis"]},{"damage_healed":0,"gold_gain":61,"player_choice":"Gained Gold","damage_taken":0,"max_hp_gain":0,"max_hp_loss":0,"event_name":"Golden Wing","floor":4,"gold_loss":0},{"damage_healed":0,"gold_gain":175,"player_choice":"AGREE","damage_taken":0,"max_hp_gain":0,"max_hp_loss":0,"event_name":"Liars Game","floor":5,"gold_loss":0,"cards_obtained":["Doubt"]}],"is_beta":true,"boss_relics":[],"items_purged_floors":[],"is_endless":false,"potions_floor_spawned":[7],"killed_by":"Lagavulin","ascension_level":12}}