{"host":"o5jvvi5yapo90aia","time":1608199136,"event":{"mods":["BaseMod","CapriCore","Minty Spire (QoL Compilation)","MostiFishMod","Prisma Mod","Spicy Shops","StSLib","TestMod","The Immortal","【东方二次创作】八云紫mod","【人物mod】游戏王New YuGiOh mod","【功能Mod】Neow奖励"],"gold_per_floor":[130,55,55,55,55,55,114,149,149,205,205,236,290,330,330,438,438,477,510,296,332,14,73,123,172,172,172,221,257,257,306,306,417,417,456,856,871,911,944,1003,1003,1061,1088,1137,1165,1228,702,735,735,750,765,765,765,4,52,67],"floor_reached":57,"playtime":1540,"items_purged":["MostiFishMod:Neptune","Strike_R","Strike_R"],"score":4021,"play_id":"eddf0196-7c10-4ab5-9deb-36b9a14ca582","local_time":"20201217175856","is_ascension_mode":true,"campfire_choices":[{"data":"Strike_R","floor":6.0,"key":"PURGE"},{"data":"Bash","floor":11.0,"key":"PURGE"},{"data":"Strike_R","floor":15.0,"key":"PURGE"},{"floor":30.0,"key":"RECALL"},{"data":"MostiFishMod:TheEndOfMoonlight","floor":32.0,"key":"PURGE"},{"data":"CommonSense_AntiCommonSense_purple","floor":41.0,"key":"SMITH"},{"data":"Defend_R+1","floor":49.0,"key":"PURGE"},{"data":"Defend_R+1","floor":53.0,"key":"PURGE"}],"circlet_count":0,"master_deck":["Defend_R+1","Defend_R+1","MostiFishMod:SparklingWater+1","MostiFishMod:FantasySummer+1","MostiFishMod:NightSea+1","MostiFishMod:404NotFound+1","Master of Strategy+1","Impervious+1","LoveAcrossDimensions_purple+1","Crescendo+1","CommonSense_AntiCommonSense_purple+1","Feel No Pain+1","MostiFishMod:MusicBox"],"relics":["testmod-TestBox","MoonlightInvasionPlan","BirthdayGift-Icosahedron","testmod-ChristmasGift","Question Card","PrismaticShard","Mummified Hand","Golden Idol","SynthV:C4","Gremlin Horn","Blood Vial","testmod-TurbochargingSystem","ImportantClient","BirthdayGift-Tetrahedron","Lantern","Bottled Lightning","CeramicFish","Red Skull","ThornShield","xbg","CaptainsWheel","testmod-Antiphasic","Regal Pillow","Whetstone","Calipers","testmod-Register","testmod-BouquetWithThorns","Pen Nib","Sundial","Strange Spoon","Bird Faced Urn","TungstenRod"],"acts_visited":["Exordium","TheCity","TheBeyond","TheEnding"],"potions_floor_usage":[],"damage_taken":[{"damage":0.0,"enemies":"2 Louse","floor":1.0,"turns":2.0},{"damage":0.0,"enemies":"3 Sentries","floor":7.0,"turns":2.0},{"damage":0.0,"enemies":"Small Slimes","floor":8.0,"turns":1.0},{"damage":0.0,"enemies":"Gremlin Nob","floor":10.0,"turns":1.0},{"damage":0.0,"enemies":"Jaw Worm","floor":12.0,"turns":1.0},{"damage":0.0,"enemies":"3 Sentries","floor":13.0,"turns":2.0},{"damage":0.0,"enemies":"Lots of Slimes","floor":14.0,"turns":1.0},{"damage":0.0,"enemies":"The Guardian","floor":16.0,"turns":5.0},{"damage":0.0,"enemies":"Spheric Guardian","floor":18.0,"turns":1.0},{"damage":0.0,"enemies":"Chosen","floor":19.0,"turns":1.0},{"damage":0.0,"enemies":"Snake Plant","floor":21.0,"turns":1.0},{"damage":0.0,"enemies":"Slavers","floor":23.0,"turns":1.0},{"damage":0.0,"enemies":"Book of Stabbing","floor":25.0,"turns":1.0},{"damage":0.0,"enemies":"Snecko","floor":28.0,"turns":1.0},{"damage":0.0,"enemies":"3 Cultists","floor":29.0,"turns":1.0},{"damage":0.0,"enemies":"Slavers","floor":31.0,"turns":1.0},{"damage":2.0,"enemies":"Collector","floor":33.0,"turns":2.0},{"damage":0.0,"enemies":"3 Shapes","floor":35.0,"turns":1.0},{"damage":10.0,"enemies":"3 Shapes","floor":37.0,"turns":4.0},{"damage":0.0,"enemies":"Orb Walker","floor":38.0,"turns":1.0},{"damage":0.0,"enemies":"Maw","floor":39.0,"turns":1.0},{"damage":0.0,"enemies":"Giant Head","floor":40.0,"turns":1.0},{"damage":0.0,"enemies":"Nemesis","floor":42.0,"turns":1.0},{"damage":0.0,"enemies":"Giant Head","floor":44.0,"turns":1.0},{"damage":0.0,"enemies":"Writhing Mass","floor":45.0,"turns":1.0},{"damage":0.0,"enemies":"Reptomancer","floor":46.0,"turns":1.0},{"damage":0.0,"enemies":"Transient","floor":48.0,"turns":1.0},{"damage":1.0,"enemies":"Awakened One","floor":50.0,"turns":2.0},{"damage":0.0,"enemies":"Time Eater","floor":51.0,"turns":1.0},{"damage":0,"enemies":"Shield and Spear","floor":55,"turns":1},{"damage":1,"enemies":"The Heart","floor":56,"turns":5}],"seed_played":"5136048075237319105","potions_obtained":[{"floor":8.0,"key":"SpeedPotion"},{"floor":12.0,"key":"FearPotion"},{"floor":33.0,"key":"testmod-TestPotion"}],"is_trial":false,"path_per_floor":["M","$","?","?","?","R","E","M","T","E","R","M","E","M","R","B",null,"M","M","$","M","$","E","?","E","T","?","M","M","R","E","R","B",null,"M","?","?","M","M","E","R","E","T","E","M","E","$","M","R","B","B",null,"R","$","E","B",null],"character_chosen":"IRONCLAD","items_purchased":["Lantern","Bottled Lightning","testmod-Register","testmod-BouquetWithThorns","Pen Nib","MostiFishMod:MusicBox","Sundial","Strange Spoon","Bird Faced Urn"],"campfire_rested":0,"item_purchase_floors":[20,22,47,47,47,54,54,54,54],"current_hp_per_floor":[74,74,74,39,13,13,21,30,30,36,36,44,56,64,64,75,75,75,75,75,75,75,75,75,75,75,54,62,70,70,79,79,80,80,80,80,80,80,80,80,80,80,80,80,80,80,80,80,80,80,80,80,80,80,80,80],"gold":67,"neow_bonus":"BOSS_RELIC","is_daily":false,"chose_seed":false,"campfire_upgraded":1,"win_rate":0.0,"timestamp":1608199136,"path_taken":["M","$","?","?","?","R","E","M","T","E","R","?","E","M","R","BOSS","M","?","$","M","$","E","?","E","T","?","M","M","R","E","R","BOSS","M","?","?","M","M","E","R","E","T","E","M","E","?","M","R","BOSS","BOSS","R","$","E","BOSS"],"items_purchased_type":["Relic","Relic","Relic","Relic","Relic","Card","Relic","Relic","Relic"],"build_version":"2020-12-13","purchased_purges":3,"victory":true,"max_hp_per_floor":[75,75,75,75,75,75,75,75,75,75,75,75,75,75,75,75,75,75,75,75,75,75,75,75,75,75,80,80,80,80,80,80,80,80,80,80,80,80,80,80,80,80,80,80,80,80,80,80,80,80,80,80,80,80,80,80],"card_choices":[{"not_picked":["Heavy Blade","Dropkick","Anger"],"picked":"SKIP","floor":1.0},{"not_picked":["Purity","Hologram","ExistenceContinue_purple","CaseMagic"],"picked":"SKIP","floor":7.0},{"not_picked":["Coolheaded","PrismaMod:ChloeUncommonAttack","Twin Strike","Compile Driver"],"picked":"SKIP","floor":8.0},{"not_picked":["PrismaMod:IllyaPoisonTippedWeapons","PrismaMod:IllyaHassanGift","Tactician","Shrug It Off"],"picked":"SKIP","floor":10.0},{"not_picked":["Pray","PiercingWail","Evaluate","PrismaMod:ChloeMordred"],"picked":"SKIP","floor":12.0},{"not_picked":["Fire Breathing","Sanctity","PrismaMod:ChloeCheapDefend"],"picked":"Master of Strategy","floor":13.0},{"not_picked":["Disarm","MokouMod:SearingShot","Prepared","MokouMod:Overheat"],"picked":"SKIP","floor":14.0},{"not_picked":["MokouMod:Geothermal","testmod-PowerStrike","Forest"],"picked":"Impervious","floor":16.0},{"not_picked":["Wireheading","Havoc","ChainBoob","PrismaMod:ChloeDemonicTutor"],"picked":"SKIP","floor":18.0},{"not_picked":["LoliMage+1","Student","Nirvana","Cold Snap"],"picked":"SKIP","floor":19.0},{"not_picked":["testmod-Provocation","Rip and Tear","RealityDreamConfluencek_purple","PiercingWail+1"],"picked":"SKIP","floor":21.0},{"not_picked":["PrismaMod:IllyaCheapAttack","Shrug It Off","MokouMod:Ember","Realm_recovery_purpleEX"],"picked":"SKIP","floor":23.0},{"not_picked":["Pommel Strike","Bait_Toxicbait_purple","Reinforced Body","MokouMod:EternalBurstReactor"],"picked":"SKIP","floor":25.0},{"not_picked":["Clash","DragonAnger","Dagger Spray"],"picked":"LoveAcrossDimensions_purple","floor":28.0},{"not_picked":["Metallicize","Thunderclap+1","Flex","Boundary_LightAndDark_purple"],"picked":"SKIP","floor":29.0},{"not_picked":["MokouMod:FujiyamaVolcano","testmod-PerfectCombo+1","testmod-HeadAttack","MostiFishMod:Exploitation"],"picked":"SKIP","floor":31.0},{"not_picked":["Armaments+1","PrismaMod:IllyaBlindPoisonToss+1","Flame Barrier+1"],"picked":"Crescendo+1","floor":35.0},{"not_picked":["Tempest","PrismaMod:MiyuUncommonPlate","Combust"],"picked":"CommonSense_AntiCommonSense_purple","floor":38.0},{"not_picked":["MokouMod:IllusoryBattlefield","Perseverance","Intimidate+1","Coolheaded"],"picked":"SKIP","floor":39.0},{"not_picked":["Charmbait_purple","WheelKick","MokouMod:Rebirth","Pommel Strike"],"picked":"SKIP","floor":40.0},{"not_picked":["MokouMod:IndiscriminateIgnition+1","MokouMod:Combust","MostiFishMod:DawningShadow","MokouMod:InfernalWave"],"picked":"SKIP","floor":42.0},{"not_picked":["PrismaMod:MiyuUncommonAttack+1","MokouMod:BurningDraft","MokouMod:Afterburner+1","PathToVictory"],"picked":"SKIP","floor":44.0},{"not_picked":["MokouMod:FujiyamaVolcano+1","Heavy Blade","PrismaMod:IllyaMaid","PrismaMod:MiyuCarnivalAttack"],"picked":"SKIP","floor":45.0},{"not_picked":["MokouMod:IgneousBlow","LikeWater+1","MostiFishMod:VineMother"],"picked":"Feel No Pain+1","floor":46.0},{"not_picked":["MokouMod:WarmUp","PrismaMod:IllyaStunPoison","DifficultSpell","Nirvana"],"picked":"SKIP","floor":48.0},{"not_picked":["Body Slam","PrismaMod:IllyaBlindPoisonToss","PrismaMod:IllyaGun","Go for the Eyes"],"picked":"SKIP","floor":55}],"player_experience":1312078,"relics_obtained":[{"floor":1.0,"key":"Question Card"},{"floor":1.0,"key":"PrismaticShard"},{"floor":7.0,"key":"SynthV:C4"},{"floor":9.0,"key":"Gremlin Horn"},{"floor":10.0,"key":"Blood Vial"},{"floor":13.0,"key":"testmod-TurbochargingSystem"},{"floor":16.0,"key":"ImportantClient"},{"floor":23.0,"key":"CeramicFish"},{"floor":25.0,"key":"Red Skull"},{"floor":31.0,"key":"ThornShield"},{"floor":40.0,"key":"CaptainsWheel"},{"floor":42.0,"key":"testmod-Antiphasic"},{"floor":43.0,"key":"Regal Pillow"},{"floor":44.0,"key":"Whetstone"},{"floor":46.0,"key":"Calipers"},{"floor":55,"key":"TungstenRod"}],"event_choices":[{"damage_healed":0.0,"max_hp_gain":0.0,"max_hp_loss":0.0,"gold_gain":0.0,"cards_transformed":["Strike_R"],"event_name":"Living Wall","player_choice":"Change","floor":3.0,"gold_loss":0.0,"damage_taken":0.0,"cards_obtained":["MostiFishMod:404NotFound"]},{"damage_healed":0.0,"max_hp_gain":0.0,"max_hp_loss":0.0,"gold_gain":0.0,"event_name":"Scrap Ooze","player_choice":"Success","floor":4.0,"gold_loss":0.0,"damage_taken":35.0,"relics_obtained":["Mummified Hand"]},{"damage_healed":0.0,"max_hp_gain":0.0,"max_hp_loss":0.0,"gold_gain":0.0,"event_name":"Golden Idol","player_choice":"Take Damage","floor":5.0,"gold_loss":0.0,"damage_taken":26.0,"relics_obtained":["Golden Idol"]},{"damage_healed":0.0,"max_hp_gain":0.0,"max_hp_loss":0.0,"gold_gain":50.0,"event_name":"Nest","player_choice":"Stole From Cult","floor":24.0,"gold_loss":0.0,"damage_taken":0.0},{"damage_healed":0.0,"max_hp_gain":5.0,"max_hp_loss":0.0,"gold_gain":0.0,"event_name":"Forgotten Altar","player_choice":"Shed Blood","floor":27.0,"gold_loss":0.0,"damage_taken":26.0},{"damage_healed":0.0,"max_hp_gain":0.0,"max_hp_loss":0.0,"gold_gain":400.0,"event_name":"恩洛斯的盘子","player_choice":"Sell","floor":36.0,"relics_lost":["DaveBox"],"gold_loss":0.0,"damage_taken":0.0}],"is_beta":false,"boss_relics":[{"not_picked":["Mark of Pain","Transparent"],"picked":"BirthdayGift-Tetrahedron"},{"not_picked":["FrostBlade","MetatronsCube"],"picked":"xbg"}],"items_purged_floors":[2,20,22],"is_endless":false,"potions_floor_spawned":[8,12,14,16,19,23,25,29,33,35,40,42,45,46],"ascension_level":20}}