{"host":"l8lm1goh5xm9tkuw","time":1608174628,"event":{"mods":["Act Like it!","Alarm Clock","Astrologer","BaseMod","Colored Map","Colored Powertips","GungeonMod","Hermit","KinomotoSakuraMod(Ä¾Ö®±¾Ó£)","KomeijiMod","Library of Ruina","Library of Ruina Extra","Lobotomy","LobotomyExtend","Marisa£¨ìFÓê¡¡Ä§ÀíÉ³£©","Minty Spire (QoL Compilation)","MostiFishMod","Quick Restart","Replay The Spire","Shade Mod","StSLib","TestMod","The Animator","The Bug Knight","The Hierophant","UnlockEverythingMod","vexMod","¡¾ÒÅÎï¿¨ÅÆ¡¿REMEMod"],"gold_per_floor":[114,130,130,141,141,159,159,170,197,232,0,10,10,26,26,127,127,138,138,58,74,93,119,119,130,130,165,165,48,48,64,64,162,162,177,194,194,206,222,255,268,268,268,287,302,315,347,366,366,366,366,366,366,14,39,39],"floor_reached":57,"playtime":1346,"items_purged":["Bash","Wild Strike","DemoMod:WhiteBlade"],"score":1687,"play_id":"fc52910b-2d7b-422a-a0f1-ff192d3d946a","local_time":"20201217111028","is_ascension_mode":false,"campfire_choices":[{"data":"True Grit","floor":7,"key":"SMITH"},{"data":"Armaments","floor":15,"key":"SMITH"},{"data":"MostiFishMod:FlyOverUtopia","floor":28,"key":"SMITH"},{"floor":32,"key":"DIG"},{"floor":49,"key":"RECALL"},{"floor":53,"key":"REST"}],"circlet_count":0,"master_deck":["MostiFishMod:404NotFound","MostiFishMod:UniRed","DemoMod:BlackBlade","REME_Fury","Feel No Pain","True Grit+1","Armaments+1","Offering","Shrug It Off","Evolve","MostiFishMod:FlyOverUtopia+1","MostiFishMod:OrdinaryWorld","MostiFishMod:ChineseTea","Dark Embrace+1","Defy Death+1","True Grit"],"relics":["DaveBox","testmod-TestBox","REME_ComplimentaryCards","Pandora\u0027s Box","Question Card","LetterFromLob","Pear","Gaze_r","DemoMod:GlassGuonStoneRelic","PageOfSpiderBud","testmod-TurbochargingSystem","testmod-AssaultLearning","ImportantClient","testmod-NegativeEmotionEnhancer","Bag of Marbles","PageOfScorchedGirl","Ancient Tea Set","testmod-Prudence","DemoMod:MonsterBlood","Dream Catcher","Divine Protection","ReplayFunnel"],"acts_visited":["Exordium","TheCity","TheBeyond","TheEnding"],"potions_floor_usage":[56],"damage_taken":[{"damage":0,"enemies":"2 Louse","floor":1,"turns":1},{"damage":4,"enemies":"Jaw Worm","floor":2,"turns":2},{"damage":10,"enemies":"Small Slimes","floor":4,"turns":2},{"damage":4,"enemies":"Blue Slaver","floor":5,"turns":2},{"damage":0,"enemies":"Blue Slaver","floor":6,"turns":1},{"damage":0,"enemies":"Large Slime","floor":8,"turns":1},{"damage":6,"enemies":"Lagavulin","floor":10,"turns":1},{"damage":0,"enemies":"2 Fungi Beasts","floor":12,"turns":1},{"damage":0,"enemies":"Lots of Slimes","floor":14,"turns":1},{"damage":6,"enemies":"Fading Forest","floor":16,"turns":5},{"damage":6,"enemies":"2 Thieves","floor":18,"turns":1},{"damage":6,"enemies":"Chosen","floor":21,"turns":1},{"damage":0,"enemies":"Snecko","floor":22,"turns":1},{"damage":0,"enemies":"Gremlin Leader","floor":23,"turns":1},{"damage":0,"enemies":"Cultist and Chosen","floor":25,"turns":1},{"damage":0,"enemies":"Slavers","floor":27,"turns":1},{"damage":4,"enemies":"Snake Plant","floor":31,"turns":1},{"damage":4,"enemies":"Automaton","floor":33,"turns":1},{"damage":4,"enemies":"Orb Walker","floor":35,"turns":1},{"damage":0,"enemies":"3 Darklings","floor":36,"turns":1},{"damage":14,"enemies":"Transient","floor":38,"turns":1},{"damage":14,"enemies":"Spire Growth","floor":39,"turns":1},{"damage":10,"enemies":"Nemesis","floor":40,"turns":1},{"damage":10,"enemies":"Writhing Mass","floor":41,"turns":1},{"damage":4,"enemies":"4 Shapes","floor":44,"turns":1},{"damage":10,"enemies":"Transient","floor":45,"turns":1},{"damage":10,"enemies":"HollowMod:SlobberingHusk","floor":46,"turns":1},{"damage":4,"enemies":"R_Hoarder","floor":47,"turns":1},{"damage":4,"enemies":"Writhing Mass","floor":48,"turns":1},{"damage":4,"enemies":"Donu and Deca","floor":50,"turns":1},{"damage":10,"enemies":"Donu and Deca","floor":51,"turns":1},{"damage":0,"enemies":"Shield and Spear","floor":55,"turns":1},{"damage":3,"enemies":"The Heart","floor":56,"turns":3}],"seed_played":"-8267522196904625062","potions_obtained":[{"floor":2,"key":"EssenceOfSteel"},{"floor":4,"key":"testmod-TestPotion"},{"floor":12,"key":"SkillPotion"},{"floor":14,"key":"DemoMod:BlankPotion"},{"floor":25,"key":"Regen Potion"}],"is_trial":false,"path_per_floor":["M","M","?","M","M","M","R","M","T","E","$","M","?","M","R","B",null,"M","?","$","M","M","E","?","M","T","E","R","$","?","M","R_BF","B",null,"M","M","?","M","M","E","M","?","T","M","M","M","E","M","R","B",null,null,"R","$","E","B",null],"character_chosen":"IRONCLAD","items_purchased":["testmod-AssaultLearning","MostiFishMod:OrdinaryWorld","True Grit","Divine Protection"],"campfire_rested":1,"item_purchase_floors":[11,29,54,54],"current_hp_per_floor":[80,76,61,51,90,90,90,90,90,84,84,84,77,77,77,81,90,87,91,91,87,89,93,93,95,95,96,96,96,96,94,94,92,98,99,100,95,87,84,92,94,94,94,95,97,100,98,107,107,106,111,113,113,113,114,115],"gold":39,"neow_bonus":"BOSS_RELIC","is_daily":false,"chose_seed":false,"campfire_upgraded":3,"win_rate":0.0,"timestamp":1608174628,"path_taken":["M","M","?","M","M","M","R","M","T","E","$","M","?","M","R","BOSS","M","?","$","M","M","E","?","M","T","E","R","?","?","M","R_BF","BOSS","M","M","?","M","M","E","M","?","T","M","M","M","E","M","R","BOSS","R","$","E","BOSS"],"items_purchased_type":["Relic","Card","Card","Relic"],"build_version":"2020-12-13","purchased_purges":3,"victory":true,"max_hp_per_floor":[80,80,90,90,90,90,90,90,90,90,90,90,90,90,90,90,90,91,91,91,92,93,94,94,95,95,96,96,96,96,97,97,98,98,99,100,95,96,97,105,106,106,106,107,108,109,110,111,111,112,113,113,113,113,114,115],"card_choices":[{"not_picked":["Flex","Dropkick"],"picked":"True Grit","floor":1},{"not_picked":["Disarm","Pommel Strike","Body Slam"],"picked":"Armaments","floor":2},{"not_picked":["Armaments","Uppercut","MostiFishMod:BrandingRite","Abandon"],"picked":"SKIP","floor":4},{"not_picked":["True Grit","Heavy Blade","Twin Strike"],"picked":"Offering","floor":6},{"not_picked":["Sword Boomerang","Pummel","Headbutt"],"picked":"Shrug It Off","floor":8},{"not_picked":["Inflame","Clothesline","Armaments","Juggernaut"],"picked":"SKIP","floor":10},{"not_picked":["Warcry","Shrug It Off","Pommel Strike","Sword Boomerang"],"picked":"SKIP","floor":12},{"not_picked":["DemoMod:BlackBlade","DemoMod:WhiteBlade","Body Slam","Havoc"],"picked":"SKIP","floor":14},{"not_picked":["Body Slam","Whirlwind","Havoc","Heavy Blade"],"picked":"SKIP","floor":18},{"not_picked":["Flex+1","Pommel Strike","True Grit","Replay:Undeath\u0027s Touch"],"picked":"SKIP","floor":21},{"not_picked":["Thunderclap","Whirlwind","Headbutt+1","Perfected Strike+1"],"picked":"SKIP","floor":22},{"not_picked":["Perfected Strike","ReplayReversal","Intimidate","Double Tap"],"picked":"SKIP","floor":23},{"not_picked":["ReplayTheSpireMod:LeadingStrike","Entrench+1","Anger+1"],"picked":"Evolve","floor":25},{"not_picked":["Havoc","Impervious","Replay:Undeath\u0027s Touch"],"picked":"MostiFishMod:FlyOverUtopia","floor":27},{"not_picked":["ReplayTheSpireMod:Strike From Hell","Pommel Strike+1","Body Slam","ReplayTheSpireMod:Limb From Limb"],"picked":"SKIP","floor":31},{"not_picked":["MostiFishMod:#F4004","REME_Fury","Hemogenesis"],"picked":"MostiFishMod:ChineseTea","floor":33},{"not_picked":["Flex","Clothesline","Clash","Combust"],"picked":"SKIP","floor":35},{"not_picked":["Flame Barrier","Metallicize+1","Thunderclap","Clothesline"],"picked":"SKIP","floor":36},{"not_picked":["Pommel Strike+1","ReplayTheSpireMod:Muscle Training+1","Thunderclap","Cleave"],"picked":"SKIP","floor":38},{"not_picked":["Wild Strike+1","Heavy Blade","Disarm"],"picked":"Dark Embrace+1","floor":39},{"not_picked":["Uppercut","ReplayReversal+1","Rage+1","Run Through"],"picked":"SKIP","floor":40},{"not_picked":["Iron Wave+1","ReplayTheSpireMod:Corrosion Curse","Pommel Strike+1","Body Slam"],"picked":"SKIP","floor":41},{"not_picked":["Cleave+1","Perfected Strike","Hemokinesis","Fire Breathing"],"picked":"SKIP","floor":44},{"not_picked":["Cleave+1","Perfected Strike","Massacre"],"picked":"Defy Death+1","floor":45},{"not_picked":["Iron Wave","Fiend Fire","Perfected Strike+1","Shrug It Off+1"],"picked":"SKIP","floor":46},{"not_picked":["Sword Boomerang+1","Flame Barrier+1","Iron Wave","ReplayTheSpireMod:Corrosion Curse+1"],"picked":"SKIP","floor":47},{"not_picked":["Body Slam+1","Shockwave+1","Clothesline","Disarm+1"],"picked":"SKIP","floor":48},{"not_picked":["Pummel","True Grit","Thunderclap","Sentinel"],"picked":"SKIP","floor":55}],"player_experience":319535,"relics_obtained":[{"floor":1,"key":"Question Card"},{"floor":1,"key":"LetterFromLob"},{"floor":9,"key":"PageOfSpiderBud"},{"floor":10,"key":"testmod-TurbochargingSystem"},{"floor":16,"key":"ImportantClient"},{"floor":23,"key":"Bag of Marbles"},{"floor":26,"key":"PageOfScorchedGirl"},{"floor":27,"key":"Ancient Tea Set"},{"floor":40,"key":"DemoMod:MonsterBlood"},{"floor":47,"key":"Dream Catcher"},{"floor":55,"key":"ReplayFunnel"}],"event_choices":[{"damage_healed":0,"gold_gain":0,"player_choice":"Success","damage_taken":25,"relics_obtained":["Pear"],"max_hp_gain":0,"max_hp_loss":0,"event_name":"Scrap Ooze","floor":3,"gold_loss":0},{"cards_removed":["Bloodletting"],"damage_healed":0,"gold_gain":0,"player_choice":"Card Removal","damage_taken":7,"max_hp_gain":0,"max_hp_loss":0,"event_name":"Golden Wing","floor":13,"gold_loss":0},{"cards_removed":["Shockwave"],"damage_healed":0,"gold_gain":0,"player_choice":"Elegance","damage_taken":0,"max_hp_gain":0,"max_hp_loss":0,"event_name":"Back to Basics","floor":24,"gold_loss":0},{"damage_healed":0,"gold_gain":0,"player_choice":"Max HP","damage_taken":0,"max_hp_gain":0,"max_hp_loss":5,"event_name":"Winding Halls","floor":37,"gold_loss":0},{"damage_healed":0,"gold_gain":0,"player_choice":"Ignored","damage_taken":0,"max_hp_gain":0,"max_hp_loss":0,"event_name":"Tomb of Lord Red Mask","floor":42,"gold_loss":0}],"is_beta":false,"boss_relics":[{"not_picked":["DiscerningMonocle","FrostBlade"],"picked":"testmod-NegativeEmotionEnhancer"},{"not_picked":["Replay:Bronze Core","Sozu"],"picked":"testmod-Prudence"}],"items_purged_floors":[11,20,54],"is_endless":false,"potions_floor_spawned":[2,4,5,12,14,18,22,25,33,36,40,41,46],"ascension_level":0}}