{"host":"8o45mh5p3pp1o2mi","time":1608222122,"event":{"mods":["BaseMod","Downfall","Minty Spire (QoL Compilation)","Replay The Spire","StSLib"],"gold_per_floor":[99,99,99,99,130,130,130,130,160,160,172,182,201,51,65,164,164,164,178,24,42,57,71,148,148,148],"floor_reached":25,"playtime":2328,"items_purged":["hexamod:Strike","hexamod:Defend"],"score":236,"play_id":"233b73d8-d5ee-4891-84d7-3f414afc731b","local_time":"20201217162202","is_ascension_mode":false,"campfire_choices":[{"data":"hexamod:ChargedBarrage","floor":8,"key":"SMITH"},{"data":"hexamod:SoulSteal","floor":10,"key":"SMITH"},{"data":"hexamod:VolcanoVisage","floor":18,"key":"SMITH"}],"circlet_count":0,"master_deck":["hexamod:Strike","hexamod:Strike","hexamod:Defend","hexamod:Defend","hexamod:Sear","hexamod:Float","hexamod:Haunt","hexamod:AdvancingGuard+1","hexamod:RecurringNightmare","hexamod:HauntingEcho","hexamod:ChargedBarrage+1","hexamod:SoulSteal+1","hexamod:SwordOfDarkness","hexamod:FastForward","hexamod:UnleashSpirits","hexamod:RetreatToShadows","hexamod:StepThrough+1","hexamod:FastForward","hexamod:VolcanoVisage+1","hexamod:EmpoweredFlame","hexamod:NightmareGuise+1","hexamod:BurningTouch+1","hexamod:GhostOfSpireFuture","hexamod:Again","hexamod:WildfireWeapon"],"relics":["hexamod:SpiritBrand","downfall:HeartsMalice","Shuriken","Meat on the Bone","ReplayTheSpireMod:TigerMarble","SacredBark"],"acts_visited":["Exordium","TheCity"],"potions_floor_usage":[16,20,20],"damage_taken":[{"damage":0,"enemies":"2 Louse","floor":2,"turns":1},{"damage":0,"enemies":"Cultist","floor":4,"turns":1},{"damage":0,"enemies":"Gremlin Nob","floor":5,"turns":1},{"damage":1,"enemies":"Replay:BlueRogue","floor":9,"turns":6},{"damage":0,"enemies":"Small Slimes","floor":11,"turns":3},{"damage":4,"enemies":"Exordium Thugs","floor":12,"turns":3},{"damage":0,"enemies":"2 Fungi Beasts","floor":13,"turns":2},{"damage":0,"enemies":"downfall:FleeingMerchant","floor":14,"turns":4},{"damage":7,"enemies":"Blue Slaver","floor":15,"turns":3},{"damage":23,"enemies":"downfall:Watcher","floor":16,"turns":6},{"damage":0,"enemies":"3 Byrds","floor":19,"turns":3},{"damage":1,"enemies":"downfall:FleeingMerchant","floor":20,"turns":4},{"damage":8,"enemies":"Snecko","floor":21,"turns":6},{"damage":5,"enemies":"Chosen and Byrds","floor":22,"turns":5},{"damage":2,"enemies":"Centurion and Healer","floor":23,"turns":6},{"damage":57,"enemies":"Gremlin Leader","floor":25,"turns":4}],"seed_played":"8171504004660074829","potions_obtained":[{"floor":5,"key":"PowerPotion"},{"floor":9,"key":"Languid Potion"},{"floor":12,"key":"SneckoOil"},{"floor":13,"key":"Elixir"},{"floor":16,"key":"SteroidPotion"}],"is_trial":false,"path_per_floor":["R","M","?","M","E","?","T","R","E","R","M","M","M","$","M","B",null,"R","M","$","M","M","M","T","E"],"character_chosen":"THE_SPIRIT","items_purchased":["hexamod:StepThrough+1","hexamod:BurningTouch+1"],"campfire_rested":0,"item_purchase_floors":[14,20],"current_hp_per_floor":[70,70,70,70,70,70,70,70,69,69,70,66,66,66,59,36,70,70,70,69,61,56,54,54,0,0],"gold":148,"neow_bonus":"THREE_ENEMY_KILL","is_daily":false,"chose_seed":false,"campfire_upgraded":3,"win_rate":0.0,"timestamp":1608222122,"path_taken":["R","M","?","?","E","?","T","R","E","R","M","M","M","?","M","BOSS","R","M","$","M","M","M","T","E"],"items_purchased_type":["Card","Card"],"build_version":"2020-12-13","purchased_purges":2,"victory":false,"max_hp_per_floor":[70,70,70,70,70,70,70,70,70,70,70,70,70,70,70,70,70,70,70,70,70,70,70,70,70,70],"card_choices":[{"not_picked":["hexamod:Hexaguard","hexamod:SpectersWail"],"picked":"hexamod:AdvancingGuard","floor":2},{"not_picked":["hexamod:Incineration","hexamod:GhostOfSpirePresent"],"picked":"hexamod:RecurringNightmare","floor":4},{"not_picked":["hexamod:ExtraCrispy","hexamod:Rewind"],"picked":"hexamod:HauntingEcho","floor":5},{"not_picked":["hexamod:ShieldOfDarkness","hexamod:HauntingEcho"],"picked":"hexamod:SoulSteal","floor":9},{"not_picked":["hexamod:GhostShield","hexamod:GhostOfSpirePresent"],"picked":"hexamod:SwordOfDarkness","floor":11},{"not_picked":["hexamod:GhostOfSpireFuture","hexamod:ShieldOfDarkness"],"picked":"hexamod:FastForward","floor":12},{"not_picked":["hexamod:SpectralAdrenaline","hexamod:SpectersWail"],"picked":"hexamod:UnleashSpirits","floor":13},{"not_picked":["hexamod:Hexaguard","hexamod:InspiringFlames"],"picked":"hexamod:RetreatToShadows","floor":14},{"not_picked":["hexamod:SpectersWail","hexamod:ThermalTransfer"],"picked":"hexamod:FastForward","floor":15},{"not_picked":["hexamod:UnleashSpirits","hexamod:SixthSeal"],"picked":"hexamod:VolcanoVisage","floor":16},{"not_picked":["hexamod:NightmareStrike","hexamod:ExtraCrispy"],"picked":"hexamod:EmpoweredFlame","floor":19},{"not_picked":["hexamod:Hexaguard+1","hexamod:ThirdSeal"],"picked":"hexamod:NightmareGuise+1","floor":20},{"not_picked":["hexamod:FastForward","hexamod:PhantomFireball"],"picked":"hexamod:GhostOfSpireFuture","floor":21},{"not_picked":["hexamod:FourthSeal","hexamod:SwordOfDarkness+1"],"picked":"hexamod:Again","floor":22},{"not_picked":["hexamod:Firestarter","hexamod:HeatShield"],"picked":"hexamod:WildfireWeapon","floor":23}],"player_experience":19246,"relics_obtained":[{"floor":5,"key":"Shuriken"},{"floor":7,"key":"Meat on the Bone"},{"floor":9,"key":"ReplayTheSpireMod:TigerMarble"}],"event_choices":[{"damage_healed":0,"gold_gain":0,"player_choice":"Upgraded","damage_taken":0,"max_hp_gain":0,"max_hp_loss":0,"event_name":"Upgrade Shrine","floor":3,"gold_loss":0,"cards_upgraded":["hexamod:AdvancingGuard"]},{"damage_healed":0,"gold_gain":0,"cards_transformed":["hexamod:Strike"],"player_choice":"Transformed","damage_taken":0,"max_hp_gain":0,"max_hp_loss":0,"event_name":"Transmorgrifier","floor":6,"gold_loss":0,"cards_obtained":["hexamod:ChargedBarrage"]}],"is_beta":false,"boss_relics":[{"not_picked":["Velvet Choker","Empty Cage"],"picked":"SacredBark"}],"items_purged_floors":[14,20],"is_endless":false,"potions_floor_spawned":[5,9,12,13,16,19],"killed_by":"Gremlin Leader","ascension_level":0}}