{"host":"bux1pdxjwq4dkad9","time":1608187166,"event":{"mods":["BaseMod","Colored Map","Minty Spire (QoL Compilation)","Quick Restart","Robot Space Explorer","StSLib","SuperFastMode","°æ“≈ŒÔMod°øºÚµ•”Œœ∑"],"gold_per_floor":[111,111,111,111,121,154,154,180,180,180,105,132,152,52,52,126,126,139,152,27,46,66,66,96,96,96,124,124,155,166,16,16,95,95,111,1,1,14,28,61,61,94,117,117,151,170,170,184,184,184,184,184,184,21,49,49],"floor_reached":57,"playtime":1220,"items_purged":["Strike_R","Strike_R","Strike_R","Strike_R+1"],"score":3832,"play_id":"ffcccea0-fb05-4656-a57d-f277cc766cb3","local_time":"20201217143926","is_ascension_mode":true,"campfire_choices":[{"floor":7,"key":"RECALL"},{"data":"Defend_R","floor":10,"key":"SMITH"},{"data":"Flex","floor":15,"key":"SMITH"},{"data":"Body Slam","floor":23,"key":"SMITH"},{"data":"Sever Soul","floor":25,"key":"SMITH"},{"data":"Juggernaut","floor":32,"key":"SMITH"},{"data":"Burning Pact","floor":41,"key":"SMITH"},{"data":"Berserk","floor":47,"key":"SMITH"},{"data":"True Grit","floor":49,"key":"SMITH"},{"data":"Offering","floor":53,"key":"SMITH"}],"circlet_count":0,"master_deck":["AscendersBane","Defend_R+1","Defend_R+1","Defend_R+1","Bash+1","Flex+1","Sever Soul+1","Offering+1","Body Slam+1","Juggernaut+1","Barricade+1","True Grit+1","Burning Pact+1","Entrench+1","Decay","Berserk+1","Sentinel+1"],"relics":["Burning Blood","ImprovedEquipment","Toy Ornithopter","Nunchaku","InkBottle","PreservedInsect","Sozu","White Beast Statue","Question Card","Prayer Wheel","Bottled Flame","Cursed Key","Vajra","Bag of Marbles","Pear","TheAbacus","StrikeDummy"],"acts_visited":["Exordium","TheCity","TheBeyond","TheEnding"],"potions_floor_usage":[56,56],"damage_taken":[{"damage":0.0,"enemies":"Cultist","floor":1.0,"turns":3.0},{"damage":0.0,"enemies":"Jaw Worm","floor":5.0,"turns":2.0},{"damage":0,"enemies":"Lagavulin","floor":6,"turns":7},{"damage":0,"enemies":"3 Sentries","floor":8,"turns":8},{"damage":0,"enemies":"Lagavulin","floor":12,"turns":6},{"damage":0,"enemies":"2 Louse","floor":13,"turns":2},{"damage":0,"enemies":"Hexaghost","floor":16,"turns":8},{"damage":6,"enemies":"Spheric Guardian","floor":18,"turns":1},{"damage":6,"enemies":"2 Thieves","floor":19,"turns":2},{"damage":6,"enemies":"Centurion and Healer","floor":21,"turns":2},{"damage":6,"enemies":"Sentry and Sphere","floor":22,"turns":1},{"damage":0,"enemies":"Book of Stabbing","floor":24,"turns":1},{"damage":6,"enemies":"Gremlin Leader","floor":27,"turns":2},{"damage":0,"enemies":"Book of Stabbing","floor":29,"turns":1},{"damage":6,"enemies":"3 Cultists","floor":30,"turns":1},{"damage":6,"enemies":"Champ","floor":33,"turns":1},{"damage":6,"enemies":"Orb Walker","floor":35,"turns":1},{"damage":6,"enemies":"3 Darklings","floor":38,"turns":1},{"damage":6,"enemies":"Maw","floor":39,"turns":2},{"damage":6,"enemies":"Giant Head","floor":40,"turns":2},{"damage":6,"enemies":"Nemesis","floor":42,"turns":1},{"damage":6,"enemies":"Reptomancer","floor":45,"turns":1},{"damage":6,"enemies":"Writhing Mass","floor":46,"turns":1},{"damage":6,"enemies":"Jaw Worm Horde","floor":48,"turns":1},{"damage":6,"enemies":"Awakened One","floor":50,"turns":3},{"damage":6,"enemies":"Donu and Deca","floor":51,"turns":2},{"damage":6,"enemies":"Shield and Spear","floor":55,"turns":1},{"damage":0,"enemies":"The Heart","floor":56,"turns":5}],"seed_played":"223860489337328478","potions_obtained":[{"floor":5.0,"key":"FearPotion"},{"floor":8,"key":"Block Potion"}],"is_trial":false,"path_per_floor":["M","?","?","?","M","E","R","E","T","R","$","E","M","$","R","B",null,"M","M","$","M","M","R","E","R","T","E","?","E","M","$","R","B",null,"M","?","$","M","M","E","R","E","T","?","E","M","R","M","R","B","B",null,"R","$","E","B",null],"character_chosen":"IRONCLAD","items_purchased":["TheAbacus"],"campfire_rested":0,"item_purchase_floors":[54],"current_hp_per_floor":[74,74,51,51,57,63,63,69,69,69,69,75,75,75,75,75,75,75,75,75,75,75,75,75,75,75,75,75,75,75,75,75,75,75,75,75,75,75,75,75,75,75,75,75,85,85,85,85,85,85,85,85,85,85,85,85],"gold":49,"neow_bonus":"UPGRADE_CARD","is_daily":false,"chose_seed":false,"campfire_upgraded":9,"win_rate":0.0,"timestamp":1608187166,"path_taken":["M","?","?","?","M","E","R","E","T","R","?","E","?","?","R","BOSS","M","?","$","M","M","R","E","R","T","E","?","E","?","$","R","BOSS","M","?","$","?","M","E","R","E","T","?","E","M","R","M","R","BOSS","BOSS","R","$","E","BOSS"],"items_purchased_type":["Relic"],"build_version":"2020-12-13","purchased_purges":4,"victory":true,"max_hp_per_floor":[75,75,75,75,75,75,75,75,75,75,75,75,75,75,75,75,75,75,75,75,75,75,75,75,75,75,75,75,75,75,75,75,75,75,75,75,75,75,75,75,75,75,75,75,85,85,85,85,85,85,85,85,85,85,85,85],"card_choices":[{"not_picked":["Shrug It Off","Havoc","Cleave"],"picked":"SKIP","floor":1.0},{"not_picked":["Anger","Rupture","Thunderclap"],"picked":"SKIP","floor":5.0},{"not_picked":["Heavy Blade","Pommel Strike","Iron Wave"],"picked":"SKIP","floor":6},{"not_picked":["Power Through","Combust","Sword Boomerang"],"picked":"SKIP","floor":8},{"not_picked":["Warcry","Evolve"],"picked":"Flex","floor":12},{"not_picked":["Twin Strike","Flame Barrier"],"picked":"Sever Soul","floor":13},{"not_picked":["Exhume","Reaper"],"picked":"Offering","floor":16},{"not_picked":["Thunderclap","Armaments","Shockwave"],"picked":"SKIP","floor":18},{"not_picked":["Seeing Red","True Grit"],"picked":"Body Slam","floor":19},{"not_picked":["Havoc+1","Twin Strike","Warcry"],"picked":"SKIP","floor":21},{"not_picked":["Havoc","Metallicize","Iron Wave"],"picked":"SKIP","floor":22},{"not_picked":["Body Slam","Spot Weakness+1","Offering"],"picked":"SKIP","floor":24},{"not_picked":["Cleave+1","Rupture+1","Whirlwind","Wild Strike"],"picked":"SKIP","floor":27},{"not_picked":["Ghostly Armor","Anger","Juggernaut","Metallicize"],"picked":"SKIP","floor":29},{"not_picked":["Ghostly Armor","Anger","Metallicize"],"picked":"Juggernaut","floor":29},{"not_picked":["Evolve","Fire Breathing","Twin Strike","Armaments"],"picked":"SKIP","floor":30},{"not_picked":["Shrug It Off","True Grit","Cleave","Sword Boomerang"],"picked":"SKIP","floor":30},{"not_picked":["Evolve","Fire Breathing","Twin Strike","Armaments"],"picked":"SKIP","floor":30},{"not_picked":["Shrug It Off","True Grit","Cleave","Sword Boomerang"],"picked":"SKIP","floor":30},{"not_picked":["Double Tap","Immolate","Impervious"],"picked":"Barricade","floor":33},{"not_picked":["Twin Strike","Anger","Flex"],"picked":"True Grit","floor":35},{"not_picked":["Infernal Blade","True Grit","Clothesline","Shrug It Off"],"picked":"SKIP","floor":35},{"not_picked":["Rage","Clash","Havoc+1"],"picked":"Burning Pact","floor":38},{"not_picked":["Sword Boomerang+1","Perfected Strike","Havoc+1","Spot Weakness"],"picked":"SKIP","floor":38},{"not_picked":["Body Slam","Havoc","Bloodletting"],"picked":"Entrench+1","floor":39},{"not_picked":["Carnage","Anger","Offering","Shrug It Off"],"picked":"SKIP","floor":39},{"not_picked":["Thunderclap","Warcry","True Grit+1","Battle Trance"],"picked":"SKIP","floor":40},{"not_picked":["Pommel Strike","Clash","Searing Blow+1","Ghostly Armor"],"picked":"SKIP","floor":42},{"not_picked":["Headbutt","Battle Trance+1","Pommel Strike+1","Clothesline+1"],"picked":"SKIP","floor":45},{"not_picked":["Pommel Strike","Battle Trance","Reckless Charge"],"picked":"Berserk","floor":46},{"not_picked":["Flame Barrier","Wild Strike","Clothesline","Havoc"],"picked":"SKIP","floor":46},{"not_picked":["Wild Strike","Body Slam","Thunderclap","Evolve"],"picked":"SKIP","floor":48},{"not_picked":["Heavy Blade","Warcry","Shrug It Off","Carnage"],"picked":"SKIP","floor":48},{"not_picked":["Body Slam","Perfected Strike+1","True Grit+1"],"picked":"Sentinel+1","floor":55}],"player_experience":2329975,"relics_obtained":[{"floor":6,"key":"Toy Ornithopter"},{"floor":8,"key":"Nunchaku"},{"floor":9,"key":"InkBottle"},{"floor":12,"key":"PreservedInsect"},{"floor":24,"key":"White Beast Statue"},{"floor":26,"key":"Question Card"},{"floor":27,"key":"Prayer Wheel"},{"floor":29,"key":"Bottled Flame"},{"floor":40,"key":"Vajra"},{"floor":42,"key":"Bag of Marbles"},{"floor":45,"key":"Pear"},{"floor":55,"key":"StrikeDummy"}],"event_choices":[{"cards_removed":["Strike_R"],"damage_healed":0.0,"max_hp_gain":0.0,"max_hp_loss":0.0,"gold_gain":0.0,"event_name":"Living Wall","player_choice":"Forget","floor":2.0,"gold_loss":0.0,"damage_taken":0.0},{"damage_healed":0.0,"max_hp_gain":0.0,"max_hp_loss":0.0,"gold_gain":0.0,"event_name":"Shining Light","player_choice":"Entered Light","floor":3.0,"gold_loss":0.0,"damage_taken":23.0,"cards_upgraded":["Defend_R","Strike_R"]},{"damage_healed":0.0,"max_hp_gain":0.0,"max_hp_loss":0.0,"gold_gain":0.0,"event_name":"Liars Game","player_choice":"Ignored","floor":4.0,"gold_loss":0.0,"damage_taken":0.0},{"damage_healed":0,"gold_gain":0,"player_choice":"Upgraded","damage_taken":0,"max_hp_gain":0,"max_hp_loss":0,"event_name":"Upgrade Shrine","floor":28,"gold_loss":0,"cards_upgraded":["Defend_R"]},{"cards_removed":["Defend_R"],"damage_healed":0,"gold_gain":0,"player_choice":"Upgrade and Remove","damage_taken":0,"max_hp_gain":0,"max_hp_loss":0,"event_name":"Designer","floor":36,"gold_loss":110,"cards_upgraded":["Barricade"]},{"damage_healed":0,"gold_gain":0,"player_choice":"Ignored","damage_taken":0,"max_hp_gain":0,"max_hp_loss":0,"event_name":"Tomb of Lord Red Mask","floor":44,"gold_loss":0}],"is_beta":false,"boss_relics":[{"not_picked":["Tiny House","Runic Cube"],"picked":"Sozu"},{"not_picked":["Busted Crown","Velvet Choker"],"picked":"Cursed Key"}],"items_purged_floors":[11,14,20,31],"is_endless":false,"potions_floor_spawned":[5,8,16,21,22,27,29,30,33,35,38,39,40,42,45,46,48,55],"ascension_level":20}}