{"host":"rih3m63woujmecfd","time":1608203681,"event":{"mods":["BaseMod","Lobotomy","LobotomyExtend","Minty Spire (QoL Compilation)","Remilia£®¿Ÿ√◊¿Ú—«£©","Replay The Spire","Shop Mod","StSLib"],"gold_per_floor":[117,130,141,159,179,179,197,197,221,255,268,268,288,304,304,407,407,419,419],"floor_reached":18,"playtime":1069,"items_purged":[],"score":168,"play_id":"7e9f1355-07a5-4e70-a727-f53641a3940d","local_time":"20201217191441","daily_mods":["Vintage","Heirloom","Time Dilation","Flight","DeadlyEvents","Elite Swarm","Lethality"],"is_ascension_mode":false,"campfire_choices":[],"circlet_count":0,"master_deck":["SpecialBullet","SpecialBullet","SpecialBullet","SpecialBullet","SpecialBullet","SpecialBullet","SpecialBullet","SpecialBullet","InformationCode","ControlCode","CentralCode","ShyLook","UniverseFragment","Woodsman","Scorched","DespairKnight","Bloodbath","Laetitia","WallGazer","LittlePrince","GreedKing","ExtractionCode","FieryBird","Mimicry"],"relics":["CogitoBucket","Incense Burner","Eternal Feather","LetterFromLob","Nunchaku","ReplayFunnel","Replay:Bottled Steam","Divine Protection","Replay:WaspNest","AdjustmentMirror","Omamori","PreservedInsect","Replay:Rubber Ducky","FossilizedHelix","Oddly Smooth Stone","Calling Bell","MawBank","Meat on the Bone","TungstenRod"],"acts_visited":["Exordium","TheCity"],"potions_floor_usage":[],"damage_taken":[{"damage":0,"enemies":"2 Louse","floor":1,"turns":1},{"damage":0,"enemies":"Cultist","floor":2,"turns":2},{"damage":2,"enemies":"Jaw Worm","floor":3,"turns":2},{"damage":0,"enemies":"3 Louse","floor":4,"turns":2},{"damage":23,"enemies":"Exordium Thugs","floor":5,"turns":2},{"damage":0,"enemies":"Red Slaver","floor":7,"turns":3},{"damage":7,"enemies":"3 Sentries","floor":10,"turns":5},{"damage":0,"enemies":"Exordium Wildlife","floor":11,"turns":1},{"damage":0,"enemies":"Gremlin Gang","floor":13,"turns":1},{"damage":0,"enemies":"Blue Slaver","floor":14,"turns":2},{"damage":24,"enemies":"Hexaghost","floor":16,"turns":9},{"damage":108,"enemies":"3 Byrds","floor":18,"turns":4}],"seed_played":"2408866548192041815","potions_obtained":[],"is_trial":true,"path_per_floor":["M","M","M","M","M","R","M","R","T","E","M","R","M","M","R","B",null,"M"],"character_chosen":"Angela","items_purchased":[],"campfire_rested":0,"item_purchase_floors":[],"current_hp_per_floor":[70,70,68,70,59,68,70,70,70,70,70,70,74,78,78,64,82,0,0],"gold":419,"neow_bonus":"","is_daily":false,"chose_seed":false,"campfire_upgraded":0,"win_rate":0.0,"timestamp":1608203681,"path_taken":["M","M","M","M","M","R","M","R","T","E","M","R","M","M","R","BOSS","M"],"items_purchased_type":[],"build_version":"2020-12-13","purchased_purges":0,"victory":false,"max_hp_per_floor":[70,70,70,70,70,70,70,70,70,70,70,70,74,78,78,82,82,82,82],"card_choices":[{"not_picked":["FairyFestival","DespairKnight"],"picked":"ShyLook","floor":1},{"not_picked":["Murderer","OSAHOGD"],"picked":"UniverseFragment","floor":2},{"not_picked":["MHz","SpiderBud"],"picked":"Woodsman","floor":3},{"not_picked":["MeltingLove","BigBadWolf"],"picked":"Scorched","floor":4},{"not_picked":["FairyFestival","SnowQueen"],"picked":"DespairKnight","floor":5},{"not_picked":["Freischutz","LongBird"],"picked":"Bloodbath","floor":7},{"not_picked":["BeautyBeast","Porccubus"],"picked":"Laetitia","floor":10},{"not_picked":["Pinks","TheSmile"],"picked":"SKIP","floor":10},{"not_picked":["SpiderBud","CrumblingArmor"],"picked":"WallGazer","floor":11},{"not_picked":["NakedNest","OSAHOGD"],"picked":"LittlePrince","floor":13},{"not_picked":["BigBird","LongBird"],"picked":"GreedKing","floor":14},{"not_picked":["OSAHOGD","FairyFestival"],"picked":"FieryBird","floor":16},{"not_picked":["TheSmile"],"picked":"Mimicry","floor":16}],"player_experience":120985,"relics_obtained":[{"floor":1,"key":"Eternal Feather"},{"floor":1,"key":"LetterFromLob"},{"floor":2,"key":"Nunchaku"},{"floor":3,"key":"ReplayFunnel"},{"floor":4,"key":"Replay:Bottled Steam"},{"floor":5,"key":"Divine Protection"},{"floor":7,"key":"Replay:WaspNest"},{"floor":9,"key":"Omamori"},{"floor":10,"key":"PreservedInsect"},{"floor":11,"key":"Replay:Rubber Ducky"},{"floor":13,"key":"FossilizedHelix"},{"floor":14,"key":"Oddly Smooth Stone"},{"floor":17,"key":"MawBank"},{"floor":17,"key":"Meat on the Bone"},{"floor":17,"key":"TungstenRod"}],"event_choices":[],"is_beta":false,"boss_relics":[{"not_picked":["Painkiller Herb","Snecko Eye"],"picked":"Calling Bell"}],"items_purged_floors":[],"is_endless":true,"potions_floor_spawned":[],"killed_by":"3 Byrds","ascension_level":0}}