{"host":"bxn2em57qlx5u4i0","time":1608180315,"event":{"mods":["BaseMod","Colored Map","Colored Powertips","Highlight Path","Minty Spire (QoL Compilation)","Random Character Button","Relic Sorter","Relic Stats","StSLib","SuperFastMode"],"gold_per_floor":[109,121,135,153,0,0,0,0],"floor_reached":7,"playtime":197,"items_purged":["Strike_G"],"score":86,"play_id":"3072f713-0c51-484d-a369-27426e296784","local_time":"20201216234515","is_ascension_mode":true,"campfire_choices":[{"data":"Crippling Poison","floor":6.0,"key":"SMITH"}],"circlet_count":0,"master_deck":["AscendersBane","Strike_G","Strike_G","Strike_G","Strike_G","Defend_G","Defend_G","Defend_G","Defend_G","Defend_G","Survivor","Neutralize+1","Bouncing Flask","Flying Knee","Dagger Spray","Deadly Poison","Crippling Poison+1"],"relics":["Ring of the Snake"],"acts_visited":["Exordium"],"potions_floor_usage":[7,7],"damage_taken":[{"damage":0.0,"enemies":"Cultist","floor":1.0,"turns":5.0},{"damage":1.0,"enemies":"Jaw Worm","floor":2.0,"turns":3.0},{"damage":11.0,"enemies":"Small Slimes","floor":3.0,"turns":4.0},{"damage":16.0,"enemies":"3 Louse","floor":4.0,"turns":4.0},{"damage":46,"enemies":"Gremlin Nob","floor":7,"turns":5}],"seed_played":"157860363127685035","potions_obtained":[{"floor":1.0,"key":"Dexterity Potion"},{"floor":2.0,"key":"SpeedPotion"}],"is_trial":false,"path_per_floor":["M","M","M","M","$","R","E"],"character_chosen":"THE_SILENT","items_purchased":["Crippling Poison"],"campfire_rested":0,"item_purchase_floors":[5],"current_hp_per_floor":[59,58,47,31,31,31,0,0],"gold":0,"neow_bonus":"UPGRADE_CARD","is_daily":false,"chose_seed":false,"campfire_upgraded":1,"win_rate":0.0,"timestamp":1608180315,"path_taken":["M","M","?","M","$","R","E"],"items_purchased_type":["Card"],"build_version":"2020-12-13","purchased_purges":1,"victory":false,"max_hp_per_floor":[66,66,66,66,66,66,66,66],"relic_stats":{"counters":[5,21],"obtain_stats":[{"Ring of the Snake":0},{"Ring of the Snake":0},{"Ring of the Snake":0}],"Ring of the Snake":[10]},"card_choices":[{"not_picked":["Distraction","Concentrate"],"picked":"Bouncing Flask","floor":1.0},{"not_picked":["Slice","Prepared"],"picked":"Flying Knee","floor":2.0},{"not_picked":["Grand Finale","Eviscerate"],"picked":"Dagger Spray","floor":3.0},{"not_picked":["Masterful Stab","Backflip"],"picked":"Deadly Poison","floor":4.0}],"player_experience":2802215,"relics_obtained":[],"event_choices":[],"is_beta":false,"boss_relics":[],"items_purged_floors":[5],"is_endless":false,"potions_floor_spawned":[1,2],"killed_by":"Gremlin Nob","ascension_level":20}}