{"host":"6q8ox9h5d7sk3bhp","time":1608242224,"event":{"mods":["Aspiration","BaseMod","Better Third Choice","BetterRewards","Conspire","Dota2Spire","Downfall","Fiend Mod","FruityMod","Glutton Mod","Hubris","Infinite Spire","Lobotomy","Minty Spire (QoL Compilation)","Potionbrewer","Rare Cards Sparkle","Relic Stats","Replay The Spire","Robot Space Explorer","Shop Mod","Somnambulant","Spicy Shops","Spikes Relics","StSLib","The Juggle","The Kombatant","The Sage","The Showman","TheVacant","vexMod"],"gold_per_floor":[119,135,135,145,145,145,145,159,185,217,217,217,228,228,228,324,324,339,10,26,37,55,55,65,65,65,65,82,6,6,31,31,132,132,150,150,72,84,98,98,98,98,98,23,49,75,101,101,101,101,101,101,76,108,108],"floor_reached":56,"playtime":5313,"items_purged":["Regret","Burn"],"score":1198,"play_id":"ce5b237d-bc72-458c-97aa-9c1f97a492e4","local_time":"20201217165704","is_ascension_mode":false,"campfire_choices":[{"floor":6,"key":"RECALL"},{"data":"RobotSpaceExplorer:DoubleFind","floor":15,"key":"SMITH"},{"data":"RobotSpaceExplorer:LaserBurst","floor":23,"key":"SMITH"},{"data":"RobotSpaceExplorer:DoubleFind","floor":32,"key":"SMITH"},{"floor":40,"key":"REST"},{"data":"RobotSpaceExplorer:Autoloader","floor":49,"key":"SMITH"},{"data":"RobotSpaceExplorer:Blaster","floor":52,"key":"SMITH"}],"circlet_count":0,"master_deck":["RobotSpaceExplorer:Strike","RobotSpaceExplorer:Strike","RobotSpaceExplorer:Strike","RobotSpaceExplorer:Strike","RobotSpaceExplorer:Defend","RobotSpaceExplorer:Defend","RobotSpaceExplorer:Defend","RobotSpaceExplorer:Defend","RobotSpaceExplorer:Scan","RobotSpaceExplorer:MiniLasers+1","RobotSpaceExplorer:ScrapToss+1","RobotSpaceExplorer:FreezeRay","RobotSpaceExplorer:Probe","RobotSpaceExplorer:Blaster+1","RobotSpaceExplorer:DoubleFind+1","RobotSpaceExplorer:StarLightning","RobotSpaceExplorer:Autoloader+1","RobotSpaceExplorer:StarLightning","RobotSpaceExplorer:BigMissile+1","RobotSpaceExplorer:LaserBurst+1","RobotSpaceExplorer:FranticSearch","RobotSpaceExplorer:SurgingStrike+1","Insight","RobotSpaceExplorer:DoubleFind+1","RobotSpaceExplorer:Blitz+1","RobotSpaceExplorer:DroneSwarm","RobotSpaceExplorer:SwiftStep+1","infinitespire:DeathsTouch+1","hexamod:RainOfEmbers+1","Deflect+1","infinitespire:Gouge","RobotSpaceExplorer:ExhaustFan","Shrug It Off+1","RobotSpaceExplorer:MiniDrones","Escape Plan"],"relics":["RobotSpaceExplorer:RoboCore","aspiration:BabyByrd","Dota2Spire:BladeMail","Dota2Spire:LinkenSphere","hubris:SlimyHat","Rawhide","RobotSpaceExplorer:SearchSpecs","aspiration:Nostalgia","Sizzling Blood","Dota2Spire:Vanguard","potionbrewer:BhaskarasWheel","hubris:KleinBottle","PrismaticShard","Vajra","aspiration:SecretTechniqueScroll","Blue Doll","vexMod:FocusSash","hubris:Potato","Regal Pillow","Replay:Bottled Eggs","Dota2Spire:BattleFury"],"acts_visited":["Exordium","TheCity","TheBeyond","TheEnding"],"potions_floor_usage":[18,24,31,45,47,47,50],"damage_taken":[{"damage":0,"enemies":"Cultist","floor":1,"turns":3},{"damage":0,"enemies":"2 Louse","floor":2,"turns":3},{"damage":0,"enemies":"conspire:RoseBush","floor":4,"turns":5},{"damage":0,"enemies":"2 Fungi Beasts","floor":8,"turns":3},{"damage":14,"enemies":"Gremlin Nob","floor":10,"turns":4},{"damage":9,"enemies":"Gremlin Gang","floor":13,"turns":3},{"damage":17,"enemies":"Hexaghost","floor":16,"turns":10},{"damage":3,"enemies":"3 Byrds","floor":18,"turns":5},{"damage":0,"enemies":"Shell Parasite","floor":20,"turns":3},{"damage":5,"enemies":"Snecko","floor":21,"turns":5},{"damage":2,"enemies":"Sentry and Sphere","floor":22,"turns":3},{"damage":12,"enemies":"Centurion and Healer","floor":24,"turns":9},{"damage":7,"enemies":"conspire:HollyBat","floor":28,"turns":7},{"damage":10,"enemies":"Gremlin Leader","floor":31,"turns":5},{"damage":1,"enemies":"conspire:MysteriousRune","floor":33,"turns":7},{"damage":0,"enemies":"Orb Walker","floor":35,"turns":4},{"damage":38,"enemies":"3 Shapes","floor":38,"turns":5},{"damage":0,"enemies":"3 Darklings","floor":39,"turns":3},{"damage":11,"enemies":"Nightmare","floor":45,"turns":7},{"damage":45,"enemies":"Reptomancer","floor":47,"turns":4},{"damage":28,"enemies":"infinitespire:MassOfShapes","floor":50,"turns":15},{"damage":32,"enemies":"Shield and Spear","floor":54,"turns":9},{"damage":38,"enemies":"The Heart","floor":55,"turns":9}],"seed_played":"6579662326143789293","potions_obtained":[{"floor":10,"key":"Explosive Potion"},{"floor":16,"key":"PowerPotion"},{"floor":20,"key":"Weak Potion"},{"floor":22,"key":"Languid Potion"},{"floor":28,"key":"potionbrewer:NoxiousPotion"},{"floor":31,"key":"champ:CounterPotion"},{"floor":38,"key":"CultistPotion"},{"floor":47,"key":"Dota2Spire:HealingSalve"}],"is_trial":false,"path_per_floor":["M","M","?","M","?","R","?","M","T","E","?","?","M","?","R","B",null,"M","$","M","M","M","R","M","?","T","?","M","$","?","E","R","B",null,"M","$","$","M","M","R","?","AVR","T","$","NM","T","E","?","R","B",null,"R","$","E","B",null],"character_chosen":"RobotSpaceExplorer","items_purchased":["aspiration:Nostalgia","RobotSpaceExplorer:DoubleFind","hubris:KleinBottle","PrismaticShard","vexMod:FocusSash","RobotSpaceExplorer:MiniDrones"],"campfire_rested":1,"item_purchase_floors":[19,29,36,37,44,53],"current_hp_per_floor":[75,75,75,75,75,75,75,75,75,61,61,61,52,52,52,35,75,72,76,79,78,79,79,71,71,71,71,68,68,79,73,73,76,79,79,60,60,26,30,53,53,53,53,53,46,46,5,69,69,63,69,69,69,41,7],"gold":108,"neow_bonus":"UPGRADE_CARD","is_daily":false,"chose_seed":false,"campfire_upgraded":5,"win_rate":0.0,"timestamp":1608242224,"path_taken":["M","?","?","M","?","R","?","?","T","E","?","?","M","?","R","BOSS","M","$","M","M","M","R","M","?","T","?","M","?","?","E","R","BOSS","M","?","$","?","M","R","?","AVR","T","?","NM","?","E","?","R","BOSS","R","$","E","BOSS"],"items_purchased_type":["Relic","Card","Relic","Relic","Relic","Card"],"build_version":"2020-12-13","purchased_purges":2,"victory":true,"max_hp_per_floor":[75,75,75,75,75,75,75,75,75,75,75,75,75,75,75,75,75,75,79,79,79,79,79,79,79,79,79,79,79,79,79,79,79,79,79,79,79,79,79,79,79,79,79,79,79,79,79,69,69,69,69,69,69,69,69],"relic_stats":{"Regal Pillow":0,"counters":[23,131],"obtain_stats":[{"hubris:KleinBottle":36,"Regal Pillow":46,"aspiration:Nostalgia":19,"Vajra":42,"RobotSpaceExplorer:RoboCore":0,"Rawhide":14,"Blue Doll":43,"Dota2Spire:Vanguard":31,"Dota2Spire:BattleFury":54,"hubris:SlimyHat":11,"Sizzling Blood":19,"potionbrewer:BhaskarasWheel":34,"aspiration:SecretTechniqueScroll":42,"vexMod:FocusSash":44,"PrismaticShard":37,"aspiration:BabyByrd":3,"Dota2Spire:BladeMail":9,"Dota2Spire:LinkenSphere":10,"RobotSpaceExplorer:SearchSpecs":17,"Replay:Bottled Eggs":47,"hubris:Potato":45},{"hubris:KleinBottle":16,"Regal Pillow":19,"aspiration:Nostalgia":8,"Vajra":18,"RobotSpaceExplorer:RoboCore":0,"Rawhide":6,"Blue Doll":18,"Dota2Spire:Vanguard":14,"Dota2Spire:BattleFury":22,"hubris:SlimyHat":5,"Sizzling Blood":8,"potionbrewer:BhaskarasWheel":15,"aspiration:SecretTechniqueScroll":18,"vexMod:FocusSash":18,"PrismaticShard":16,"aspiration:BabyByrd":2,"Dota2Spire:BladeMail":4,"Dota2Spire:LinkenSphere":5,"RobotSpaceExplorer:SearchSpecs":7,"Replay:Bottled Eggs":20,"hubris:Potato":19},{"hubris:KleinBottle":79,"Regal Pillow":94,"aspiration:Nostalgia":36,"Vajra":87,"RobotSpaceExplorer:RoboCore":0,"Rawhide":21,"Blue Doll":87,"Dota2Spire:Vanguard":68,"Dota2Spire:BattleFury":122,"hubris:SlimyHat":18,"Sizzling Blood":36,"potionbrewer:BhaskarasWheel":75,"aspiration:SecretTechniqueScroll":87,"vexMod:FocusSash":87,"PrismaticShard":79,"aspiration:BabyByrd":6,"Dota2Spire:BladeMail":14,"Dota2Spire:LinkenSphere":18,"RobotSpaceExplorer:SearchSpecs":31,"Replay:Bottled Eggs":98,"hubris:Potato":94}]},"card_choices":[{"not_picked":["RobotSpaceExplorer:Probe","RobotSpaceExplorer:Ammunition"],"picked":"RobotSpaceExplorer:ScrapToss","floor":1},{"not_picked":["RobotSpaceExplorer:SurgingShield","RobotSpaceExplorer:ExhaustFan"],"picked":"RobotSpaceExplorer:FreezeRay","floor":2},{"not_picked":["RobotSpaceExplorer:BigMissile","RobotSpaceExplorer:SwiftStep"],"picked":"RobotSpaceExplorer:Probe","floor":4},{"not_picked":["RobotSpaceExplorer:ExhaustFan","RobotSpaceExplorer:ShovelStrike"],"picked":"RobotSpaceExplorer:Blaster","floor":8},{"not_picked":["RobotSpaceExplorer:FranticSearch","RobotSpaceExplorer:SelfCleaning"],"picked":"RobotSpaceExplorer:DoubleFind","floor":10},{"not_picked":["RobotSpaceExplorer:Pulsar","RobotSpaceExplorer:SurgingShield"],"picked":"RobotSpaceExplorer:StarLightning","floor":13},{"not_picked":["RobotSpaceExplorer:HighVoltage","RobotSpaceExplorer:Asteroid"],"picked":"RobotSpaceExplorer:Autoloader","floor":16},{"not_picked":["RobotSpaceExplorer:Counterblock","RobotSpaceExplorer:GlueShot"],"picked":"RobotSpaceExplorer:StarLightning","floor":18},{"not_picked":["RobotSpaceExplorer:PlasmaMissile+1","RobotSpaceExplorer:SlimeMissile"],"picked":"RobotSpaceExplorer:BigMissile+1","floor":20},{"not_picked":["RobotSpaceExplorer:StarDust","RobotSpaceExplorer:Probe"],"picked":"RobotSpaceExplorer:LaserBurst","floor":21},{"not_picked":["RobotSpaceExplorer:SelfCleaning","RobotSpaceExplorer:ShockKick"],"picked":"RobotSpaceExplorer:FranticSearch","floor":22},{"not_picked":["RobotSpaceExplorer:FrostMissile","RobotSpaceExplorer:StunGrenade"],"picked":"RobotSpaceExplorer:SurgingStrike+1","floor":24},{"not_picked":["RobotSpaceExplorer:MetalStrike","RobotSpaceExplorer:BlastShield"],"picked":"RobotSpaceExplorer:FreezingShield+1","floor":28},{"not_picked":["RobotSpaceExplorer:ShovelStrike","RobotSpaceExplorer:FrostMissile"],"picked":"RobotSpaceExplorer:Blitz+1","floor":31},{"not_picked":["RobotSpaceExplorer:Arsenal","RobotSpaceExplorer:TrailblazerForm"],"picked":"RobotSpaceExplorer:DroneSwarm","floor":33},{"not_picked":["RobotSpaceExplorer:StunGrenade+1","RobotSpaceExplorer:Counterblock"],"picked":"RobotSpaceExplorer:SwiftStep+1","floor":35},{"not_picked":["ReplayTheSpireMod:??????????????????????","infinitespire:Starlight"],"picked":"infinitespire:DeathsTouch","floor":36},{"not_picked":["sneckomod:UnknownClassGLUTTON+1","GravityWell+1"],"picked":"hexamod:RainOfEmbers+1","floor":38},{"not_picked":["Abandon","theVacant:EyePoke"],"picked":"Deflect+1","floor":39},{"not_picked":["jugglermod: AirGrab+1","TheKombatant:attWaterfall+1"],"picked":"RobotSpaceExplorer:ExhaustFan","floor":45},{"not_picked":["TheKombatant:attWhiteLightning+1","sneckomod:UnknownCommonSkill"],"picked":"Shrug It Off+1","floor":47},{"not_picked":["Irradiate","SwordSharpenedByTears"],"picked":"Escape Plan","floor":54}],"player_experience":53626,"relics_obtained":[{"floor":9,"key":"Dota2Spire:BladeMail"},{"floor":10,"key":"Dota2Spire:LinkenSphere"},{"floor":14,"key":"Rawhide"},{"floor":31,"key":"Dota2Spire:Vanguard"},{"floor":43,"key":"Blue Doll"},{"floor":45,"key":"hubris:Potato"},{"floor":46,"key":"Regal Pillow"},{"floor":47,"key":"Replay:Bottled Eggs"},{"floor":54,"key":"Dota2Spire:BattleFury"}],"event_choices":[{"damage_healed":0,"gold_gain":0,"player_choice":"Upgraded","damage_taken":0,"max_hp_gain":0,"max_hp_loss":0,"event_name":"Upgrade Shrine","floor":7,"gold_loss":0,"cards_upgraded":["RobotSpaceExplorer:ScrapToss"]},{"damage_healed":0,"gold_gain":0,"player_choice":"Box","damage_taken":0,"relics_obtained":["hubris:SlimyHat"],"max_hp_gain":0,"max_hp_loss":0,"event_name":"Big Fish","floor":11,"gold_loss":0,"cards_obtained":["Regret"]},{"damage_healed":61,"gold_gain":0,"player_choice":"Embrace Burn","damage_taken":0,"max_hp_gain":0,"max_hp_loss":75,"event_name":"betterThird:BetterShining","floor":12,"gold_loss":0},{"damage_healed":0,"gold_gain":0,"player_choice":"Insight","damage_taken":0,"max_hp_gain":0,"max_hp_loss":0,"event_name":"betterThird:BetterWriting","floor":27,"gold_loss":0,"cards_obtained":["Insight"]},{"cards_removed":["RobotSpaceExplorer:FreezingShield"],"damage_healed":11,"gold_gain":0,"player_choice":"Offered Uncommon","damage_taken":0,"max_hp_gain":0,"max_hp_loss":0,"event_name":"Bonfire Elementals","floor":30,"gold_loss":0},{"damage_healed":0,"gold_gain":0,"player_choice":"Leave","damage_taken":0,"max_hp_gain":0,"max_hp_loss":0,"event_name":"conspire:Investor","floor":41,"gold_loss":0},{"damage_healed":69,"gold_gain":0,"player_choice":"Heal","damage_taken":0,"max_hp_gain":0,"max_hp_loss":10,"event_name":"The Moai Head","floor":48,"gold_loss":0}],"is_beta":false,"boss_relics":[{"not_picked":["Replay:Ancient Bell","aspiration:IroncladSkillbook"],"picked":"RobotSpaceExplorer:SearchSpecs"},{"not_picked":["vexMod:RockOfEvil","conspire:SlowCooker"],"picked":"potionbrewer:BhaskarasWheel"}],"items_purged_floors":[19,19],"is_endless":false,"potions_floor_spawned":[10,16,20,22,28,31,38,47],"ascension_level":0}}