{"host":"4c7oxphrh4ok8x7u","time":1608223371,"event":{"mods":["2.2 Compatiblity","Act Like it!","Aspiration","BaseMod","Better Skull","Better Vampires","BetterRewards","Challenge The Spire","Conjunction","Conspire","Custom Start","Dota2Spire","Friendly Minions","FruityMod","GifTheSpireLib","Halation","Hermit","HololiveMod","Hubris","Hyrulean Relics","Jedi Mod","Kratos Character Expansion","Minty Spire (QoL Compilation)","MostiFishMod","Permanent Neow","Prisma Mod","Quarter Circle Forward PUNCH!","RatMod","Replay The Spire","Robot Space Explorer","SCP261 Mod","Shade Mod","Slay the Relics Exporter","Small Relic Pack","Spicy Shops","Spikes Relics","Spires And Sneckos","StSLib","Stuff the Spire","The Animator","The Blue Laboratory","The Death Knight","The Edgeheg","The Exalted","The Fake Hero","The Trickster","TheWitcher","Wandering Minibosses"],"gold_per_floor":[110,130,130,130,130,130,140,155,206,218,244,254,254,269,269,365,365,382,382,382,394,394,394,421,439,439,457,457,471,471,221,221,316,316,326,344,344],"floor_reached":36,"playtime":3207,"items_purged":["Anger","MostiFishMod:Neptune+1"],"score":638,"play_id":"a6d9aebf-cf72-41f2-b5bc-b15b6298e027","local_time":"20201217194251","is_ascension_mode":false,"campfire_choices":[{"data":"Infernal Blade","floor":6,"key":"SMITH"},{"data":"MostiFishMod:NightSea","floor":13,"key":"SMITH"},{"data":"MostiFishMod:Neptune","floor":15,"key":"SMITH"},{"data":"hubris:SharpeningStone","floor":23,"key":"SMITH"},{"data":"Feed","floor":30,"key":"SMITH"},{"data":"GremboGang","floor":32,"key":"SMITH"}],"circlet_count":0,"master_deck":["Strike_R","Strike_R","Strike_R","Strike_R","Defend_R","Defend_R","Defend_R","Bash","MostiFishMod:TheEndOfMoonlight","MostiFishMod:SparklingWater","MostiFishMod:FantasySummer","MostiFishMod:NightSea+1","Infernal Blade+1","Iron Wave","Inflame","Anger","Feed+1","Metallicize","Rage","hubris:SharpeningStone+1","conspire:Charge","Twin Strike","Searing Blow","Whirlwind+1","conspire:Purge","GremboGang+1","MostiFishMod:FireWorks"],"relics":["DaveBox","MoonlightInvasionPlan","MetatronsCube","Question Card","hubris:SlimyHat","hubris:Towel","Blue Doll","HornCleat","ImportantClient","DiscerningMonocle","RobotSpaceExplorer:RoboCore","aspiration:Lifesprig","qcfpunch:Wrestler\u0027s_Cloak","Sling","Lizard Tail","OrangePellets","Dota2Spire:CrimsonGuard","RoseTintedShades","aspiration:Nostalgia","PureWater","Oddly Smooth Stone","Dota2Spire:DivineRapier","Dota2Spire:ShadowBlade","Turnip","Orrery","wanderingMiniBosses:CarrionFlame","aspiration:RitualDagger"],"acts_visited":["Exordium","TheCity","TheBeyond"],"potions_floor_usage":[16],"damage_taken":[{"damage":0,"enemies":"Jaw Worm","floor":1,"turns":1},{"damage":0,"enemies":"2 Louse","floor":2,"turns":1},{"damage":0,"enemies":"Small Slimes","floor":7,"turns":2},{"damage":0,"enemies":"2 Fungi Beasts","floor":8,"turns":2},{"damage":6,"enemies":"Large Slime","floor":10,"turns":2},{"damage":0,"enemies":"3 Sentries","floor":11,"turns":2},{"damage":0,"enemies":"Looter","floor":12,"turns":1},{"damage":0,"enemies":"Blue Slaver","floor":14,"turns":2},{"damage":0,"enemies":"Fading Forest","floor":16,"turns":11},{"damage":0,"enemies":"3 Byrds","floor":18,"turns":7},{"damage":0,"enemies":"Spheric Guardian","floor":21,"turns":4},{"damage":0,"enemies":"Gremlin Leader","floor":24,"turns":4},{"damage":0,"enemies":"3 Cultists","floor":25,"turns":4},{"damage":2,"enemies":"Cultist and Chosen","floor":27,"turns":5},{"damage":0,"enemies":"Snake Plant","floor":29,"turns":5},{"damage":0,"enemies":"conspire:MysteriousRune","floor":33,"turns":4},{"damage":3,"enemies":"3 Darklings","floor":35,"turns":1},{"damage":26,"enemies":"Orb Walker","floor":36,"turns":2}],"seed_played":"-6807061843971504564","potions_obtained":[{"floor":1,"key":"Reflective Coating"},{"floor":7,"key":"PowerPotion"},{"floor":10,"key":"DuplicationPotion"},{"floor":14,"key":"ColorlessPotion"},{"floor":18,"key":"SCP261:BlastolaColaPotion"}],"is_trial":false,"path_per_floor":["M","M","$","?","?","R","M","M","T","M","E","M","R","M","R","B",null,"M","?","?","M","$","R","E","M","T","M","$","M","R","?","R","B",null,"M","M"],"character_chosen":"IRONCLAD","items_purchased":["aspiration:Lifesprig","qcfpunch:Wrestler\u0027s_Cloak","Sling","Lizard Tail","OrangePellets","hubris:SharpeningStone","aspiration:Nostalgia","Oddly Smooth Stone","Dota2Spire:DivineRapier","Dota2Spire:ShadowBlade","Turnip","Orrery"],"campfire_rested":0,"item_purchase_floors":[22,22,22,22,22,22,28,28,28,28,28,28],"current_hp_per_floor":[80,80,80,68,68,68,68,68,68,62,62,62,62,62,62,62,80,83,83,83,86,86,86,86,89,89,90,90,93,93,93,93,93,95,92,66,66],"gold":344,"neow_bonus":"BOSS_RELIC","is_daily":false,"chose_seed":false,"campfire_upgraded":6,"win_rate":0.0,"timestamp":1608223371,"path_taken":["M","M","$","?","?","R","M","M","T","?","E","M","R","M","R","BOSS","M","?","?","M","$","R","E","M","T","M","$","M","R","?","R","BOSS","M","M"],"items_purchased_type":["Relic","Relic","Relic","Relic","Relic","Card","Relic","Relic","Relic","Relic","Relic","Relic"],"build_version":"2020-12-13","purchased_purges":2,"victory":false,"max_hp_per_floor":[80,80,80,80,80,80,80,80,80,80,80,80,80,80,80,80,80,83,83,83,86,86,86,86,89,89,92,92,95,95,95,95,95,95,95,95,95],"card_choices":[{"not_picked":["BarbarianYell","Armaments","Wild Strike"],"picked":"SKIP","floor":1},{"not_picked":["Clash","Clothesline","Hemokinesis"],"picked":"Infernal Blade","floor":2},{"not_picked":["Dropkick","Clothesline","StuffTheSpire:RockThrow"],"picked":"Iron Wave","floor":7},{"not_picked":["Replay:Undeath\u0027s Touch","Wild Strike","Iron Wave"],"picked":"Anger","floor":8},{"not_picked":["Shrug It Off","Blood for Blood","Armaments","Flex"],"picked":"SKIP","floor":10},{"not_picked":["Replay:Undeath\u0027s Touch","Twin Strike","Clothesline"],"picked":"Inflame","floor":11},{"not_picked":["True Grit","jedi:fear","Feel No Pain"],"picked":"Anger","floor":12},{"not_picked":["ReplayTheSpireMod:Strike From Hell","Havoc","hubris:CleavingFinish","Wild Strike"],"picked":"SKIP","floor":14},{"not_picked":["ReplayTheSpireMod:Strike From Hell","Havoc","hubris:CleavingFinish","Wild Strike"],"picked":"SKIP","floor":14},{"not_picked":["MostiFishMod:PerfectStrikeMKII","MostiFishMod:NeverNightCountry","Bludgeon"],"picked":"Feed","floor":16},{"not_picked":["Anger","Body Slam+1","Havoc"],"picked":"Metallicize","floor":18},{"not_picked":["Armaments","Second Wind+1","Havoc"],"picked":"Rage","floor":21},{"not_picked":["Warcry","Defy Death+1","Abandon"],"picked":"conspire:Charge","floor":24},{"not_picked":["Armaments","Body Slam","StuffTheSpire:Incineration"],"picked":"Twin Strike","floor":25},{"not_picked":["conspire:ExplosiveBarrier","Havoc","Warcry","Reckless Charge"],"picked":"SKIP","floor":27},{"not_picked":["Clash","Run Through","Clothesline"],"picked":"Searing Blow","floor":28},{"not_picked":["Replay:Undeath\u0027s Touch","Sword Boomerang","Anger"],"picked":"Whirlwind+1","floor":28},{"not_picked":["ReplayTheSpireMod:Strike From Hell","Dropkick","Replay:Undeath\u0027s Touch"],"picked":"conspire:Purge","floor":29},{"not_picked":["jedi:harder","Double Tap","MostiFishMod:RacingGame"],"picked":"MostiFishMod:FireWorks","floor":33},{"not_picked":["Wild Strike","Sword Boomerang","Thunderclap","jedi:fear"],"picked":"SKIP","floor":35}],"player_experience":626672,"relics_obtained":[{"floor":1,"key":"Question Card"},{"floor":9,"key":"Blue Doll"},{"floor":11,"key":"HornCleat"},{"floor":16,"key":"ImportantClient"},{"floor":24,"key":"Dota2Spire:CrimsonGuard"},{"floor":26,"key":"RoseTintedShades"},{"floor":29,"key":"wanderingMiniBosses:CarrionFlame"}],"event_choices":[{"damage_healed":0,"gold_gain":0,"player_choice":"Success","damage_taken":12,"relics_obtained":["hubris:SlimyHat"],"max_hp_gain":0,"max_hp_loss":0,"event_name":"Scrap Ooze","floor":4,"gold_loss":0}],"is_beta":false,"boss_relics":[{"not_picked":["Ectoplasm","SynthV:MejaisSoulstealer"],"picked":"DiscerningMonocle"},{"not_picked":["Replay:Bronze Core","hubris:Stopwatch"],"picked":"aspiration:RitualDagger"}],"items_purged_floors":[22,28],"is_endless":false,"potions_floor_spawned":[1,7,10,12,14,18,21,27,29],"killed_by":"Orb Walker","ascension_level":0}}