{"host":"edk8ruzv78x6jv19","time":1608186403,"event":{"mods":["BaseMod","Better Third Choice","Infinite Spire","Lobotomy","Minty Spire (QoL Compilation)","Replay The Spire","StSLib","The Animator","Treasure Hunter"],"gold_per_floor":[227,227,152,227,93,93,93,93,118,118,118,138,172,41,41,143,143,156,71,31,31,49,81,81,81,150,150,4,4,4,34,34,139,139,149,149,149,163,163,192,192,46,96,96,96,136,136,9,9,9],"floor_reached":51,"playtime":1384,"items_purged":["Bane","Anger","Replay:Hysterical Blindness","Hemokinesis","Clash+1"],"score":1002,"play_id":"c129b17d-8c88-47f9-912b-beac8541c22e","local_time":"20201217002643","daily_mods":["SealedDeck","Allstar","Red Cards","Colorless Cards","Heirloom","Time Dilation","Flight","Elite Swarm","Lethality","Night Terrors"],"is_ascension_mode":false,"campfire_choices":[{"data":"Flex","floor":6.0,"key":"SMITH"},{"data":"Heavy Blade","floor":7.0,"key":"SMITH"},{"data":"Clash","floor":8.0,"key":"SMITH"},{"data":"1","floor":15.0,"key":"LIFT"},{"data":"Madness","floor":25,"key":"SMITH"},{"data":"2","floor":27,"key":"LIFT"},{"data":"3","floor":30,"key":"LIFT"},{"data":"infinitespire:NeuralNetwork","floor":41,"key":"SMITH"},{"data":"TH:CopperCoins","floor":45,"key":"SMITH"},{"data":"TH:DeckOfManyThings","floor":47,"key":"PURGE"}],"circlet_count":0,"master_deck":["All Out Attack","Flying Knee+1","Twin Strike","Heavy Blade+1","Pommel Strike+1","Pommel Strike","Flex+1","Twin Strike+1","infinitespire:FutureSight+1","TH:CursedSword","Flying Knee","TH:CursedSword","ReplayTheSpireMod:Brewmster","Mayhem","Madness+1","TH:CursedSword","Master of Strategy","TH:CopperCoins+1","infinitespire:NeuralNetwork+1","Flash of Steel+1","Deep Breath+1","Dramatic Entrance+1","Swift Strike+1","infinitespire:FutureSight"],"relics":["Ring of the Snake","Ring of Chaos","Byrd Skull","Ring of Peace","ReplayTheSpireMod:Ring of Collecting","infinitespire:Lucky Rock","Ring of Fangs","Ring of Fury","Girya","Snake Skull","ReplayTheSpireMod:CursedCoin","Vajra","Black Star","Bag of Marbles","Molten Egg 2","Pear","MutagenicStrength","infinitespire:Bottled Soul","Ring of Misfortune","Blood Vial","Matryoshka","Busted Crown","Whetstone","infinitespire:Cupcake","PreservedInsect","Orichalcum","War Paint","Ring of Greed","Smiling Mask","Membership Card","Bag of Preparation","Replay:Rubber Ducky","WristBlade","infinitespire:Satchel","Peace Pipe","StoneCalendar","Mercury Hourglass"],"acts_visited":["Exordium","TheCity","TheBeyond"],"potions_floor_usage":[23,31,31,33,33,33,33,33,50,50,50],"damage_taken":[{"damage":0.0,"enemies":"Small Slimes","floor":1.0,"turns":1.0},{"damage":0.0,"enemies":"2 Louse","floor":12.0,"turns":1.0},{"damage":0.0,"enemies":"Replay:BlueRogue","floor":13.0,"turns":2.0},{"damage":0.0,"enemies":"Fading Forest","floor":16.0,"turns":10.0},{"damage":0.0,"enemies":"2 Thieves","floor":18.0,"turns":1.0},{"damage":0,"enemies":"Chosen","floor":22,"turns":1},{"damage":66,"enemies":"Gremlin Leader","floor":23,"turns":4},{"damage":6,"enemies":"Book of Stabbing","floor":31,"turns":2},{"damage":0,"enemies":"Automaton","floor":33,"turns":5},{"damage":0,"enemies":"Orb Walker","floor":35,"turns":1},{"damage":3,"enemies":"3 Shapes","floor":38,"turns":1},{"damage":0,"enemies":"R_Hoarder","floor":40,"turns":2},{"damage":0,"enemies":"Nemesis","floor":46,"turns":1},{"damage":23,"enemies":"infinitespire:MassOfShapes","floor":50,"turns":2}],"seed_played":"-6342654018458242414","potions_obtained":[{"floor":12.0,"key":"PowerPotion"},{"floor":13.0,"key":"EssenceOfSteel"},{"floor":16.0,"key":"Adrenaline Potion"},{"floor":20.0,"key":"Venom Potion"},{"floor":20.0,"key":"GhostInAJar"},{"floor":20.0,"key":"Cursed Concoction"},{"floor":32,"key":"Milkshake"},{"floor":32,"key":"Flashbang"},{"floor":38,"key":"Dexterity Potion"},{"floor":40,"key":"Explosive Potion"},{"floor":49,"key":"LifebloodPotion"},{"floor":49,"key":"EssenceOfSteel"}],"is_trial":true,"path_per_floor":["M","?","$","?","$","R","R","R","T","?","T","M","E","$","R","B",null,"M","?","?","$","M","E","?","R","T","R","$","AVR","R","E","R","B",null,"M","?","?","M","?","E","R","$","T","AVR","R","E","R","$","R","B",null],"character_chosen":"THE_SILENT","items_purchased":["Twin Strike+1","ReplayTheSpireMod:CursedCoin","Vajra","Blood Vial","War Paint","Mercury Hourglass"],"campfire_rested":0,"item_purchase_floors":[5,14,14,28,42,48],"current_hp_per_floor":[70,70,70,59,59,59,59,59,59,42,42,42,42,42,42,54,70,70,70,70,70,70,14,14,14,14,14,14,14,14,10,10,12,80,80,70,70,69,69,71,71,71,71,71,71,73,73,73,73,52],"gold":9,"neow_bonus":"","is_daily":false,"chose_seed":false,"campfire_upgraded":6,"win_rate":0.0,"timestamp":1608186403,"path_taken":["M","?","$","?","?","R","R","R","T","?","?","?","E","$","R","BOSS","M","?","?","$","?","E","?","R","T","R","?","AVR","R","E","R","BOSS","M","?","?","?","?","E","R","$","T","AVR","R","E","R","?","R","BOSS"],"items_purchased_type":["Card","Relic","Relic","Relic","Relic","Relic"],"build_version":"2020-12-13","purchased_purges":5,"victory":true,"max_hp_per_floor":[70,70,70,70,70,70,70,70,70,70,70,70,70,70,70,70,70,70,70,70,70,70,80,80,80,80,80,80,80,80,80,80,80,80,80,80,80,80,80,80,80,80,80,80,80,80,80,80,80,80],"card_choices":[{"not_picked":["animator:Cirno","Outmaneuver"],"picked":"Flex","floor":1.0},{"not_picked":["TH:PixieDust","TH:ElvenBoots"],"picked":"SKIP","floor":9.0},{"not_picked":["infinitespire:UltimateForm","ReplayTheSpireMod:Haul"],"picked":"infinitespire:FutureSight","floor":10.0},{"not_picked":["TH:EnergyPotion"],"picked":"TH:CursedSword","floor":11.0},{"not_picked":["ReplayTheSpireMod:The Works","Sword Boomerang"],"picked":"Flying Knee","floor":12.0},{"not_picked":["TH:ArmorSpikes"],"picked":"TH:CursedSword","floor":13.0},{"not_picked":["Thinking Ahead","After Image"],"picked":"ReplayTheSpireMod:Brewmster","floor":13.0},{"not_picked":["Sadistic Nature","Brutality"],"picked":"Mayhem","floor":16.0},{"not_picked":["Run Through","Outmaneuver","Dash"],"picked":"SKIP","floor":18.0},{"not_picked":["Bane+1","Replay:Bag of Tricks"],"picked":"Madness","floor":22},{"not_picked":["TH:PixieDust"],"picked":"TH:CursedSword","floor":23},{"not_picked":["Double Tap","ReplayUltimateDefense"],"picked":"Master of Strategy","floor":23},{"not_picked":["TH:ElvenBoots"],"picked":"TH:CopperCoins","floor":26},{"not_picked":["TH:TreasureMap"],"picked":"SKIP","floor":31},{"not_picked":["Exhume"],"picked":"SKIP","floor":31},{"not_picked":["Backflip+1"],"picked":"SKIP","floor":35},{"not_picked":[],"picked":"Flash of Steel+1","floor":36},{"not_picked":[],"picked":"Deep Breath","floor":36},{"not_picked":[],"picked":"Dramatic Entrance+1","floor":36},{"not_picked":["ReplayTheSpireMod:Strike From Hell+1"],"picked":"SKIP","floor":38},{"not_picked":["TH:ElvenBoots"],"picked":"SKIP","floor":40},{"not_picked":["Unload+1"],"picked":"SKIP","floor":40},{"not_picked":["TH:BikiniMail"],"picked":"SKIP","floor":43},{"not_picked":[],"picked":"TH:DeckOfManyThings","floor":46},{"not_picked":["Bullet Time"],"picked":"SKIP","floor":46}],"player_experience":22613,"relics_obtained":[{"floor":2.0,"key":"Ring of Peace"},{"floor":2.0,"key":"ReplayTheSpireMod:Ring of Collecting"},{"floor":9.0,"key":"infinitespire:Lucky Rock"},{"floor":9.0,"key":"Ring of Fangs"},{"floor":11.0,"key":"Ring of Fury"},{"floor":11.0,"key":"Girya"},{"floor":13.0,"key":"Snake Skull"},{"floor":23,"key":"Molten Egg 2"},{"floor":23,"key":"Pear"},{"floor":26,"key":"infinitespire:Bottled Soul"},{"floor":26,"key":"Ring of Misfortune"},{"floor":31,"key":"Whetstone"},{"floor":40,"key":"PreservedInsect"},{"floor":40,"key":"Orichalcum"},{"floor":43,"key":"Ring of Greed"},{"floor":43,"key":"Smiling Mask"},{"floor":43,"key":"Membership Card"},{"floor":43,"key":"Bag of Preparation"},{"floor":43,"key":"Replay:Rubber Ducky"},{"floor":46,"key":"Peace Pipe"},{"floor":46,"key":"StoneCalendar"}],"event_choices":[{"damage_healed":0.0,"max_hp_gain":0.0,"max_hp_loss":0.0,"gold_gain":75.0,"event_name":"betterThird:BetterGoop","player_choice":"Gold","floor":4.0,"gold_loss":0.0,"damage_taken":11.0},{"damage_healed":0.0,"max_hp_gain":0.0,"max_hp_loss":0.0,"gold_gain":0.0,"event_name":"Addict","player_choice":"Obtained Relic","floor":19.0,"gold_loss":85.0,"damage_taken":0.0,"relics_obtained":["Bag of Marbles"]},{"damage_healed":0.0,"max_hp_gain":0.0,"max_hp_loss":0.0,"gold_gain":0.0,"event_name":"The Woman in Blue","player_choice":"Bought 3 Potions","floor":20.0,"gold_loss":0.0,"damage_taken":0.0},{"damage_healed":0,"gold_gain":0,"player_choice":"Inject Mutagens","damage_taken":0,"relics_obtained":["MutagenicStrength"],"max_hp_gain":0,"max_hp_loss":0,"event_name":"Drug Dealer","floor":24,"gold_loss":0},{"damage_healed":0,"gold_gain":0,"player_choice":"Memory 3","damage_taken":10,"max_hp_gain":0,"max_hp_loss":0,"event_name":"SensoryStone","floor":36,"gold_loss":0},{"damage_healed":0,"gold_gain":0,"player_choice":"Random: Orange","damage_taken":0,"max_hp_gain":0,"max_hp_loss":0,"event_name":"betterThird:BetterPortal","floor":37,"gold_loss":0},{"damage_healed":0,"gold_gain":0,"player_choice":"0 cards matched","damage_taken":0,"max_hp_gain":0,"max_hp_loss":0,"event_name":"Match and Keep!","floor":37,"gold_loss":0,"cards_obtained":[]},{"damage_healed":0,"gold_gain":0,"player_choice":"1 cards matched","damage_taken":0,"max_hp_gain":0,"max_hp_loss":0,"event_name":"Match and Keep!","floor":39,"gold_loss":0,"cards_obtained":["Swift Strike"]}],"is_beta":false,"boss_relics":[{"not_picked":["Snecko Eye","Fusion Hammer"],"picked":"Black Star"},{"not_picked":["Honey Jar","Runic Pyramid"],"picked":"infinitespire:Cupcake"}],"items_purged_floors":[3,5,14,29,44],"is_endless":false,"potions_floor_spawned":[12,13,16,22,38,40],"ascension_level":0}}