{"host":"kh6fvhxn285ncg0o","time":1608165716,"event":{"mods":["Act Like it!","BaseMod","Colored Map","Friendly Minions","Keyboard Shortcuts","Minty Spire (QoL Compilation)","Quick Restart","Relic Stats","StSLib","SuperFastMode"],"gold_per_floor":[113,124,135,151,166,201,201,226,226,226,226,249,249,269,269,363,363,363],"floor_reached":17,"playtime":713,"items_purged":[],"score":334,"play_id":"f5271916-d248-4623-b5bf-603ab0640a18","local_time":"20201217094156","is_ascension_mode":true,"campfire_choices":[{"floor":7,"key":"REST"},{"floor":11,"key":"REST"},{"data":"Disarm","floor":15,"key":"SMITH"}],"circlet_count":0,"master_deck":["AscendersBane","Strike_R","Strike_R","Defend_R","Defend_R","Defend_R","Defend_R","Bash","Disarm+1","Shrug It Off","Shockwave","Shrug It Off","Burning Pact","Uppercut","Ghostly Armor","Feel No Pain","Feed","Sword Boomerang+1","Rage+1","Sword Boomerang+1"],"relics":["Velvet Choker","Smiling Mask","Regal Pillow","Incense Burner","Odd Mushroom","Golden Idol","Astrolabe"],"acts_visited":["Exordium","TheCity"],"potions_floor_usage":[4,6],"damage_taken":[{"damage":1,"enemies":"Cultist","floor":1,"turns":4},{"damage":8,"enemies":"2 Louse","floor":2,"turns":3},{"damage":2,"enemies":"Jaw Worm","floor":3,"turns":4},{"damage":17,"enemies":"Large Slime","floor":4,"turns":10},{"damage":0,"enemies":"Blue Slaver","floor":5,"turns":4},{"damage":18,"enemies":"Lagavulin","floor":6,"turns":6},{"damage":51,"enemies":"Gremlin Nob","floor":8,"turns":6},{"damage":17,"enemies":"The Mushroom Lair","floor":12,"turns":9},{"damage":9,"enemies":"3 Louse","floor":14,"turns":7},{"damage":1,"enemies":"The Guardian","floor":16,"turns":18}],"seed_played":"8976462989628601040","potions_obtained":[{"floor":1,"key":"CultistPotion"},{"floor":3,"key":"Regen Potion"},{"floor":8,"key":"SteroidPotion"},{"floor":16,"key":"Block Potion"}],"is_trial":false,"path_per_floor":["M","M","M","M","M","E","R","E","T","?","R","?","?","M","R","B",null],"character_chosen":"IRONCLAD","items_purchased":[],"campfire_rested":2,"item_purchase_floors":[],"current_hp_per_floor":[67,59,57,55,55,37,59,8,8,8,45,28,28,19,19,18,56,56],"gold":363,"neow_bonus":"BOSS_RELIC","is_daily":false,"chose_seed":false,"campfire_upgraded":1,"win_rate":0.0,"timestamp":1608165716,"path_taken":["M","?","M","M","M","E","R","E","T","?","R","?","?","M","R","BOSS"],"items_purchased_type":[],"build_version":"2020-12-13","purchased_purges":0,"victory":false,"max_hp_per_floor":[75,75,75,75,75,75,75,75,75,75,75,75,68,68,68,68,68,68],"relic_stats":{"Regal Pillow":15,"counters":[10,71],"Golden Idol":23,"Astrolabe":["Sword Boomerang","Rage","Sword Boomerang"],"Smiling Mask":0,"obtain_stats":[{"Regal Pillow":8,"Golden Idol":13,"Astrolabe":17,"Velvet Choker":0,"Incense Burner":9,"Odd Mushroom":12,"Smiling Mask":6,"Burning Blood":0},{"Regal Pillow":7,"Golden Idol":8,"Astrolabe":10,"Velvet Choker":0,"Incense Burner":7,"Odd Mushroom":8,"Smiling Mask":6,"Burning Blood":0},{"Regal Pillow":37,"Golden Idol":46,"Astrolabe":71,"Velvet Choker":0,"Incense Burner":37,"Odd Mushroom":46,"Smiling Mask":31,"Burning Blood":0}]},"card_choices":[{"not_picked":["Searing Blow","Havoc"],"picked":"Disarm","floor":1},{"not_picked":["Headbutt","Twin Strike"],"picked":"Shrug It Off","floor":2},{"not_picked":["Anger","Clothesline"],"picked":"Shockwave","floor":3},{"not_picked":["Entrench","Cleave"],"picked":"Shrug It Off","floor":4},{"not_picked":["Anger","Clothesline"],"picked":"Burning Pact","floor":5},{"not_picked":["Clash","Headbutt","Twin Strike"],"picked":"SKIP","floor":6},{"not_picked":["Iron Wave","Rage"],"picked":"Uppercut","floor":8},{"not_picked":["Whirlwind","Pommel Strike"],"picked":"Ghostly Armor","floor":12},{"not_picked":["Headbutt","Twin Strike"],"picked":"Feel No Pain","floor":14},{"not_picked":["Demon Form","Juggernaut"],"picked":"Feed","floor":16}],"player_experience":3200770,"relics_obtained":[{"floor":6,"key":"Smiling Mask"},{"floor":8,"key":"Regal Pillow"},{"floor":9,"key":"Incense Burner"},{"floor":12,"key":"Odd Mushroom"}],"event_choices":[{"damage_healed":0,"gold_gain":0,"player_choice":"Ignored","damage_taken":0,"max_hp_gain":0,"max_hp_loss":0,"event_name":"Liars Game","floor":10,"gold_loss":0},{"damage_healed":0,"gold_gain":0,"player_choice":"Fought Mushrooms","damage_taken":0,"max_hp_gain":0,"max_hp_loss":0,"event_name":"Mushrooms","floor":12,"gold_loss":0},{"damage_healed":0,"gold_gain":0,"player_choice":"Lose Max HP","damage_taken":0,"relics_obtained":["Golden Idol"],"max_hp_gain":0,"max_hp_loss":7,"event_name":"Golden Idol","floor":13,"gold_loss":0}],"is_beta":false,"boss_relics":[{"not_picked":["Tiny House","Runic Dome"],"picked":"Astrolabe"}],"items_purged_floors":[],"is_endless":false,"potions_floor_spawned":[1,3,8,16],"ascension_level":20}}