{"host":"m6h67kf6cz80m3yv","time":1608171339,"event":{"mods":["BaseMod","Better Third Choice","BetterRewards","Colored Powertips","Downfall","Duelist Mod","Hermit","Marisa????????","Minty Spire (QoL Compilation)","Quick Restart","Shade Mod","Shop Mod","StSLib","SuperFastMode","The Servant 0.9.4"],"gold_per_floor":[99,117,134,309,373,403,439,451,488,500,10,23,37,37,55,55,55],"floor_reached":16,"playtime":890,"items_purged":[],"score":116,"play_id":"7f42850c-4fc1-4486-9e8a-017d053bb0d2","local_time":"20201217001539","is_ascension_mode":true,"campfire_choices":[{"data":"expansioncontent:DashGenerateEvil","floor":1,"key":"SMITH"},{"floor":8,"key":"REST"},{"floor":10,"key":"REST"}],"circlet_count":0,"master_deck":["Slimebound:Strike_Slimebound","Slimebound:Strike_Slimebound","Slimebound:Strike_Slimebound","Slimebound:Tackle","Slimebound:Defend_Slimebound","Slimebound:Defend_Slimebound","Slimebound:Defend_Slimebound","Slimebound:Defend_Slimebound","Slimebound:Split","Slimebound:CorrosiveSpit","expansioncontent:DashGenerateEvil+1","Slimebound:FirmFortitude","Slimebound:Grow","Doubt","Slimebound:ViciousTackle","Slimebound:Gluttony","Slimebound:SplitAcid","Slimebound:SplitMire","Slimebound:SplitLeeching","Slimebound:SamplingLick","Slimebound:PressTheAttack"],"relics":["Slimebound:AbsorbEndCombat","Mercury Hourglass","MawBank","Ancient Tea Set","Orichalcum","Lee\u0027s Waffle","Turnip","Pear"],"acts_visited":["Exordium"],"potions_floor_usage":[],"damage_taken":[{"damage":4,"enemies":"Cultist","floor":2,"turns":3},{"damage":7,"enemies":"Small Slimes","floor":3,"turns":2},{"damage":42,"enemies":"Gremlin Nob","floor":5,"turns":5},{"damage":13,"enemies":"3 Sentries","floor":6,"turns":6},{"damage":20,"enemies":"Gremlin Nob","floor":9,"turns":4},{"damage":7,"enemies":"downfall:FleeingMerchant","floor":11,"turns":4},{"damage":14,"enemies":"Jaw Worm","floor":12,"turns":3},{"damage":21,"enemies":"Exordium Wildlife","floor":13,"turns":3},{"damage":17,"enemies":"Blue Slaver","floor":15,"turns":3},{"damage":71,"enemies":"downfall:Defect","floor":16,"turns":5}],"seed_played":"-2923261017865138604","potions_obtained":[{"floor":2,"key":"ColorlessPotion"},{"floor":5,"key":"DistilledChaos"},{"floor":6,"key":"sneckomod:MuddlingPotion"},{"floor":9,"key":"BlessingOfTheForge"}],"is_trial":false,"path_per_floor":["R","M","M","?","?","E","T","R","E","R","$","M","M","T","M","B"],"character_chosen":"SLIMEBOUND","items_purchased":["Lee\u0027s Waffle","Turnip","Slimebound:SplitLeeching"],"campfire_rested":2,"item_purchase_floors":[11,11,11],"current_hp_per_floor":[54,54,51,51,23,14,14,30,12,28,61,57,52,62,57,0,0],"gold":55,"neow_bonus":"RANDOM_COLORLESS_2","is_daily":false,"chose_seed":false,"campfire_upgraded":1,"win_rate":0.0,"timestamp":1608171339,"path_taken":["R","M","?","?","?","E","T","R","E","R","?","M","M","?","M","BOSS"],"items_purchased_type":["Relic","Relic","Card"],"build_version":"2020-12-13","purchased_purges":0,"victory":false,"max_hp_per_floor":[54,54,54,54,54,54,54,54,54,54,61,61,61,71,71,71,71],"card_choices":[{"not_picked":["Secret Weapon","Master of Strategy"],"picked":"expansioncontent:DashGenerateEvil","floor":0},{"not_picked":["Slimebound:GrowthPunch","Slimebound:SlimeSpikes"],"picked":"Slimebound:FirmFortitude","floor":2},{"not_picked":["Slimebound:GrowthPunch","Slimebound:FlameTackle"],"picked":"Slimebound:Grow","floor":3},{"not_picked":["Slimebound:LeechingTouch","Slimebound:Schlurp"],"picked":"Slimebound:ViciousTackle","floor":5},{"not_picked":["Slimebound:GrowthPunch","Slimebound:BestDefense"],"picked":"Slimebound:Gluttony","floor":6},{"not_picked":["Slimebound:SplitBruiser","Slimebound:FlameTackle"],"picked":"Slimebound:SplitAcid","floor":9},{"not_picked":["Slimebound:SelfFormingGoo","Slimebound:FinishingTackle"],"picked":"Slimebound:SplitMire","floor":11},{"not_picked":["Slimebound:SlimeSpikes","Slimebound:TongueLash","Slimebound:LeechingTouch"],"picked":"SKIP","floor":12},{"not_picked":["Slimebound:Schlurp","Slimebound:GrowthPunch"],"picked":"Slimebound:SamplingLick","floor":13},{"not_picked":["Slimebound:Schlurp","Slimebound:SplitAcid"],"picked":"Slimebound:PressTheAttack","floor":15}],"player_experience":277832,"relics_obtained":[{"floor":5,"key":"Mercury Hourglass"},{"floor":6,"key":"MawBank"},{"floor":7,"key":"Ancient Tea Set"},{"floor":9,"key":"Orichalcum"},{"floor":14,"key":"Pear"}],"event_choices":[],"is_beta":false,"boss_relics":[],"items_purged_floors":[],"is_endless":false,"potions_floor_spawned":[2,5,6,9,15],"killed_by":"downfall:Defect","ascension_level":1}}