{"host":"85dtmvttrcbdj5h5","time":1608182962,"event":{"mods":["AchievementEnabler","BaseMod","Bestiary","Colored Map","Colored Powertips","Filter the Spire","Minty Spire (QoL Compilation)","RNG Fix","Relic Stats"],"gold_per_floor":[118,137,137,156,174,174,193,2,2,2,18,47,47,47,47,170,170,185,185,201,201,219,263,286,317,340,359,359,284,297,310,310,429,429,444,463,463,477,501,539,539,553,553,553,553,553,553],"floor_reached":46,"playtime":8721,"items_purged":[],"score":494,"play_id":"6bd96576-b70b-4ab0-b26e-657020792314","local_time":"20201217002922","is_ascension_mode":false,"campfire_choices":[{"data":"Dash","floor":6,"key":"SMITH"},{"data":"Crippling Poison","floor":10,"key":"SMITH"},{"data":"Survivor","floor":13,"key":"SMITH"},{"data":"Sucker Punch","floor":15,"key":"SMITH"},{"data":"Adrenaline","floor":32,"key":"SMITH"},{"data":"PiercingWail","floor":41,"key":"SMITH"},{"floor":45,"key":"REST"}],"circlet_count":0,"master_deck":["Strike_G+1","Strike_G+1","Defend_G+1","Defend_G+1","Defend_G+1","Survivor+1","Neutralize+1","Sucker Punch+1","Blade Dance","Dash+1","Skewer","Dagger Spray","Crippling Poison+1","Infinite Blades","Adrenaline+1","Poisoned Stab","Catalyst+1","Dash","Masterful Stab","Escape Plan+1","PiercingWail+1","Slice+1","Outmaneuver+1","Corpse Explosion","PiercingWail","Finisher+1","Cloak And Dagger+1","Shame","Poisoned Stab+1","Backflip+1","Decay"],"relics":["Ring of the Snake","MealTicket","Medical Kit","Bottled Flame","Anchor","Golden Idol","Empty Cage","Tiny Chest","Nunchaku","Ancient Tea Set","Cursed Key","Toy Ornithopter","Molten Egg 2"],"acts_visited":["Exordium","TheCity","TheBeyond"],"potions_floor_usage":[11,16,16,25,25,33,33,33,40],"damage_taken":[{"damage":0,"enemies":"Jaw Worm","floor":1,"turns":4},{"damage":0,"enemies":"2 Louse","floor":2,"turns":3},{"damage":0,"enemies":"Small Slimes","floor":4,"turns":4},{"damage":0,"enemies":"2 Fungi Beasts","floor":5,"turns":3},{"damage":0,"enemies":"3 Louse","floor":7,"turns":2},{"damage":2,"enemies":"Exordium Wildlife","floor":11,"turns":3},{"damage":4,"enemies":"Gremlin Nob","floor":12,"turns":4},{"damage":31,"enemies":"The Guardian","floor":16,"turns":14},{"damage":0,"enemies":"2 Thieves","floor":18,"turns":5},{"damage":9,"enemies":"Spheric Guardian","floor":20,"turns":7},{"damage":10,"enemies":"Snecko","floor":22,"turns":5},{"damage":12,"enemies":"Gremlin Leader","floor":23,"turns":5},{"damage":0,"enemies":"Snake Plant","floor":24,"turns":4},{"damage":15,"enemies":"Slavers","floor":25,"turns":7},{"damage":0,"enemies":"Chosen and Byrds","floor":27,"turns":4},{"damage":5,"enemies":"3 Cultists","floor":30,"turns":5},{"damage":2,"enemies":"Centurion and Healer","floor":31,"turns":4},{"damage":37,"enemies":"Automaton","floor":33,"turns":8},{"damage":0,"enemies":"3 Darklings","floor":35,"turns":2},{"damage":4,"enemies":"Orb Walker","floor":36,"turns":4},{"damage":0,"enemies":"3 Darklings","floor":38,"turns":3},{"damage":39,"enemies":"Giant Head","floor":40,"turns":8},{"damage":6,"enemies":"Jaw Worm Horde","floor":42,"turns":2},{"damage":49,"enemies":"Nemesis","floor":46,"turns":5}],"seed_played":"-4012065311999973695","potions_obtained":[{"floor":4,"key":"DuplicationPotion"},{"floor":5,"key":"SkillPotion"},{"floor":7,"key":"Swift Potion"},{"floor":23,"key":"GamblersBrew"},{"floor":24,"key":"PowerPotion"},{"floor":25,"key":"ColorlessPotion"},{"floor":27,"key":"Swift Potion"},{"floor":31,"key":"SteroidPotion"},{"floor":36,"key":"AttackPotion"}],"is_trial":false,"path_per_floor":["M","M","?","M","M","R","M","$","T","R","M","E","R","?","R","B",null,"M","?","M","?","M","E","M","E","T","M","?","?","M","M","R","B",null,"M","M","?","M","T","E","R","M","T","?","R","E"],"character_chosen":"THE_SILENT","items_purchased":["Medical Kit","Crippling Poison"],"campfire_rested":1,"item_purchase_floors":[8,8],"current_hp_per_floor":[70,70,52,52,52,52,52,67,67,67,65,61,61,44,44,13,70,70,70,61,61,51,39,39,24,24,24,70,70,65,63,63,26,70,70,66,66,66,66,32,32,26,26,26,47,0,0],"gold":553,"neow_bonus":"UPGRADE_CARD","is_daily":false,"chose_seed":false,"campfire_upgraded":6,"win_rate":0.0,"timestamp":1608182962,"path_taken":["M","M","?","M","M","R","M","$","T","R","M","E","R","?","R","BOSS","M","?","M","?","?","E","M","E","T","M","?","?","M","M","R","BOSS","M","M","?","M","?","E","R","M","T","?","R","E"],"items_purchased_type":["Relic","Card"],"build_version":"2020-12-13","purchased_purges":0,"victory":false,"max_hp_per_floor":[70,70,70,70,70,70,70,70,70,70,70,70,70,70,70,70,70,70,70,70,70,70,70,70,70,70,70,70,70,70,70,70,70,70,70,70,70,70,70,70,70,70,70,70,70,70,70],"relic_stats":{"Nunchaku":[14],"counters":[24,115],"Golden Idol":110,"MealTicket":15,"Tiny Chest":1,"Medical Kit":[6],"Cursed Key":2,"obtain_stats":[{"Golden Idol":14,"Medical Kit":8,"Empty Cage":17,"Ancient Tea Set":26,"Cursed Key":34,"Bottled Flame":9,"Anchor":12,"Nunchaku":25,"MealTicket":3,"Tiny Chest":23,"Molten Egg 2":40,"Toy Ornithopter":39,"Ring of the Snake":0},{"Golden Idol":7,"Medical Kit":5,"Empty Cage":8,"Ancient Tea Set":14,"Cursed Key":18,"Bottled Flame":5,"Anchor":7,"Nunchaku":14,"MealTicket":2,"Tiny Chest":12,"Molten Egg 2":22,"Toy Ornithopter":21,"Ring of the Snake":0},{"Golden Idol":23,"Medical Kit":16,"Empty Cage":37,"Ancient Tea Set":70,"Cursed Key":91,"Bottled Flame":16,"Anchor":23,"Nunchaku":70,"MealTicket":7,"Tiny Chest":59,"Molten Egg 2":108,"Toy Ornithopter":100,"Ring of the Snake":0}],"Toy Ornithopter":5,"Ring of the Snake":[48]},"card_choices":[{"not_picked":["Acrobatics","Dagger Spray"],"picked":"Sucker Punch","floor":1},{"not_picked":["Prepared","Underhanded Strike"],"picked":"Blade Dance","floor":2},{"not_picked":["Dagger Spray","Expertise"],"picked":"Dash","floor":4},{"not_picked":["Sucker Punch","Dagger Spray"],"picked":"Skewer","floor":5},{"not_picked":["Backflip","Dagger Throw"],"picked":"Dagger Spray","floor":7},{"not_picked":["Deflect","Crippling Poison","Dagger Spray"],"picked":"SKIP","floor":11},{"not_picked":["Dagger Throw","Catalyst"],"picked":"Infinite Blades","floor":12},{"not_picked":["Venomology","A Thousand Cuts"],"picked":"Adrenaline","floor":16},{"not_picked":["Endless Agony","Distraction"],"picked":"Poisoned Stab","floor":18},{"not_picked":["Dash+1","Poisoned Stab"],"picked":"Catalyst+1","floor":20},{"not_picked":["Underhanded Strike+1","Sucker Punch+1"],"picked":"Masterful Stab","floor":22},{"not_picked":["Poisoned Stab","Slice"],"picked":"Escape Plan+1","floor":23},{"not_picked":["Reflex","Footwork"],"picked":"PiercingWail","floor":24},{"not_picked":["Calculated Gamble","Skewer"],"picked":"Slice+1","floor":25},{"not_picked":["Deflect","Prepared+1"],"picked":"Bane","floor":27},{"not_picked":["Quick Slash","Prepared"],"picked":"Outmaneuver+1","floor":30},{"not_picked":["Masterful Stab","Dagger Spray","Riddle With Holes"],"picked":"SKIP","floor":31},{"not_picked":["A Thousand Cuts","Bullet Time"],"picked":"Corpse Explosion","floor":33},{"not_picked":["Infinite Blades+1","Flying Knee"],"picked":"PiercingWail","floor":35},{"not_picked":["Infinite Blades+1","Underhanded Strike+1"],"picked":"Finisher+1","floor":36},{"not_picked":["Bane","Calculated Gamble"],"picked":"Cloak And Dagger+1","floor":38},{"not_picked":["Outmaneuver+1","Flying Knee+1"],"picked":"Poisoned Stab+1","floor":40},{"not_picked":["All Out Attack+1","Deadly Poison"],"picked":"Backflip+1","floor":42}],"player_experience":83890,"relics_obtained":[{"floor":9,"key":"Bottled Flame"},{"floor":12,"key":"Anchor"},{"floor":23,"key":"Tiny Chest"},{"floor":25,"key":"Nunchaku"},{"floor":26,"key":"Ancient Tea Set"},{"floor":39,"key":"Toy Ornithopter"},{"floor":40,"key":"Molten Egg 2"}],"event_choices":[{"damage_healed":0,"gold_gain":0,"player_choice":"Success","damage_taken":18,"relics_obtained":["MealTicket"],"max_hp_gain":0,"max_hp_loss":0,"event_name":"Scrap Ooze","floor":3,"gold_loss":0},{"damage_healed":0,"gold_gain":0,"player_choice":"Take Damage","damage_taken":17,"relics_obtained":["Golden Idol"],"max_hp_gain":0,"max_hp_loss":0,"event_name":"Golden Idol","floor":14,"gold_loss":0},{"damage_healed":0,"gold_gain":0,"player_choice":"Simplicity","damage_taken":0,"max_hp_gain":0,"max_hp_loss":0,"event_name":"Back to Basics","floor":19,"gold_loss":0,"cards_upgraded":["Strike_G","Strike_G","Strike_G","Defend_G","Defend_G","Defend_G","Defend_G","Defend_G"]},{"damage_healed":0,"gold_gain":0,"cards_transformed":["Defend_G","Defend_G"],"player_choice":"Became Test Subject","damage_taken":0,"max_hp_gain":0,"max_hp_loss":0,"event_name":"Drug Dealer","floor":21,"gold_loss":0,"cards_obtained":["Dash","Predator"]},{"cards_removed":["Predator"],"damage_healed":46,"gold_gain":0,"player_choice":"Offered Uncommon","damage_taken":0,"max_hp_gain":0,"max_hp_loss":0,"event_name":"Bonfire Elementals","floor":28,"gold_loss":0},{"cards_removed":["Strike_G"],"damage_healed":0,"gold_gain":0,"player_choice":"Gave Gold","damage_taken":0,"max_hp_gain":0,"max_hp_loss":0,"event_name":"Beggar","floor":29,"gold_loss":75},{"damage_healed":0,"gold_gain":0,"player_choice":"0 cards matched","damage_taken":0,"max_hp_gain":0,"max_hp_loss":0,"event_name":"Match and Keep!","floor":37,"gold_loss":0,"cards_obtained":[]},{"cards_removed":["Bane"],"damage_healed":0,"gold_gain":0,"player_choice":"Removed Attack","damage_taken":0,"max_hp_gain":0,"max_hp_loss":0,"event_name":"Falling","floor":44,"gold_loss":0}],"is_beta":false,"boss_relics":[{"not_picked":["Coffee Dripper","Fusion Hammer"],"picked":"Empty Cage"},{"not_picked":["Ring of the Serpent","Snecko Eye"],"picked":"Cursed Key"}],"items_purged_floors":[],"is_endless":false,"potions_floor_spawned":[4,5,7,23,24,25,27,31,36],"killed_by":"Nemesis","ascension_level":0}}