{"host":"oihpulxxofncj7su","time":1608178865,"event":{"mods":["AchievementEnabler","BaseMod","Bestiary","BetterRewards","Colored Powertips","Downfall","Highlight Path","Minty Spire (QoL Compilation)","Quick Restart","Spicy Shops","StSLib"],"gold_per_floor":[99,127,127,127,127,127,198,198,226,226,245,245,265,280,291,390,390,390,420,420,438,68,53,53,38,55,55,55,155,174,191,191,191],"floor_reached":32,"playtime":4634,"items_purged":["hexamod:Strike"],"score":291,"play_id":"935b0767-827f-4696-ad74-5a5a182b5df2","local_time":"20201216232105","is_ascension_mode":false,"campfire_choices":[{"data":"hexamod:Sear","floor":1,"key":"SMITH"},{"data":"hexamod:ExtraCrispy","floor":8,"key":"SMITH"},{"floor":10,"key":"REST"},{"data":"hexamod:RadiantFlame","floor":18,"key":"SMITH"},{"floor":20,"key":"REST"},{"data":"hexamod:GhostOfSpirePresent","floor":27,"key":"SMITH"}],"circlet_count":0,"master_deck":["hexamod:Strike","hexamod:Strike","hexamod:Defend","hexamod:Defend","hexamod:Defend","hexamod:Defend","hexamod:Sear+1","hexamod:Float","hexamod:PhantomFireball","hexamod:RadiantFlame","hexamod:ExtraCrispy+1","hexamod:Hexaguard+1","hexamod:NightmareGuise+1","hexamod:Sear+1","hexamod:HeatShield+1","hexamod:SpectersWail+1","hexamod:RadiantFlame+1","hexamod:FirstSeal","hexamod:SearingWound+1","hexamod:HeatMetal+1","hexamod:Hexaguard+1","hexamod:GhostOfSpirePresent+1","hexamod:NightmareGuise+1"],"relics":["hexamod:SpiritBrand","downfall:HeartsMalice","Toxic Egg 2","CaptainsWheel","Molten Egg 2","Velvet Choker","Potion Belt","StrikeDummy","Cauldron","Blue Candle"],"acts_visited":["Exordium","TheCity"],"potions_floor_usage":[11,13,19,22,26,26,26,30,31],"damage_taken":[{"damage":0,"enemies":"Gremlin Nob","floor":2,"turns":1},{"damage":0,"enemies":"2 Louse","floor":5,"turns":1},{"damage":0,"enemies":"Small Slimes","floor":6,"turns":1},{"damage":15,"enemies":"Lagavulin","floor":9,"turns":7},{"damage":6,"enemies":"Cultist","floor":11,"turns":3},{"damage":2,"enemies":"Lots of Slimes","floor":13,"turns":5},{"damage":14,"enemies":"3 Louse","floor":14,"turns":3},{"damage":0,"enemies":"Lots of Slimes","floor":15,"turns":2},{"damage":21,"enemies":"downfall:Watcher","floor":16,"turns":11},{"damage":23,"enemies":"Book of Stabbing","floor":19,"turns":6},{"damage":0,"enemies":"Spheric Guardian","floor":21,"turns":4},{"damage":0,"enemies":"downfall:FleeingMerchant","floor":22,"turns":4},{"damage":0,"enemies":"downfall:FleeingMerchant","floor":23,"turns":4},{"damage":0,"enemies":"downfall:FleeingMerchant","floor":25,"turns":4},{"damage":0,"enemies":"Snake Plant","floor":26,"turns":5},{"damage":31,"enemies":"3 Cultists","floor":30,"turns":8},{"damage":44,"enemies":"Cultist and Chosen","floor":31,"turns":9},{"damage":10,"enemies":"Centurion and Healer","floor":32,"turns":1}],"seed_played":"5630513999869117293","potions_obtained":[{"floor":9,"key":"AttackPotion"},{"floor":11,"key":"champ:CounterPotion"},{"floor":16,"key":"sneckomod:MuddlingPotion"},{"floor":19,"key":"DistilledChaos"},{"floor":22,"key":"GamblersBrew"},{"floor":22,"key":"PowerPotion"},{"floor":22,"key":"SteroidPotion"},{"floor":22,"key":"Swift Potion"},{"floor":22,"key":"EssenceOfSteel"},{"floor":26,"key":"SpeedPotion"},{"floor":28,"key":"CultistPotion"},{"floor":31,"key":"FearPotion"}],"is_trial":false,"path_per_floor":["R","E","?","?","M","M","T","R","E","R","M","?","M","M","M","B",null,"R","E","R","M","$","$","T","$","M","R","?","?","M","M","M"],"character_chosen":"THE_SPIRIT","items_purchased":["StrikeDummy","Cauldron"],"campfire_rested":2,"item_purchase_floors":[22,22],"current_hp_per_floor":[70,70,67,67,67,67,67,67,52,70,64,64,62,48,48,27,70,70,54,70,70,70,70,70,70,70,70,70,70,46,9,0,0],"gold":191,"neow_bonus":"THREE_ENEMY_KILL","is_daily":false,"chose_seed":false,"campfire_upgraded":4,"win_rate":0.0,"timestamp":1608178865,"path_taken":["R","E","?","?","M","M","T","R","E","R","M","?","?","?","M","BOSS","R","E","R","M","$","$","T","$","M","R","?","?","?","M","M"],"items_purchased_type":["Relic","Relic"],"build_version":"2020-12-13","purchased_purges":1,"victory":false,"max_hp_per_floor":[70,70,70,70,70,70,70,70,70,70,70,70,70,70,70,70,70,70,70,70,70,70,70,70,70,70,70,70,70,70,70,70,70],"card_choices":[{"not_picked":["hexamod:Hexaguard+1","hexamod:VolcanoVisage"],"picked":"hexamod:PhantomFireball","floor":2},{"not_picked":["hexamod:BacktrackSmack","hexamod:GhostLash"],"picked":"hexamod:RadiantFlame","floor":5},{"not_picked":["hexamod:InspiringFlames+1","hexamod:GhostOfSpirePast"],"picked":"hexamod:ExtraCrispy","floor":6},{"not_picked":["hexamod:GhostLash+1","hexamod:ThirdSeal"],"picked":"hexamod:Hexaguard+1","floor":9},{"not_picked":["hexamod:GhostOfSpirePast","hexamod:Hexaguard+1"],"picked":"hexamod:NightmareGuise+1","floor":11},{"not_picked":["hexamod:HauntingEcho+1","hexamod:ShieldOfDarkness+1"],"picked":"hexamod:SpectersWail+1","floor":13},{"not_picked":["hexamod:SwordOfDarkness+1","hexamod:FirstSeal"],"picked":"hexamod:RadiantFlame","floor":14},{"not_picked":["hexamod:NightmareStrike+1","hexamod:Firestarter+1"],"picked":"hexamod:FirstSeal","floor":15},{"not_picked":["hexamod:TimeOfNeed+1","hexamod:SixthSeal"],"picked":"hexamod:SearingWound+1","floor":16},{"not_picked":["hexamod:EtherealExpedition+1","hexamod:ExtraCrispy"],"picked":"hexamod:HeatMetal+1","floor":19},{"not_picked":["hexamod:GhostShield+1","hexamod:RainOfEmbers+1"],"picked":"hexamod:Hexaguard+1","floor":21},{"not_picked":["hexamod:ExtraCrispy","hexamod:SpectersWail+1"],"picked":"hexamod:GhostOfSpirePresent","floor":22},{"not_picked":["hexamod:HeatCrush+1","hexamod:GhostOfSpireFuture+1","hexamod:NightmareStrike+1"],"picked":"SKIP","floor":23},{"not_picked":["hexamod:Incineration+1","hexamod:HauntingEcho+1","hexamod:HeatCrush+1"],"picked":"SKIP","floor":25},{"not_picked":["hexamod:SpectersWail+1","hexamod:GhostShield+1"],"picked":"hexamod:NightmareGuise+1","floor":26},{"not_picked":["hexamod:GhostOfSpirePresent+1","hexamod:Again+1","hexamod:FastForward+1"],"picked":"SKIP","floor":30},{"not_picked":["hexamod:EtherealExpedition+1","hexamod:Hexaguard+1","hexamod:SwordOfDarkness+1"],"picked":"SKIP","floor":31}],"player_experience":379785,"relics_obtained":[{"floor":2,"key":"Toxic Egg 2"},{"floor":9,"key":"Molten Egg 2"},{"floor":19,"key":"Potion Belt"},{"floor":24,"key":"Blue Candle"}],"event_choices":[{"damage_healed":0,"gold_gain":0,"player_choice":"Success","damage_taken":3,"relics_obtained":["CaptainsWheel"],"max_hp_gain":0,"max_hp_loss":0,"event_name":"Scrap Ooze","floor":3,"gold_loss":0},{"cards_removed":["hexamod:Strike"],"damage_healed":0,"gold_gain":0,"player_choice":"Card Removal","damage_taken":0,"max_hp_gain":0,"max_hp_loss":0,"event_name":"The Cleric","floor":4,"gold_loss":0}],"is_beta":false,"boss_relics":[{"not_picked":["Pandora\u0027s Box","Snecko Eye"],"picked":"Velvet Choker"}],"items_purged_floors":[22],"is_endless":false,"potions_floor_spawned":[9,11,16,19,26,31],"killed_by":"Centurion and Healer","ascension_level":0}}