{"host":"cz3p2o9n3b1gdmkz","time":1608233656,"event":{"mods":["AchievementEnabler","BaseMod","CapriCore","GungeonMod","Hermit","Lobotomy","Minty Spire (QoL Compilation)","Replay The Spire","Shop Mod","StSLib","SuperFastMode","The Cursed","The Dragon Tamer","The Gatherer","The Jungle","The Poker Player","The Runesmith"],"gold_per_floor":[19,29,29,29,29,60,123,156,156,156,188,207,218,250,250,352,352,366,378,378,411,81,114,114,140,140,140,151,185,204,219,219,318,318,338,248,265,265,265,265,281,314,314,327,352,352,352,380,380,380,380],"floor_reached":52,"playtime":1545,"items_purged":[],"score":1595,"play_id":"31a26665-531b-4614-a62d-342cb6d48ca7","local_time":"20201218043416","is_ascension_mode":true,"campfire_choices":[{"floor":24,"key":"DIG"},{"data":"TheCursedMod:CircleOfCorruption","floor":27,"key":"SMITH"},{"data":"TheCursedMod:CircleOfCorruption","floor":32,"key":"SMITH"},{"data":"TheCursedMod:CircleOfCorruption","floor":40,"key":"SMITH"},{"data":"TheCursedMod:CircleOfCorruption","floor":49,"key":"SMITH"}],"circlet_count":0,"master_deck":["TheCursedMod:Strike_TheCursed+1","TheCursedMod:Strike_TheCursed+1","TheCursedMod:Strike_TheCursed+1","TheCursedMod:Strike_TheCursed+1","TheCursedMod:Defend_TheCursed+1","TheCursedMod:Defend_TheCursed+1","TheCursedMod:Defend_TheCursed+1","TheCursedMod:CursedWand","TheCursedMod:CleanUpWorkshop","TheCursedMod:Dregs","TheCursedMod:CircleOfAbyss+1","TheCursedMod:Obscuration+1","Regret","TheCursedMod:CircleOfFlame+1","TheCursedMod:CursedBlade","TheCursedMod:CircleOfFlame","TheCursedMod:CircleOfCorruption","TheCursedMod:Neurasthenia","TheCursedMod:CursedShiv+1","TheCursedMod:CircleOfCorruption+1","TheCursedMod:CircleOfCorruption+1","TheCursedMod:SurpriseAttack+1","TheCursedMod:CircleOfCorruption+1","TheCursedMod:SurpriseAttack+1","TheCursedMod:Stretching","TheCursedMod:CircleOfCorruption+1","Doubt","TheCursedMod:Dregs","Decay","TheCursedMod:CircleOfFlame","TheCursedMod:CircleOfWindfury+1","Writhe","TheCursedMod:CircleOfFlame"],"relics":["TheCursedMod:BlackMagic101","Potion Belt","Singing Bowl","DemoMod:JetPack","DemoMod:LamentConfigurum","Replay:Multitool","DemoMod:VorpalBullet","DemoMod:SerJunkan","DemoMod:GlassGuonStoneRelic","DemoMod:WaxWing","DemoMod:Junk","Dead Branch","DemoMod:BigBoy","Oddly Smooth Stone","PreservedInsect","Replay:Ancient Bell","Runesmith:AutoHammer","Quantum Egg","DemoMod:RingOfEthereal","DemoMod:WeirdEgg","DemoMod:PinkGuonStone","Ornamental Fan"],"acts_visited":["Exordium","TheCity","TheBeyond"],"potions_floor_usage":[50],"damage_taken":[{"damage":0.0,"enemies":"2 Louse","floor":1.0,"turns":4.0},{"damage":1.0,"enemies":"Small Slimes","floor":2.0,"turns":6.0},{"damage":23.0,"enemies":"Lagavulin","floor":6.0,"turns":9.0},{"damage":25.0,"enemies":"Lagavulin Event","floor":7.0,"turns":8.0},{"damage":9.0,"enemies":"Gremlin Nob","floor":8.0,"turns":5.0},{"damage":0.0,"enemies":"3 Sentries","floor":11.0,"turns":3.0},{"damage":0.0,"enemies":"Jaw Worm","floor":12.0,"turns":2.0},{"damage":0.0,"enemies":"3 Louse","floor":13.0,"turns":1.0},{"damage":7.0,"enemies":"Gremlin Nob","floor":14.0,"turns":3.0},{"damage":9.0,"enemies":"Hexaghost","floor":16.0,"turns":9.0},{"damage":0,"enemies":"2 Thieves","floor":18,"turns":2},{"damage":0,"enemies":"Spheric Guardian","floor":19,"turns":3},{"damage":0,"enemies":"Masked Bandits","floor":21,"turns":2},{"damage":0,"enemies":"Gremlin Leader","floor":23,"turns":2},{"damage":0,"enemies":"Book of Stabbing","floor":25,"turns":3},{"damage":0,"enemies":"Cultist and Chosen","floor":28,"turns":2},{"damage":0,"enemies":"Gremlin Leader","floor":29,"turns":1},{"damage":0,"enemies":"Snake Plant","floor":30,"turns":1},{"damage":0,"enemies":"Centurion and Healer","floor":31,"turns":1},{"damage":0,"enemies":"Pondfish","floor":33,"turns":4},{"damage":0,"enemies":"3 Shapes","floor":35,"turns":1},{"damage":0,"enemies":"Orb Walker","floor":37,"turns":1},{"damage":0,"enemies":"3 Darklings","floor":41,"turns":1},{"damage":0,"enemies":"Reptomancer","floor":42,"turns":1},{"damage":0,"enemies":"Maw","floor":44,"turns":2},{"damage":0,"enemies":"Nemesis","floor":45,"turns":1},{"damage":0,"enemies":"Giant Head","floor":48,"turns":3},{"damage":6,"enemies":"Time Eater","floor":50,"turns":7}],"seed_played":"-2204693250868255459","potions_obtained":[{"floor":6.0,"key":"SteroidPotion"},{"floor":7.0,"key":"Languid Potion"},{"floor":8.0,"key":"LiquidBronze"},{"floor":11.0,"key":"SkillPotion"},{"floor":13.0,"key":"Swift Potion"},{"floor":16.0,"key":"TheCursedMod:DregsPotion"},{"floor":18,"key":"Strength Potion"},{"floor":28,"key":"Adrenaline Potion"},{"floor":29,"key":"Block Potion"},{"floor":41,"key":"BlessingOfTheForge"}],"is_trial":false,"path_per_floor":["M","M","?","?","?","E","?","E","T","R","E","M","M","E","R","B",null,"M","M","?","?","$","E","R","E","T","R","M","E","M","M","R","B",null,"M","?","M","T","?","R","M","E","T","M","E","$","?","E","R","B",null,null],"character_chosen":"THE_CURSED","items_purchased":["TheCursedMod:CircleOfCorruption","Dead Branch"],"campfire_rested":0,"item_purchase_floors":[22,22],"current_hp_per_floor":[75,74,74,74,74,51,28,19,19,42,44,44,44,39,63,54,74,76,78,78,78,78,78,78,80,80,80,80,80,80,80,80,82,93,95,95,97,97,97,97,99,99,106,108,108,108,110,110,110,104,104],"gold":380,"neow_bonus":"THREE_RARE_CARDS","is_daily":false,"chose_seed":false,"campfire_upgraded":4,"win_rate":0.0,"timestamp":1608233656,"path_taken":["M","M","?","?","?","E","?","E","T","R","E","M","M","E","R","BOSS","M","M","?","?","$","E","R","E","T","R","M","E","M","M","R","BOSS","M","?","?","?","?","R","?","E","T","M","E","$","?","E","R","BOSS"],"items_purchased_type":["Card","Relic"],"build_version":"2020-12-13","purchased_purges":0,"victory":true,"max_hp_per_floor":[75,75,75,75,75,75,77,77,77,77,79,79,79,81,81,81,81,83,85,85,85,85,85,85,87,87,87,87,87,87,87,87,89,95,97,97,99,99,99,99,101,101,108,110,110,110,110,110,110,110,110],"card_choices":[{"not_picked":["TheCursedMod:ForbiddenAlchemy","TheCursedMod:CursedRelics"],"picked":"TheCursedMod:CircleOfAbyss","floor":0.0},{"not_picked":["TheCursedMod:RavingStaff","TheCursedMod:CursedAmulet","TheCursedMod:TroublousMinions"],"picked":"SKIP","floor":1.0},{"not_picked":["TheCursedMod:CursedMace","TheCursedMod:RavingStaff","TheCursedMod:SpreadPlague"],"picked":"SKIP","floor":2.0},{"not_picked":["TheCursedMod:Wield","TheCursedMod:ManaBullet"],"picked":"TheCursedMod:CircleOfFlame","floor":6.0},{"not_picked":["TheCursedMod:RavingStaff","TheCursedMod:SpitefulStrike","TheCursedMod:Stigma"],"picked":"Singing Bowl","floor":7.0},{"not_picked":["TheCursedMod:CursedAmulet","TheCursedMod:Stretching"],"picked":"TheCursedMod:CursedBlade","floor":8.0},{"not_picked":["TheCursedMod:CursedAmulet","TheCursedMod:CursedMace","TheCursedMod:DemonicPact"],"picked":"Singing Bowl","floor":11.0},{"not_picked":["TheCursedMod:Stretching","TheCursedMod:HellsGateOpen"],"picked":"TheCursedMod:CircleOfFlame","floor":12.0},{"not_picked":["TheCursedMod:RapidMovement","TheCursedMod:RavingStaff"],"picked":"TheCursedMod:CircleOfCorruption","floor":13.0},{"not_picked":["TheCursedMod:TacticalStrike","TheCursedMod:Obscuration","TheCursedMod:SpitefulStrike"],"picked":"Singing Bowl","floor":14.0},{"not_picked":["TheCursedMod:UltimatePain","TheCursedMod:StunningStrike"],"picked":"TheCursedMod:Neurasthenia","floor":16.0},{"not_picked":["TheCursedMod:TacticalStrike","TheCursedMod:Torture","TheCursedMod:FleshFromBone"],"picked":"Singing Bowl","floor":18},{"not_picked":["TheCursedMod:CursedMace","TheCursedMod:Evocation+1","TheCursedMod:CursedAmulet+1"],"picked":"Singing Bowl","floor":19},{"not_picked":["TheCursedMod:RavingStaff+1","TheCursedMod:ShockAndAwe"],"picked":"TheCursedMod:CursedShiv+1","floor":21},{"not_picked":["TheCursedMod:Neurasthenia","TheCursedMod:StingEye"],"picked":"TheCursedMod:SurpriseAttack","floor":23},{"not_picked":["TheCursedMod:DoubleShield","TheCursedMod:TroublousMinions","TheCursedMod:Torture"],"picked":"Singing Bowl","floor":25},{"not_picked":["TheCursedMod:SmokeScreen","TheCursedMod:RavingStaff"],"picked":"TheCursedMod:CircleOfCorruption","floor":28},{"not_picked":["TheCursedMod:SoulReap","TheCursedMod:SpreadPlague"],"picked":"TheCursedMod:SurpriseAttack+1","floor":29},{"not_picked":["TheCursedMod:LuckyCharm","TheCursedMod:SpreadPlague"],"picked":"TheCursedMod:Stretching","floor":30},{"not_picked":["TheCursedMod:CircleOfFlame","TheCursedMod:AbyssShockwave"],"picked":"TheCursedMod:CircleOfCorruption","floor":31},{"not_picked":["TheCursedMod:DemonSword","TheCursedMod:UltimatePain","TheCursedMod:ForbiddenAlchemy"],"picked":"Singing Bowl","floor":33},{"not_picked":["ReplayTheSpireMod:Splinters","Sickly","Doubt"],"picked":"Singing Bowl","floor":34},{"not_picked":["Injury","Doubt","TheCursedMod:Dregs"],"picked":"Singing Bowl","floor":34},{"not_picked":["Normality","Sickly","ReplayTheSpireMod:Splinters"],"picked":"Singing Bowl","floor":34},{"not_picked":["TheCursedMod:VitalStrike+1","TheCursedMod:Hemoplague","TheCursedMod:SmokeScreen+1"],"picked":"Singing Bowl","floor":35},{"not_picked":["TheCursedMod:CursedMace+1","TheCursedMod:SmokeScreen+1","TheCursedMod:FuryStrike"],"picked":"Singing Bowl","floor":37},{"not_picked":["TheCursedMod:CursedBlade+1","TheCursedMod:AbyssShockwave+1","TheCursedMod:AshesToAshes+1"],"picked":"Singing Bowl","floor":41},{"not_picked":["TheCursedMod:LuckyCharm","TheCursedMod:CursedBlade"],"picked":"TheCursedMod:CircleOfFlame","floor":42},{"not_picked":["TheCursedMod:Hemoplague+1","TheCursedMod:CursedShiv","TheCursedMod:HellsGateOpen"],"picked":"Singing Bowl","floor":44},{"not_picked":["TheCursedMod:CircleOfAmplification","TheCursedMod:CursedMace+1"],"picked":"TheCursedMod:CircleOfWindfury+1","floor":45},{"not_picked":["TheCursedMod:CursedStaff+1","TheCursedMod:DoubleShield"],"picked":"TheCursedMod:CircleOfFlame","floor":48}],"player_experience":967010,"relics_obtained":[{"floor":6.0,"key":"Singing Bowl"},{"floor":7.0,"key":"DemoMod:JetPack"},{"floor":8.0,"key":"DemoMod:LamentConfigurum"},{"floor":9.0,"key":"Replay:Multitool"},{"floor":11.0,"key":"DemoMod:VorpalBullet"},{"floor":14.0,"key":"DemoMod:SerJunkan"},{"floor":21,"key":"DemoMod:Junk"},{"floor":23,"key":"DemoMod:Junk"},{"floor":24,"key":"DemoMod:BigBoy"},{"floor":25,"key":"Oddly Smooth Stone"},{"floor":29,"key":"PreservedInsect"},{"floor":38,"key":"DemoMod:Junk"},{"floor":42,"key":"DemoMod:WeirdEgg"},{"floor":43,"key":"DemoMod:PinkGuonStone"},{"floor":45,"key":"DemoMod:Junk"},{"floor":48,"key":"Ornamental Fan"}],"event_choices":[{"damage_healed":0.0,"max_hp_gain":0.0,"max_hp_loss":0.0,"gold_gain":0.0,"event_name":"Big Fish","player_choice":"Box","floor":4.0,"gold_loss":0.0,"damage_taken":0.0,"relics_obtained":["Potion Belt"],"cards_obtained":["Regret"]},{"damage_healed":0.0,"max_hp_gain":0.0,"max_hp_loss":0.0,"gold_gain":0.0,"event_name":"Dead Adventurer","player_choice":"Searched \u00271\u0027 times","floor":7.0,"gold_loss":0.0,"damage_taken":0.0},{"damage_healed":0,"gold_gain":0,"player_choice":"Simplicity","damage_taken":0,"max_hp_gain":0,"max_hp_loss":0,"event_name":"Back to Basics","floor":20,"gold_loss":0,"cards_upgraded":["TheCursedMod:Strike_TheCursed","TheCursedMod:Strike_TheCursed","TheCursedMod:Strike_TheCursed","TheCursedMod:Defend_TheCursed","TheCursedMod:Defend_TheCursed","TheCursedMod:Defend_TheCursed"]},{"damage_healed":0,"gold_gain":0,"player_choice":"Fought Bandits","damage_taken":0,"max_hp_gain":0,"max_hp_loss":0,"event_name":"Masked Bandits","floor":21,"gold_loss":0},{"cards_removed":["ReplayTheSpireMod:Splinters"],"damage_healed":0,"gold_gain":0,"player_choice":"Upgrade and Remove","damage_taken":0,"max_hp_gain":0,"max_hp_loss":0,"event_name":"Designer","floor":36,"gold_loss":90,"cards_upgraded":["TheCursedMod:SurpriseAttack"]},{"damage_healed":0,"gold_gain":0,"player_choice":"Cursed","damage_taken":0,"max_hp_gain":0,"max_hp_loss":0,"event_name":"Wheel of Change","floor":39,"gold_loss":0,"cards_obtained":["Decay"]},{"damage_healed":28,"gold_gain":0,"player_choice":"Writhe","damage_taken":0,"max_hp_gain":0,"max_hp_loss":0,"event_name":"Winding Halls","floor":47,"gold_loss":0,"cards_obtained":["Writhe"]}],"is_beta":false,"boss_relics":[{"not_picked":["Calling Bell","SacredBark"],"picked":"DemoMod:WaxWing"},{"not_picked":["Painkiller Herb","Sozu"],"picked":"Replay:Ancient Bell"},{"not_picked":["ReplayFunnel","Art of War"],"picked":"Runesmith:AutoHammer"},{"not_picked":["Replay:Bottled Snecko","Mummified Hand"],"picked":"Quantum Egg"},{"not_picked":["Replay:Towering Pillar of Hats","DemoMod:Orange"],"picked":"DemoMod:RingOfEthereal"}],"items_purged_floors":[],"is_endless":false,"potions_floor_spawned":[6,7,8,11,13,16,18,28,29,31,33,41,48],"ascension_level":5}}