{"host":"fqid566djxhwi0rl","time":1608211480,"event":{"mods":["2.2 Compatiblity","AchievementEnabler","Aspiration","BaseMod","Downfall","Energized Spire","Faster Ascension Climbing","GifTheSpireLib","Minty Spire (QoL Compilation)","Replay The Spire","StSLib","The Blackbeard","The Gatherer","Trackpad","Yuri Mod"],"gold_per_floor":[119,136,149,162,162,162,196,196,196,196,210,210,210,99,99,99,99],"floor_reached":16,"playtime":625,"items_purged":["sneckomod:Strike"],"score":155,"play_id":"a05cb6b7-e323-4a84-97d4-084513d3ff56","local_time":"20201217152440","is_ascension_mode":true,"campfire_choices":[{"data":"sneckomod:UnknownClassGREEN","floor":6,"key":"SMITH"},{"floor":8,"key":"REST"},{"data":"sneckomod:SoulDraw","floor":13,"key":"SMITH"},{"data":"sneckomod:UnknownUncommonPower","floor":15,"key":"SMITH"}],"circlet_count":0,"master_deck":["AscendersBane","sneckomod:Strike","sneckomod:Defend","sneckomod:Defend","sneckomod:TailWhip","sneckomod:SnekBite","sneckomod:Unknown","sneckomod:Unknown","sneckomod:MixItUp","sneckomod:UnknownClassGREEN+1","sneckomod:UnknownColorless","sneckomod:SoulDraw+1","sneckomod:UnknownUncommonPower+1"],"relics":["Runic Dome","Pet Ghost","Replay:Bottled Steam","ReplayTheSpireMod:Shallot"],"acts_visited":["Exordium"],"potions_floor_usage":[2,16],"damage_taken":[{"damage":0,"enemies":"Small Slimes","floor":1,"turns":3},{"damage":0,"enemies":"2 Louse","floor":2,"turns":2},{"damage":0,"enemies":"Jaw Worm","floor":3,"turns":4},{"damage":10,"enemies":"Red Slaver","floor":4,"turns":3},{"damage":26,"enemies":"Gremlin Nob","floor":7,"turns":4},{"damage":2,"enemies":"Looter","floor":11,"turns":4},{"damage":64,"enemies":"Fading Forest","floor":16,"turns":11}],"seed_played":"-4212866321193576415","potions_obtained":[{"floor":1,"key":"Fire Potion"},{"floor":2,"key":"Cursed Concoction"}],"is_trial":false,"path_per_floor":["M","M","M","M","?","R","E","R","T","?","M","?","R","$","R","B"],"character_chosen":"THE_SNECKO","items_purchased":["sneckomod:UnknownUncommonPower"],"campfire_rested":1,"item_purchase_floors":[14],"current_hp_per_floor":[81,81,81,71,64,64,38,65,65,58,56,56,56,56,56,0,0],"gold":99,"neow_bonus":"BOSS_RELIC","is_daily":false,"chose_seed":false,"campfire_upgraded":3,"win_rate":0.0,"timestamp":1608211480,"path_taken":["M","M","M","M","?","R","E","R","T","?","M","?","R","$","R","BOSS"],"items_purchased_type":["Card"],"build_version":"2020-12-13","purchased_purges":1,"victory":false,"max_hp_per_floor":[90,90,90,90,90,90,90,90,90,90,90,90,90,90,90,90,90],"card_choices":[{"not_picked":["sneckomod:Unknown1Cost","sneckomod:UnknownStrike"],"picked":"sneckomod:MixItUp","floor":1},{"not_picked":["sneckomod:Unknown1Cost","sneckomod:IronFang","sneckomod:DiceCrush"],"picked":"SKIP","floor":2},{"not_picked":["sneckomod:Unknown1Cost","sneckomod:UnknownCommonSkill"],"picked":"sneckomod:UnknownClassGREEN","floor":3},{"not_picked":["sneckomod:Unknown1Cost","sneckomod:UnknownVulnerable","sneckomod:DiceBlock"],"picked":"SKIP","floor":4},{"not_picked":["sneckomod:UnknownCommonAttack","sneckomod:RainOfDice"],"picked":"sneckomod:UnknownColorless","floor":7},{"not_picked":["sneckomod:UnknownVulnerable","sneckomod:UnknownWeak"],"picked":"sneckomod:SoulDraw","floor":11}],"player_experience":702350,"relics_obtained":[{"floor":7,"key":"Pet Ghost"},{"floor":9,"key":"Replay:Bottled Steam"}],"event_choices":[{"cards_removed":["sneckomod:Strike"],"damage_healed":0,"gold_gain":0,"player_choice":"Card Removal","damage_taken":7,"max_hp_gain":0,"max_hp_loss":0,"event_name":"Golden Wing","floor":5,"gold_loss":0},{"damage_healed":0,"gold_gain":0,"player_choice":"Success","damage_taken":7,"relics_obtained":["ReplayTheSpireMod:Shallot"],"max_hp_gain":0,"max_hp_loss":0,"event_name":"Scrap Ooze","floor":10,"gold_loss":0}],"is_beta":false,"boss_relics":[],"items_purged_floors":[14],"is_endless":false,"potions_floor_spawned":[1,2],"killed_by":"Fading Forest","ascension_level":11}}