{"host":"qgwlv9366poilr0p","time":1608196751,"event":{"mods":["BaseMod","Colored Powertips","Dota2Spire","Friendly Minions","Halation","Hubris","Infinite Spire","Minty Spire (QoL Compilation)","Relic Stats","Replay The Spire","Shop Mod","StSLib","The Blue Laboratory","vexMod"],"gold_per_floor":[116,116,126,126,126,161,161,172,172,192,192,192],"floor_reached":11,"playtime":419,"items_purged":[],"score":124,"play_id":"6716660b-7d84-4ac6-b1ad-0378fe6b13f1","local_time":"20201217101911","is_ascension_mode":true,"campfire_choices":[{"data":"Magnetism","floor":7,"key":"SMITH"}],"circlet_count":0,"master_deck":["AscendersBane","Strike_B","Strike_B","Strike_B","Strike_B","Defend_B","Defend_B","Defend_B","Defend_B","Zap","Dualcast","Magnetism+1","Doom and Gloom+1","Hologram","Electrodynamics","Conserve Battery","Auto Shields"],"relics":["Cracked Core","Mercury Hourglass","Dota2Spire:CrimsonGuard","Odd Mushroom"],"acts_visited":["Exordium"],"potions_floor_usage":[6],"damage_taken":[{"damage":6,"enemies":"2 Louse","floor":1,"turns":3},{"damage":23,"enemies":"Small Slimes","floor":3,"turns":4},{"damage":27,"enemies":"Gremlin Nob","floor":6,"turns":5},{"damage":7,"enemies":"Jaw Worm","floor":8,"turns":2},{"damage":8,"enemies":"The Mushroom Lair","floor":10,"turns":3},{"damage":18,"enemies":"3 Sentries","floor":11,"turns":2}],"seed_played":"-1213950245737519327","potions_obtained":[{"floor":1,"key":"ColorlessPotion"}],"is_trial":false,"path_per_floor":["M","?","M","?","?","E","R","M","T","?","E"],"character_chosen":"DEFECT","items_purchased":[],"campfire_rested":0,"item_purchase_floors":[],"current_hp_per_floor":[58,58,35,56,56,29,29,22,22,14,0,0],"gold":192,"neow_bonus":"RANDOM_COLORLESS_2","is_daily":false,"chose_seed":false,"campfire_upgraded":1,"win_rate":0.0,"timestamp":1608196751,"path_taken":["M","?","M","?","?","E","R","M","T","?","E"],"items_purchased_type":[],"build_version":"2020-12-13","purchased_purges":0,"victory":false,"max_hp_per_floor":[64,64,64,64,64,64,64,64,64,64,64,64],"relic_stats":{"counters":[6,19],"obtain_stats":[{"Dota2Spire:CrimsonGuard":9,"Odd Mushroom":10,"Cracked Core":0,"Mercury Hourglass":6},{"Dota2Spire:CrimsonGuard":4,"Odd Mushroom":5,"Cracked Core":0,"Mercury Hourglass":3},{"Dota2Spire:CrimsonGuard":14,"Odd Mushroom":17,"Cracked Core":0,"Mercury Hourglass":12}],"Mercury Hourglass":[48]},"card_choices":[{"not_picked":["Chrysalis","Violence"],"picked":"Magnetism","floor":0},{"not_picked":["Beam Cell","Turbo"],"picked":"Doom and Gloom","floor":1},{"not_picked":["Redo","Stack"],"picked":"Hologram","floor":3},{"not_picked":["Leap","Tempest"],"picked":"Electrodynamics","floor":6},{"not_picked":["Barrage","Streamline"],"picked":"Conserve Battery","floor":8},{"not_picked":["Gash","Hologram"],"picked":"Auto Shields","floor":10}],"player_experience":1056629,"relics_obtained":[{"floor":6,"key":"Mercury Hourglass"},{"floor":9,"key":"Dota2Spire:CrimsonGuard"},{"floor":10,"key":"Odd Mushroom"}],"event_choices":[{"damage_healed":21,"gold_gain":0,"player_choice":"Banana","damage_taken":0,"max_hp_gain":0,"max_hp_loss":0,"event_name":"Big Fish","floor":4,"gold_loss":0},{"damage_healed":0,"gold_gain":0,"player_choice":"Ignored","damage_taken":0,"max_hp_gain":0,"max_hp_loss":0,"event_name":"Liars Game","floor":5,"gold_loss":0},{"damage_healed":0,"gold_gain":0,"player_choice":"Fought Mushrooms","damage_taken":0,"max_hp_gain":0,"max_hp_loss":0,"event_name":"Mushrooms","floor":10,"gold_loss":0}],"is_beta":false,"boss_relics":[],"items_purged_floors":[],"is_endless":false,"potions_floor_spawned":[1],"killed_by":"3 Sentries","ascension_level":15}}