{"host":"90zmhqhem9nbzoc6","time":1608186986,"event":{"mods":["AchievementEnabler","Aspiration","BaseMod","Better Note","Better Third Choice","BetterRewards","Colored Map","Colored Powertips","Conspire","Downfall","Energized Spire","Friendly Minions","GifTheSpireLib","Hermit","Hubris","Infinite Spire","Minty Spire (QoL Compilation)","Quick Restart","Replay The Spire","Spikes Relics","StSLib","Stuff the Spire","The Blue Laboratory","The Jungle"],"gold_per_floor":[119,119,42,53,53,53,53,63,89,100,100,115,150,220,220,318,318,332,332,332,345,366,376,376,394,417,447,459,494,506,518,530,542,542],"floor_reached":33,"playtime":1198,"items_purged":[],"score":249,"play_id":"a8d026fe-37c5-4adb-b1b5-1d02d43785be","local_time":"20201216223626","is_ascension_mode":false,"campfire_choices":[{"data":"hermit:Gestalt","floor":7,"key":"SMITH"},{"floor":15,"key":"REST"},{"floor":24,"key":"REST"},{"floor":28,"key":"REST"},{"floor":30,"key":"REST"},{"floor":32,"key":"RECALL"}],"circlet_count":0,"master_deck":["hermit:Strike_Hermit","hermit:Strike_Hermit","hermit:Strike_Hermit","hermit:Strike_Hermit","hermit:Defend_Hermit","hermit:Defend_Hermit","hermit:Defend_Hermit","hermit:Defend_Hermit","hermit:Snapshot","hermit:Covet","Pot Of Greed","hermit:Gestalt+1","hermit:BigShot","Pot Of Greed","hermit:Enervate","hermit:GoldenBullet+1","hermit:PistolWhip","hermit:Shortfuse","hermit:Deadeye","hermit:Dive","hermit:CursedWeapon","hermit:Reprieve","hermit:Deadeye","hermit:Scavenge","hermit:Dive","Pot Of Greed","hermit:Dive+1","hermit:TakeCover","hermit:GoldenBullet+1","hermit:Gestalt+1"],"relics":["hermit:Momento","Replay:WaspNest","Grinning Jar","hubris:DisguiseKit","conspire:Flyswatter","Durian","MawBank"],"acts_visited":["Exordium","TheCity"],"potions_floor_usage":[21,25,33],"damage_taken":[{"damage":7,"enemies":"Jaw Worm","floor":1,"turns":3},{"damage":2,"enemies":"Cultist","floor":4,"turns":4},{"damage":1,"enemies":"Small Slimes","floor":8,"turns":3},{"damage":2,"enemies":"2 Fungi Beasts","floor":10,"turns":3},{"damage":16,"enemies":"Exordium Wildlife","floor":12,"turns":3},{"damage":26,"enemies":"Gremlin Nob","floor":13,"turns":4},{"damage":40,"enemies":"The Guardian","floor":16,"turns":10},{"damage":4,"enemies":"Chosen","floor":18,"turns":5},{"damage":15,"enemies":"Shell Parasite","floor":21,"turns":3},{"damage":14,"enemies":"Sentry and Sphere","floor":22,"turns":6},{"damage":4,"enemies":"Snecko","floor":23,"turns":4},{"damage":23,"enemies":"3 Cultists","floor":25,"turns":7},{"damage":11,"enemies":"Snake Plant","floor":27,"turns":5},{"damage":2,"enemies":"Cultist and Chosen","floor":29,"turns":8},{"damage":81,"enemies":"Automaton","floor":33,"turns":8}],"seed_played":"-3794571641210609091","potions_obtained":[{"floor":1,"key":"blueLaboratory:BottleOfVodka"},{"floor":4,"key":"blueLaboratory:BottleOfRum"},{"floor":10,"key":"blueLaboratory:BottleOfVodka"},{"floor":18,"key":"Adrenaline Potion"},{"floor":20,"key":"blueLaboratory:CorrosionFlask"},{"floor":20,"key":"blueLaboratory:EmptyBottle"},{"floor":20,"key":"blueLaboratory:RememoryPotion"},{"floor":22,"key":"blueLaboratory:NullPotion"},{"floor":23,"key":"LifebloodPotion"},{"floor":25,"key":"Cursed Concoction"},{"floor":27,"key":"hexamod:EctoCoolerPotion"}],"is_trial":false,"path_per_floor":["M","?","$","M","?","?","R","M","T","M","?","M","E","T","R","B",null,"M","?","?","M","M","M","R","M","T","M","R","M","R","?","R","B"],"character_chosen":"HERMIT","items_purchased":["Replay:WaspNest","Grinning Jar","hermit:Gestalt","hermit:BigShot","hermit:TrackingShot","hermit:GoldenBullet"],"campfire_rested":4,"item_purchase_floors":[0,0,0,0,0,3],"current_hp_per_floor":[68,73,73,71,71,71,71,70,70,68,68,52,26,26,48,8,75,71,76,76,61,47,43,67,44,44,37,61,59,80,80,80,0,0],"gold":542,"neow_bonus":"","is_daily":false,"chose_seed":false,"campfire_upgraded":1,"win_rate":0.0,"timestamp":1608186986,"path_taken":["M","?","$","?","?","?","R","M","T","?","?","M","E","?","R","BOSS","M","?","?","M","M","M","R","?","T","M","R","M","R","?","R","BOSS"],"items_purchased_type":["Relic","Relic","Card","Card","Card","Card"],"build_version":"2020-12-13","purchased_purges":0,"victory":false,"max_hp_per_floor":[75,75,75,75,75,75,75,75,75,75,75,75,75,75,75,75,75,75,80,80,80,80,80,80,80,80,80,80,80,80,80,80,80,80],"card_choices":[{"not_picked":["hermit:WideOpen","hermit:Snipe"],"picked":"hermit:Enervate","floor":1},{"not_picked":["hermit:Shortfuse","hermit:CalledShot"],"picked":"hermit:PistolWhip","floor":4},{"not_picked":["hermit:Roulette","hermit:LowProfile"],"picked":"hermit:Shortfuse","floor":8},{"not_picked":["hermit:SprayPray","hermit:BlackWind"],"picked":"hermit:Deadeye","floor":10},{"not_picked":["hermit:Desperado","hermit:Vantage"],"picked":"hermit:Dive","floor":12},{"not_picked":["hermit:Deadeye","hermit:Coalescence"],"picked":"hermit:CursedWeapon","floor":13},{"not_picked":["hermit:BlackWind","hermit:FatalDesire","Slimebound:SelfFormingGoo"],"picked":"hermit:Reprieve","floor":16},{"not_picked":["hermit:WideOpen","hermit:HighCaliber","Slimebound:FinishingTackle"],"picked":"hermit:Deadeye","floor":18},{"not_picked":["hermit:Showdown+1","hermit:BodyArmor","Slimebound:FormOfPuddle"],"picked":"hermit:Scavenge","floor":21},{"not_picked":["hermit:TakeAim","hermit:Headshot","Slimebound:Chomp"],"picked":"hermit:Dive","floor":22},{"not_picked":["hermit:Coalescence","hermit:WideOpen","Slimebound:SlimeSpikes"],"picked":"hermit:Dive+1","floor":23},{"not_picked":["hermit:Dive","hermit:WideOpen","Slimebound:GoopTackle"],"picked":"hermit:TakeCover","floor":25},{"not_picked":["hermit:Snipe","hermit:PistolWhip","Slimebound:RollThrough"],"picked":"hermit:GoldenBullet+1","floor":27},{"not_picked":["hermit:LoneWolf","hermit:CalledShot","hermit:Roulette+1","Slimebound:RollThrough"],"picked":"SKIP","floor":29}],"player_experience":210857,"relics_obtained":[{"floor":13,"key":"hubris:DisguiseKit"},{"floor":14,"key":"conspire:Flyswatter"},{"floor":26,"key":"MawBank"}],"event_choices":[{"cards_removed":["hermit:TrackingShot"],"damage_healed":5,"gold_gain":0,"player_choice":"Offered Common","damage_taken":0,"max_hp_gain":0,"max_hp_loss":0,"event_name":"Bonfire Elementals","floor":2,"gold_loss":0},{"cards_removed":["hermit:TrackingShot"],"damage_healed":5,"gold_gain":0,"player_choice":"Offered Special","damage_taken":0,"max_hp_gain":0,"max_hp_loss":0,"event_name":"Bonfire Elementals","floor":2,"gold_loss":0},{"damage_healed":0,"gold_gain":0,"player_choice":"Leave","damage_taken":0,"max_hp_gain":0,"max_hp_loss":0,"event_name":"conspire:Investor","floor":6,"gold_loss":0},{"damage_healed":0,"gold_gain":0,"player_choice":"Gave Potion","damage_taken":0,"relics_obtained":["Durian"],"max_hp_gain":0,"max_hp_loss":0,"event_name":"WeMeetAgain","floor":19,"gold_loss":0},{"damage_healed":0,"gold_gain":0,"player_choice":"Got Potions","damage_taken":0,"max_hp_gain":0,"max_hp_loss":0,"event_name":"Lab","floor":20,"gold_loss":0},{"damage_healed":0,"gold_gain":0,"player_choice":"Copied","damage_taken":0,"max_hp_gain":0,"max_hp_loss":0,"event_name":"Duplicator","floor":31,"gold_loss":0,"cards_obtained":["hermit:Gestalt"]}],"is_beta":false,"boss_relics":[{"not_picked":["energizedSpire:NeverEndingSparkler","Velvet Choker","Replay:Wanted Poster"]}],"items_purged_floors":[],"is_endless":false,"potions_floor_spawned":[1,4,10,18,22,23,25,27],"killed_by":"Automaton","ascension_level":0}}