{"host":"0m7uut7ws4kj19nt","time":1608203191,"event":{"mods":["AchievementEnabler","BaseMod","Minty Spire (QoL Compilation)","Replay The Spire","StSLib","The Animator","The Bug Knight","The Cursed","The Disciple","The Necromancer","The Servant 0.9.4"],"gold_per_floor":[117,117,117,135,146,172,172,184,256,266,281,281,78,95,95,194,244,262,262,262,187,201,201,471,128,128,153,167,167,193,203,203,299,299,315,315,128,128,146,172,172,198,224,242,242,35,60,76,76,76,76],"floor_reached":50,"playtime":3444,"items_purged":["Regret","Defend_W","Voices","SwitchThreat"],"score":845,"play_id":"b8242968-5961-445f-b9db-0b3bcc4b5910","local_time":"20201217180631","is_ascension_mode":false,"campfire_choices":[{"floor":7.0,"key":"REST"},{"floor":15.0,"key":"REST"},{"data":"Summon_Vampire_Lady","floor":23.0,"key":"SMITH"},{"floor":29.0,"key":"REST"},{"floor":32.0,"key":"REST"},{"data":"Slay_Living","floor":41.0,"key":"SMITH"},{"floor":49,"key":"RECALL"}],"circlet_count":0,"master_deck":["Strike_W","Strike_W","Defend_W","Defend_W","Defend_W","Negative_Energy_Arrows","Bone_Wall","Death_March_Dance+1","Bones_to_Steel","Shade_Step","Exploit","Bone_Bullets","Death_Knell","Bone_Armory","Vampiric_Strike","Negative_Energy_Burst","Summon_Vampire_Lady+1","Blood_Is_Power","Life_Drain+1","J.A.X.","Blood_Shield","Madness","Negative_Energy_Sphere","Slay_Living+1","Life_Tap+1","Summon_Death_Knight","Stop_Heart+1","Requiem","Consume_Illness+1","Deaths_Shadow+1","Finger_Of_Death+1","Spectral_Walk","Grasp_Heart+1","Death_Knell+1","Vampiric_Strike+1"],"relics":["Vampire_Amulet","NeowsBlessing","Unceasing Top","FaceOfCleric","Bronze Scales","Replay:Ringing Soul","Ancient Tea Set","Tiny House","Matryoshka","Smiling Mask","Replay:Wax Seal","White Beast Statue","Cursed Key","Ring of Chaos","Pen Nib","Garlic","Molten Egg 2","Replay:Mystery Machine","Snack Pack"],"acts_visited":["Exordium","TheCity","TheBeyond"],"potions_floor_usage":[50,50],"damage_taken":[{"damage":0.0,"enemies":"2 Louse","floor":1.0,"turns":1.0},{"damage":1.0,"enemies":"Cultist","floor":4.0,"turns":3.0},{"damage":0.0,"enemies":"Small Slimes","floor":5.0,"turns":1.0},{"damage":65.0,"enemies":"Replay:BlueRogue","floor":6.0,"turns":13.0},{"damage":24.0,"enemies":"3 Louse","floor":8.0,"turns":3.0},{"damage":14.0,"enemies":"Blue Slaver","floor":10.0,"turns":4.0},{"damage":13.0,"enemies":"Exordium Thugs","floor":11.0,"turns":3.0},{"damage":4.0,"enemies":"2 Fungi Beasts","floor":14.0,"turns":3.0},{"damage":20.0,"enemies":"Slime Boss","floor":16.0,"turns":12.0},{"damage":19.0,"enemies":"Chosen","floor":18.0,"turns":6.0},{"damage":28.0,"enemies":"2 Thieves","floor":22.0,"turns":3.0},{"damage":79.0,"enemies":"Slavers","floor":27.0,"turns":4.0},{"damage":29.0,"enemies":"Snecko","floor":28.0,"turns":5.0},{"damage":38.0,"enemies":"Gremlin Leader","floor":30.0,"turns":5.0},{"damage":29.0,"enemies":"Snake Plant","floor":31.0,"turns":5.0},{"damage":86.0,"enemies":"Pondfish","floor":33.0,"turns":11.0},{"damage":7.0,"enemies":"Orb Walker","floor":35.0,"turns":3.0},{"damage":48.0,"enemies":"3 Darklings","floor":39.0,"turns":4.0},{"damage":39.0,"enemies":"HollowMod:StalkingDevout","floor":40.0,"turns":7.0},{"damage":74.0,"enemies":"Reptomancer","floor":42.0,"turns":8.0},{"damage":19.0,"enemies":"Jaw Worm Horde","floor":44.0,"turns":3.0},{"damage":72.0,"enemies":"Giant Head","floor":47.0,"turns":8.0},{"damage":1.0,"enemies":"Sphere and 2 Shapes","floor":48.0,"turns":2.0},{"damage":53,"enemies":"Time Eater","floor":50,"turns":5}],"seed_played":"-6757361533416472339","potions_obtained":[{"floor":6.0,"key":"Explosive Potion"},{"floor":10.0,"key":"ColorlessPotion"},{"floor":11.0,"key":"Adrenaline Potion"},{"floor":14.0,"key":"Block Potion"},{"floor":16.0,"key":"EntropicBrew"},{"floor":17.0,"key":"FairyPotion"},{"floor":28.0,"key":"Energy Potion"},{"floor":30.0,"key":"LifebloodPotion"},{"floor":31.0,"key":"Fruit Juice"},{"floor":33.0,"key":"Block Potion"},{"floor":35.0,"key":"Languid Potion"},{"floor":39.0,"key":"PowerPotion"},{"floor":40.0,"key":"LifebloodPotion"},{"floor":42.0,"key":"PowerPotion"},{"floor":44.0,"key":"LiquidBronze"},{"floor":48.0,"key":"Swift Potion"}],"is_trial":false,"path_per_floor":["M","?","?","M","M","E","R","M","T","M","M","?","$","M","R","B",null,"M","?","?","?","M","R","?","$","T","E","M","R","E","M","R","B",null,"M","?","$","?","M","E","R","E","T","M","?","$","E","M","R","B"],"character_chosen":"NECROMANCER","items_purchased":["Bone_Armory","Vampiric_Strike","Matryoshka","Requiem","Grasp_Heart+1"],"campfire_rested":4,"item_purchase_floors":[13,13,25,37,46],"current_hp_per_floor":[75,75,75,76,77,15,38,21,21,13,8,8,11,15,43,39,106,105,105,108,108,93,93,63,63,63,44,32,69,58,43,84,41,142,144,147,150,144,113,106,106,67,70,68,68,71,32,44,44,0,0],"gold":76,"neow_bonus":"THREE_ENEMY_KILL","is_daily":false,"chose_seed":false,"campfire_upgraded":2,"win_rate":0.0,"timestamp":1608203191,"path_taken":["M","?","?","M","?","E","R","M","T","M","M","?","$","M","R","BOSS","M","?","?","?","?","R","?","$","T","E","M","R","E","M","R","BOSS","M","?","$","?","?","E","R","E","T","M","?","?","E","M","R","BOSS"],"items_purchased_type":["Card","Card","Relic","Card","Card"],"build_version":"2020-12-13","purchased_purges":4,"victory":false,"max_hp_per_floor":[75,75,75,76,77,78,78,79,79,83,87,87,90,94,94,98,106,110,110,113,113,117,117,120,120,120,124,125,125,129,138,138,142,142,146,149,152,144,148,152,152,156,159,163,163,166,170,174,174,174,174],"card_choices":[{"not_picked":["Bone_Shift","Chill_Blood"],"picked":"Death_March_Dance","floor":1.0},{"not_picked":["Negative_Energy_Mist","Negative_Energy_Javelin"],"picked":"Bones_to_Steel","floor":4.0},{"not_picked":["Toxic_Smoke_Screen","Necrotic_Claws"],"picked":"Finger_Of_Death","floor":5.0},{"not_picked":["Consume_Illness","Necromantic_Selection"],"picked":"Shade_Step","floor":6.0},{"not_picked":["Chill_Blood","Epidemic"],"picked":"Exploit","floor":8.0},{"not_picked":["Bone_Spikes","Corrupt"],"picked":"Bone_Bullets","floor":10.0},{"not_picked":["Necrotic_Claws","Bone_Bullets"],"picked":"Death_Knell","floor":11.0},{"not_picked":["Vampiric_Strike","Strike_from_Beyond"],"picked":"Negative_Energy_Burst","floor":14.0},{"not_picked":["Detonate_Bones","Cloudkill"],"picked":"Summon_Vampire_Lady","floor":16.0},{"not_picked":["Finger_Of_Death","Bone_Shift"],"picked":"Blood_Is_Power","floor":17.0},{"not_picked":["Blood_Curse","Whirlwind_of_Bones+1"],"picked":"Life_Drain+1","floor":18.0},{"not_picked":["Vampiric_Strike","Bone_Shift"],"picked":"Blood_Shield","floor":22.0},{"not_picked":["Exploit","Negative_Energy_Javelin"],"picked":"Negative_Energy_Sphere","floor":27.0},{"not_picked":["Toxic_Smoke_Screen","Negative_Energy_Sphere","Shade_Step"],"picked":"SKIP","floor":28.0},{"not_picked":["Bone_Spikes","Necromantic_Selection+1"],"picked":"Slay_Living","floor":30.0},{"not_picked":["Negative_Energy_Burst","Blood_Curse"],"picked":"Life_Tap+1","floor":31.0},{"not_picked":["Blood_Magic","Grasp_Heart"],"picked":"Summon_Death_Knight","floor":33.0},{"not_picked":["Scare","Bone_Armor+1"],"picked":"Stop_Heart+1","floor":35.0},{"not_picked":["Bones_to_Steel","Strike_from_Beyond"],"picked":"Consume_Illness+1","floor":39.0},{"not_picked":["Chill_Blood","Consume_Illness"],"picked":"Deaths_Shadow+1","floor":40.0},{"not_picked":["Cloudkill","Whirlwind_of_Bones"],"picked":"Finger_Of_Death+1","floor":42.0},{"not_picked":["Blood_for_Blood","Vampiric_Strike+1"],"picked":"Spectral_Walk","floor":44.0},{"not_picked":["Summon_Undead","Blood_Magic"],"picked":"Death_Knell+1","floor":47.0},{"not_picked":["Negative_Energy_Mist","Toxic_Smoke_Screen"],"picked":"Vampiric_Strike+1","floor":48.0}],"player_experience":67951,"relics_obtained":[{"floor":6.0,"key":"Bronze Scales"},{"floor":9.0,"key":"Replay:Ringing Soul"},{"floor":26.0,"key":"Smiling Mask"},{"floor":27.0,"key":"Replay:Wax Seal"},{"floor":30.0,"key":"White Beast Statue"},{"floor":36.0,"key":"Ring of Chaos"},{"floor":40.0,"key":"Pen Nib"},{"floor":42.0,"key":"Garlic"},{"floor":43.0,"key":"Molten Egg 2"},{"floor":43.0,"key":"Replay:Mystery Machine"},{"floor":47.0,"key":"Snack Pack"}],"event_choices":[{"damage_healed":0.0,"max_hp_gain":0.0,"max_hp_loss":0.0,"gold_gain":0.0,"event_name":"Big Fish","player_choice":"Box","floor":2.0,"gold_loss":0.0,"damage_taken":0.0,"relics_obtained":["Unceasing Top"],"cards_obtained":["Regret"]},{"damage_healed":0.0,"max_hp_gain":0.0,"max_hp_loss":0.0,"gold_gain":0.0,"event_name":"FaceTrader","player_choice":"Trade","floor":3.0,"gold_loss":0.0,"damage_taken":0.0,"relics_obtained":["FaceOfCleric"]},{"damage_healed":0.0,"max_hp_gain":0.0,"max_hp_loss":0.0,"gold_gain":0.0,"event_name":"Dead Adventurer","player_choice":"Searched \u00271\u0027 times","floor":12.0,"gold_loss":0.0,"damage_taken":0.0,"relics_obtained":["Ancient Tea Set"]},{"cards_removed":["Strike_W"],"damage_healed":0.0,"max_hp_gain":0.0,"max_hp_loss":0.0,"gold_gain":0.0,"event_name":"Back to Basics","player_choice":"Elegance","floor":19.0,"gold_loss":0.0,"damage_taken":0.0},{"damage_healed":0.0,"max_hp_gain":0.0,"max_hp_loss":0.0,"gold_gain":0.0,"event_name":"Drug Dealer","player_choice":"Obtain J.A.X.","floor":20.0,"gold_loss":0.0,"damage_taken":0.0,"cards_obtained":["J.A.X."]},{"cards_removed":["Strike_W"],"damage_healed":0.0,"max_hp_gain":0.0,"max_hp_loss":0.0,"gold_gain":0.0,"event_name":"Beggar","player_choice":"Gave Gold","floor":21.0,"gold_loss":75.0,"damage_taken":0.0},{"damage_healed":0.0,"max_hp_gain":0.0,"max_hp_loss":0.0,"gold_gain":270.0,"event_name":"Knowing Skull","player_choice":"GOLD GOLD GOLD CARD ","floor":24.0,"potions_obtained":[],"gold_loss":0.0,"damage_taken":33.0,"cards_obtained":["Madness"]},{"damage_healed":0.0,"max_hp_gain":0.0,"max_hp_loss":8.0,"gold_gain":0.0,"event_name":"Winding Halls","player_choice":"Max HP","floor":38.0,"gold_loss":0.0,"damage_taken":0.0},{"cards_removed":["Finger_Of_Death"],"damage_healed":0.0,"max_hp_gain":0.0,"max_hp_loss":0.0,"gold_gain":0.0,"event_name":"Falling","player_choice":"Removed Attack","floor":45.0,"gold_loss":0.0,"damage_taken":0.0}],"is_beta":false,"boss_relics":[{"not_picked":["Replay:Wanted Poster","ChewingGum"],"picked":"Tiny House"},{"not_picked":["Philosopher\u0027s Stone","Coffee Dripper"],"picked":"Cursed Key"}],"items_purged_floors":[13,25,37,46],"is_endless":false,"potions_floor_spawned":[6,10,11,14,16,28,30,31,33,35,39,40,42,44,47,48],"killed_by":"Time Eater","ascension_level":0}}