{"host":"h792lphzw6wlba86","time":1608174369,"event":{"mods":["AchievementEnabler","Aspiration","BaseMod","Better Altar","Better Match","Better Note","Better Sensory Stone","Better Skull","Better Third Choice","BetterRewards","CCEM","Colored Map","Conspire","Downfall","GifTheSpireLib","Googly Eyes","Halation","Highlight Path","Hubris","Hunter ??","Jedi Mod","Mimic Mod","Minty Spire (QoL Compilation)","Permanent Neow","Replay The Spire","Shop Mod","Spicy Shops","StSLib","Stuff the Spire","The Jungle","Unceasing Turn Reminder","everything is the same but u backflip on backflip","slay the spire mod where everything is the same but ironclad has a cowboy hat"],"gold_per_floor":[99,99,210,135,153,164,189,189,220,220,220,238,98,98,113,113,113],"floor_reached":16,"playtime":826,"items_purged":["sneckomod:Strike"],"score":98,"play_id":"25ae17de-0efc-4c88-b4ad-bce30a544cd1","local_time":"20201216210609","is_ascension_mode":false,"campfire_choices":[{"floor":1,"key":"RECALL"},{"data":"sneckomod:Cheat","floor":4,"key":"SMITH"},{"floor":8,"key":"REST"},{"floor":10,"key":"REST"}],"circlet_count":0,"master_deck":["sneckomod:Strike","sneckomod:Strike","sneckomod:Defend","sneckomod:Defend","sneckomod:Defend","sneckomod:TailWhip","sneckomod:SnekBite","sneckomod:Unknown","sneckomod:Unknown","sneckomod:Cheat+1","sneckomod:UnknownClassEV_BLUE_COLOR","sneckomod:UnknownWeak","sneckomod:UnknownWeak","sneckomod:UnknownClassEV_BLUE_COLOR","sneckomod:Unknown3Cost","sneckomod:UnknownClassSLIMEBOUND","sneckomod:QuickBite","sneckomod:DiceBlock","sneckomod:SoulDraw","sneckomod:UnknownWeak","sneckomod:QuickMove","sneckomod:Nope"],"relics":["sneckomod:SneckoSoul","hubris:Towel","downfall:HeartBlessingRed","hubris:OldNail","Blue Candle","CCEMRelics:TechnogenicHelmet","Regal Pillow"],"acts_visited":["Exordium"],"potions_floor_usage":[9,15],"damage_taken":[{"damage":0,"enemies":"Cultist","floor":5,"turns":3},{"damage":3,"enemies":"2 Louse","floor":6,"turns":3},{"damage":23,"enemies":"3 Sentries","floor":9,"turns":6},{"damage":8,"enemies":"Jaw Worm","floor":12,"turns":2},{"damage":0,"enemies":"downfall:FleeingMerchant","floor":13,"turns":4},{"damage":17,"enemies":"3 Louse","floor":15,"turns":2},{"damage":28,"enemies":"downfall:Watcher","floor":16,"turns":12}],"seed_played":"-2601670348895494904","potions_obtained":[{"floor":5,"key":"sneckomod:CheatPotion"},{"floor":6,"key":"SneckoOil"}],"is_trial":false,"path_per_floor":["R","?","?","R","M","M","T","R","E","R","?","M","$","?","M","B"],"character_chosen":"THE_SNECKO","items_purchased":["sneckomod:SoulDraw"],"campfire_rested":2,"item_purchase_floors":[13],"current_hp_per_floor":[90,90,57,57,58,56,56,84,62,90,90,82,82,35,19,0,0],"gold":113,"neow_bonus":"ONE_RANDOM_RARE_CARD","is_daily":false,"chose_seed":false,"campfire_upgraded":1,"win_rate":0.0,"timestamp":1608174369,"path_taken":["R","?","?","R","M","?","T","R","E","R","?","M","$","?","M","BOSS"],"items_purchased_type":["Card"],"build_version":"2020-12-13","purchased_purges":1,"victory":false,"max_hp_per_floor":[90,90,93,93,94,95,95,95,96,96,96,96,96,96,97,97,97],"card_choices":[{"not_picked":["sneckomod:UnknownX","sneckomod:RainOfDice"],"picked":"sneckomod:UnknownClassEV_BLUE_COLOR","floor":3},{"not_picked":["sneckomod:WideSting","sneckomod:UnknownExhaust"],"picked":"sneckomod:UnknownWeak","floor":3},{"not_picked":["sneckomod:ImprovisedGuard","sneckomod:SnekBeam"],"picked":"sneckomod:UnknownWeak","floor":3},{"not_picked":["sneckomod:DefensiveFlair","sneckomod:WideSting"],"picked":"sneckomod:UnknownClassEV_BLUE_COLOR","floor":5},{"not_picked":["sneckomod:WideSting","sneckomod:UnknownClassGUARDIAN"],"picked":"sneckomod:Unknown3Cost","floor":6},{"not_picked":["sneckomod:IronFang","sneckomod:UnknownEthereal"],"picked":"sneckomod:UnknownClassSLIMEBOUND","floor":9},{"not_picked":["sneckomod:UnknownWeak","sneckomod:UnknownExhaust"],"picked":"sneckomod:QuickBite","floor":12},{"not_picked":["sneckomod:RainOfDice","sneckomod:SerpentMind"],"picked":"sneckomod:DiceBlock","floor":13}],"player_experience":620575,"relics_obtained":[{"floor":7,"key":"hubris:OldNail"},{"floor":9,"key":"Blue Candle"}],"event_choices":[{"damage_healed":0,"gold_gain":1,"player_choice":"Relic Relic ","damage_taken":47,"max_hp_gain":0,"max_hp_loss":0,"event_name":"betterThird:BetterScrap","floor":14,"gold_loss":0,"cards_obtained":["Venomology"]}],"is_beta":false,"boss_relics":[],"items_purged_floors":[13],"is_endless":false,"potions_floor_spawned":[5,6],"killed_by":"downfall:Watcher","ascension_level":0}}