{"host":"utqe55yv0jihe4d6","time":1608239893,"event":{"mods":["2.2 Compatiblity","AchievementEnabler","BaseMod","Block Reminder","Colored Map","Colored Powertips","Minty Spire (QoL Compilation)","Quick Restart","Rare Cards Sparkle","Relic Stats","SuperFastMode"],"gold_per_floor":[110,123,223,236,107,107,122,149,149,161,201,233,245,285,297,309,309],"floor_reached":16,"playtime":502,"items_purged":["Strike_R"],"score":290,"play_id":"4b89ea11-57f4-4ac5-9cd0-e32706e0aab5","local_time":"20201217161813","is_ascension_mode":true,"campfire_choices":[{"data":"Bash","floor":6,"key":"SMITH"},{"data":"Whirlwind","floor":10,"key":"SMITH"},{"data":"Flame Barrier","floor":13,"key":"SMITH"},{"data":"Offering","floor":15,"key":"SMITH"}],"circlet_count":0,"master_deck":["AscendersBane","Strike_R","Strike_R","Strike_R","Strike_R","Defend_R","Defend_R","Defend_R","Defend_R","Bash+1","Finesse","Flame Barrier+1","Pommel Strike","Anger","Whirlwind+1","Reaper","Hemokinesis","Offering+1"],"relics":["Burning Blood","Boot","MawBank","Bottled Lightning","Bronze Scales"],"acts_visited":["Exordium"],"potions_floor_usage":[8,8,16],"damage_taken":[{"damage":4,"enemies":"Cultist","floor":1,"turns":4},{"damage":1,"enemies":"2 Louse","floor":2,"turns":3},{"damage":0,"enemies":"Small Slimes","floor":4,"turns":5},{"damage":0,"enemies":"Red Slaver","floor":7,"turns":3},{"damage":0,"enemies":"3 Sentries","floor":8,"turns":1},{"damage":32,"enemies":"Gremlin Nob","floor":11,"turns":4},{"damage":26,"enemies":"Gremlin Gang","floor":12,"turns":6},{"damage":37,"enemies":"3 Sentries","floor":14,"turns":6},{"damage":44,"enemies":"Hexaghost","floor":16,"turns":8}],"seed_played":"-3291931827146776393","potions_obtained":[{"floor":4,"key":"DuplicationPotion"},{"floor":8,"key":"BloodPotion"},{"floor":11,"key":"Energy Potion"}],"is_trial":false,"path_per_floor":["M","M","?","M","$","R","M","E","T","R","E","M","R","E","R","B"],"character_chosen":"IRONCLAD","items_purchased":["SteroidPotion"],"campfire_rested":0,"item_purchase_floors":[5],"current_hp_per_floor":[70,75,75,75,75,75,75,75,75,75,49,39,39,23,23,0,0],"gold":309,"neow_bonus":"RANDOM_COLORLESS","is_daily":false,"chose_seed":false,"campfire_upgraded":4,"win_rate":0.0,"timestamp":1608239893,"path_taken":["M","M","?","M","?","R","M","E","T","R","E","M","R","E","R","BOSS"],"items_purchased_type":["Potion"],"build_version":"2020-12-13","purchased_purges":1,"victory":false,"max_hp_per_floor":[75,75,75,75,75,75,75,75,75,75,75,75,75,75,75,75,75],"relic_stats":{"counters":[9,40],"Bronze Scales":[36],"Boot":[7],"MawBank":84,"obtain_stats":[{"Bronze Scales":14,"Bottled Lightning":11,"Boot":8,"MawBank":9,"Burning Blood":0},{"Bronze Scales":8,"Bottled Lightning":6,"Boot":5,"MawBank":5,"Burning Blood":0},{"Bronze Scales":32,"Bottled Lightning":20,"Boot":16,"MawBank":16,"Burning Blood":0}],"Burning Blood":30},"card_choices":[{"not_picked":["Purity","Dark Shackles"],"picked":"Finesse","floor":0},{"not_picked":["Cleave","Sword Boomerang"],"picked":"Flame Barrier","floor":1},{"not_picked":["Flame Barrier","Blood for Blood"],"picked":"Pommel Strike","floor":2},{"not_picked":["Cleave","Thunderclap"],"picked":"Anger","floor":4},{"not_picked":["Clash","Clothesline"],"picked":"Whirlwind","floor":7},{"not_picked":["Flame Barrier","Clothesline"],"picked":"Reaper","floor":8},{"not_picked":["Anger","Perfected Strike"],"picked":"Hemokinesis","floor":11},{"not_picked":["Twin Strike","Anger","Flex"],"picked":"SKIP","floor":12},{"not_picked":["Second Wind","Reckless Charge"],"picked":"Offering","floor":14}],"player_experience":2790781,"relics_obtained":[{"floor":8,"key":"Boot"},{"floor":9,"key":"MawBank"},{"floor":11,"key":"Bottled Lightning"},{"floor":14,"key":"Bronze Scales"}],"event_choices":[{"damage_healed":0,"gold_gain":100,"player_choice":"Gold","damage_taken":0,"max_hp_gain":0,"max_hp_loss":0,"event_name":"Wheel of Change","floor":3,"gold_loss":0}],"is_beta":false,"boss_relics":[],"items_purged_floors":[5],"is_endless":false,"potions_floor_spawned":[4,8,11,12],"killed_by":"Hexaghost","ascension_level":20}}