{"host":"o3b7ow6d1xe49css","time":1608202624,"event":{"mods":["2.2 Compatiblity","Act Like it!","Aspiration","BaseMod","Bestiary","Better Altar","Better Match","Better Note","Better Sensory Stone","Better Skull","Better Third Choice","Colored Powertips","Conspire","Downfall","Elementarium","Energized Spire","Force Act Four","GifTheSpireLib","Halation","Hermit","Hubris","Infinite Spire","Minty Spire (QoL Compilation)","Quick Restart","Replay The Spire","Spicy Shops","Spikes Relics","StSLib","Stuff the Spire","The Blue Laboratory","The Jungle","Wandering Minibosses","vexMod"],"gold_per_floor":[111,126,142,154,154,189,214,246,327,268,301,4,29,40,40,138,138,155,165,165,184,184,212,212,246,246,273,273,25,54,72,72,171,171,188,207,207,207,1,35,70,70,70,70,95,130,159,185,185,185,185,185,19,50,50],"floor_reached":56,"playtime":3252,"items_purged":["Strike_R","Strike_R"],"score":2084,"play_id":"b465dae7-12a2-492f-b90f-a29d9da86f10","local_time":"20201217015704","daily_mods":["Heirloom","Flight"],"is_ascension_mode":true,"campfire_choices":[{"data":"Shockwave","floor":15,"key":"SMITH"},{"floor":24,"key":"RECALL"},{"data":"Uppercut","floor":28,"key":"SMITH"},{"data":"Juggernaut","floor":32,"key":"SMITH"},{"data":"Limit Break","floor":42,"key":"SMITH"},{"data":"conspire:HitWhereItHurts","floor":44,"key":"SMITH"},{"data":"Berserk","floor":49,"key":"SMITH"},{"data":"Double Tap","floor":52,"key":"SMITH"}],"circlet_count":0,"master_deck":["Defend_R","Defend_R","Defend_R","Defend_R","Bash","Rage","Shockwave+1","Heavy Blade","Dropkick","Anger","Reaper","Berserk+1","Juggernaut+1","Pommel Strike","Flame Barrier","Heavy Blade+1","Spot Weakness","BarbarianYell","Spot Weakness","hubris:ReadiedAction+1","Uppercut+1","infinitespire:DeathsTouch","Disarm+1","Double Tap+1","Limit Break+1","conspire:HitWhereItHurts+1","Shockwave+1","Inflame","Replay:SS_forest_5"],"relics":["Burning Blood","Ring of Chaos","aspiration:HatOfInfinitePower","Replay:Baseball","Sundial","Replay:PocketPolymizer","StuffTheSpire:CocoNut","hubris:Reverence","Anchor","Pet Ghost","Pear","hubris:Backtick","Prayer Wheel","SnailShell","Oddly Smooth Stone","Gremlin Food","Rawhide","Juzu Bracelet","infinitespire:WardingShard","Bag of Preparation","Snecko Eye","vexMod:MemoryStick","StuffTheSpire:PointBlank","SpikesRelics:DaevaFist","vexMod:ScavengeHelm","Omamori","Centennial Puzzle","Replay:Bottled Steam","Replay:Ringing Soul","Replay:Kaleidoscope"],"acts_visited":["Exordium","TheCity","TheBeyond","TheEnding"],"potions_floor_usage":[4,8,19,41,50,55,55,55],"damage_taken":[{"damage":8,"enemies":"2 Louse","floor":1,"turns":4},{"damage":6,"enemies":"Cultist","floor":2,"turns":3},{"damage":3,"enemies":"Small Slimes","floor":3,"turns":4},{"damage":6,"enemies":"Exordium Thugs","floor":4,"turns":4},{"damage":15,"enemies":"Gremlin Nob","floor":6,"turns":4},{"damage":2,"enemies":"Replay:BlueRogue","floor":7,"turns":4},{"damage":0,"enemies":"3 Sentries","floor":8,"turns":4},{"damage":3,"enemies":"Lagavulin","floor":11,"turns":5},{"damage":0,"enemies":"3 Sentries","floor":13,"turns":3},{"damage":0,"enemies":"2 Fungi Beasts","floor":14,"turns":1},{"damage":20,"enemies":"Fading Forest","floor":16,"turns":11},{"damage":17,"enemies":"3 Byrds","floor":18,"turns":6},{"damage":25,"enemies":"Chosen","floor":19,"turns":7},{"damage":0,"enemies":"Snake Plant","floor":21,"turns":2},{"damage":0,"enemies":"Replay:Snechameleon","floor":23,"turns":3},{"damage":2,"enemies":"Slavers","floor":25,"turns":3},{"damage":0,"enemies":"Replay:Snechameleon","floor":27,"turns":3},{"damage":0,"enemies":"Nightmare","floor":30,"turns":4},{"damage":0,"enemies":"Snecko","floor":31,"turns":2},{"damage":16,"enemies":"Collector","floor":33,"turns":5},{"damage":0,"enemies":"Orb Walker","floor":35,"turns":1},{"damage":0,"enemies":"3 Shapes","floor":36,"turns":2},{"damage":0,"enemies":"R_Hoarder","floor":40,"turns":4},{"damage":8,"enemies":"Nemesis","floor":41,"turns":3},{"damage":0,"enemies":"R_Hoarder","floor":45,"turns":4},{"damage":0,"enemies":"Nightmare","floor":46,"turns":3},{"damage":1,"enemies":"Reptomancer","floor":47,"turns":2},{"damage":0,"enemies":"Nemesis","floor":48,"turns":3},{"damage":5,"enemies":"Donu and Deca","floor":50,"turns":3},{"damage":0,"enemies":"Shield and Spear","floor":54,"turns":4},{"damage":40,"enemies":"The Heart","floor":55,"turns":5}],"seed_played":"-3633529431767303805","potions_obtained":[{"floor":2,"key":"BlessingOfTheForge"},{"floor":5,"key":"BloodPotion"},{"floor":6,"key":"ColorlessPotion"},{"floor":7,"key":"blueLaboratory:Moonshine"},{"floor":14,"key":"LiquidBronze"},{"floor":18,"key":"Fire Potion"},{"floor":23,"key":"blueLaboratory:NullPotion"},{"floor":33,"key":"EssenceOfSteel"},{"floor":47,"key":"SmokeBomb"},{"floor":48,"key":"AttackPotion"},{"floor":54,"key":"blueLaboratory:FruitPunch"}],"is_trial":true,"path_per_floor":["M","M","M","M","?","E","E","E","T","?","E","$","E","M","R","B",null,"M","M","AVR","M","?","E","R","E","T","E","R","$","NM","M","R","B",null,"M","M","?","$","$","E","E","R","T","R","E","NM","E","E","R","B",null,"R","$","E","B",null],"character_chosen":"IRONCLAD","items_purchased":["Anchor","Pet Ghost","infinitespire:WardingShard","vexMod:MemoryStick","Adrenaline Potion","Replay:SS_forest_5"],"campfire_rested":0,"item_purchase_floors":[12,12,29,39,39,53],"current_hp_per_floor":[78,78,80,80,80,71,75,80,80,87,87,87,97,97,97,88,95,97,93,93,97,97,97,97,97,97,97,97,97,97,97,97,87,95,97,97,97,97,97,97,95,95,95,95,97,97,97,100,100,100,100,100,103,103,104],"gold":50,"neow_bonus":"","is_daily":false,"chose_seed":false,"campfire_upgraded":7,"win_rate":0.0,"timestamp":1608202624,"path_taken":["M","M","M","M","?","E","E","E","T","?","E","$","E","?","R","BOSS","M","M","AVR","M","?","E","R","E","T","E","R","$","NM","M","R","BOSS","M","M","?","$","$","E","E","R","T","R","E","NM","E","E","R","BOSS","R","$","E","BOSS"],"items_purchased_type":["Relic","Relic","Relic","Relic","Potion","Card"],"build_version":"2020-12-13","purchased_purges":2,"victory":true,"max_hp_per_floor":[80,80,80,80,80,80,80,80,80,87,87,87,97,97,97,97,97,97,97,97,97,97,97,97,97,97,97,97,97,97,97,97,97,97,97,97,97,97,97,97,97,97,97,97,97,97,97,100,100,100,100,100,103,103,105],"card_choices":[{"not_picked":["Havoc","Massacre"],"picked":"Rage","floor":1},{"not_picked":["Defy Death","Searing Blow"],"picked":"Shockwave","floor":2},{"not_picked":["infinitespire:OneForAll","Heavy Blade"],"picked":"Twin Strike","floor":3},{"not_picked":["ReplayTheSpireMod:Strike From Hell","Carnage","Perfected Strike"],"picked":"SKIP","floor":4},{"not_picked":["Sever Soul","StuffTheSpire:Slingshot"],"picked":"Heavy Blade","floor":6},{"not_picked":["Entrench","True Grit"],"picked":"Dropkick","floor":7},{"not_picked":["Life Link","Carnage"],"picked":"Anger","floor":8},{"not_picked":["Perfected Strike","Burning Pact"],"picked":"Spot Weakness","floor":11},{"not_picked":["Anger","Burning Pact"],"picked":"Reaper","floor":13},{"not_picked":["Intimidate","True Grit","Clash"],"picked":"SKIP","floor":14},{"not_picked":["Brutality","Replay:Many Hands"],"picked":"Juggernaut","floor":16},{"not_picked":["Anger","Massacre"],"picked":"Pommel Strike","floor":18},{"not_picked":["Armaments+1","Fire Breathing+1"],"picked":"Flame Barrier","floor":18},{"not_picked":["ReplayTheSpireMod:LeadingStrike","hubris:ReadiedAction"],"picked":"Heavy Blade+1","floor":19},{"not_picked":["Replay:Undeath\u0027s Touch","Run Through+1","Absolvement"],"picked":"SKIP","floor":19},{"not_picked":["Sever Soul","True Grit"],"picked":"Spot Weakness","floor":21},{"not_picked":["Warcry","StuffTheSpire:Slingshot","Clash"],"picked":"SKIP","floor":21},{"not_picked":["conspire:Purge","Spot Weakness"],"picked":"BarbarianYell","floor":23},{"not_picked":["Entrench","Evolve+1"],"picked":"hubris:ReadiedAction+1","floor":25},{"not_picked":["Headbutt","hubris:ReadiedAction","Intimidate"],"picked":"SKIP","floor":27},{"not_picked":["ReplayTheSpireMod:Echoes of Time","hubris:InfiniteBlow+121"],"picked":"infinitespire:DeathsTouch","floor":30},{"not_picked":["Intimidate","Corruption"],"picked":"Disarm+1","floor":30},{"not_picked":["StuffTheSpire:RockThrow","Spot Weakness","StuffTheSpire:Slingshot+1"],"picked":"SKIP","floor":31},{"not_picked":["Sentinel","Invigoration","Clothesline"],"picked":"SKIP","floor":31},{"not_picked":["Brutality","Barricade"],"picked":"Limit Break","floor":33},{"not_picked":["True Grit+1","Perfected Strike","Wild Strike+1"],"picked":"SKIP","floor":35},{"not_picked":["Clothesline+1","hubris:ReadiedAction+1","Thunderclap"],"picked":"SKIP","floor":35},{"not_picked":["Warcry","ReplayTheSpireMod:Strike From Hell+1"],"picked":"conspire:HitWhereItHurts","floor":36},{"not_picked":["Rupture","Replay:Undeath\u0027s Touch"],"picked":"Shockwave+1","floor":36},{"not_picked":["Rage","Body Slam+1","Wild Strike"],"picked":"SKIP","floor":40},{"not_picked":["Anger+1","Havoc","Limit Break"],"picked":"SKIP","floor":41},{"not_picked":["Cleave","StuffTheSpire:Resist","Twin Strike"],"picked":"SKIP","floor":45},{"not_picked":["StuffTheSpire:Incineration","Flex","Berserk"],"picked":"SKIP","floor":46},{"not_picked":["ReplayReversal+1","Anger","Havoc"],"picked":"SKIP","floor":47},{"not_picked":["Iron Wave+1","Twin Strike+1"],"picked":"Inflame","floor":48},{"not_picked":["Run Through+1","Ghostly Armor","ReplayTheSpireMod:Muscle Training"],"picked":"SKIP","floor":54}],"player_experience":1717981,"relics_obtained":[{"floor":6,"key":"Replay:Baseball"},{"floor":7,"key":"Sundial"},{"floor":8,"key":"Replay:PocketPolymizer"},{"floor":11,"key":"hubris:Reverence"},{"floor":13,"key":"Pear"},{"floor":23,"key":"Oddly Smooth Stone"},{"floor":25,"key":"Gremlin Food"},{"floor":26,"key":"Rawhide"},{"floor":27,"key":"Juzu Bracelet"},{"floor":30,"key":"Bag of Preparation"},{"floor":40,"key":"StuffTheSpire:PointBlank"},{"floor":41,"key":"SpikesRelics:DaevaFist"},{"floor":43,"key":"vexMod:ScavengeHelm"},{"floor":45,"key":"Omamori"},{"floor":46,"key":"Centennial Puzzle"},{"floor":47,"key":"Replay:Bottled Steam"},{"floor":48,"key":"Replay:Ringing Soul"},{"floor":54,"key":"Replay:Kaleidoscope"}],"event_choices":[{"damage_healed":0,"gold_gain":0,"player_choice":"Paid Gold","damage_taken":0,"relics_obtained":["StuffTheSpire:CocoNut"],"max_hp_gain":0,"max_hp_loss":0,"event_name":"WeMeetAgain","floor":10,"gold_loss":59},{"damage_healed":0,"gold_gain":0,"player_choice":"Ignored","damage_taken":0,"max_hp_gain":0,"max_hp_loss":0,"event_name":"betterNote:BetterNote","floor":22,"gold_loss":0,"cards_obtained":["Strike_R"]}],"is_beta":false,"boss_relics":[{"not_picked":["energizedSpire:TabascoSauce","CosmicIsotope"],"picked":"hubris:Backtick"},{"not_picked":["Replay:Ancient Bell","Replay:Grab Bag"],"picked":"Snecko Eye"}],"items_purged_floors":[20,53],"is_endless":false,"potions_floor_spawned":[2,6,7,14,16,18,23,33,40,47,48,54],"ascension_level":5}}