{"host":"iptgt7xajlx4idp5","time":1608177131,"event":{"mods":["BaseMod","Bestiary","Colored Map","Minty Spire (QoL Compilation)","Rare Cards Sparkle","Slay-I"],"gold_per_floor":[20,38,48,48,59,94,94,106,160,160,160,178,207,307,307,410,410,421,431,334,112,124,151,170,183,183,98,111,111,122,134,134,134,134],"floor_reached":33,"playtime":2479,"items_purged":["Bash","Strike_R"],"score":333,"play_id":"afd8a956-c65b-4209-83ec-049152a576a2","local_time":"20201216205211","is_ascension_mode":false,"campfire_choices":[{"data":"Apotheosis","floor":7,"key":"SMITH"},{"data":"Inflame","floor":11,"key":"SMITH"},{"data":"Pommel Strike","floor":15,"key":"SMITH"},{"floor":29,"key":"REST"},{"floor":32,"key":"REST"}],"circlet_count":0,"master_deck":["Strike_R","Strike_R","Strike_R","Strike_R","Defend_R","Defend_R","Defend_R","Defend_R","Apotheosis+1","Pommel Strike+1","Anger","Inflame+1","Clash","Iron Wave","Immolate","Shrug It Off","Inflame","Iron Wave","Ghostly Armor+1","Flame Barrier+1","Limit Break+1"],"relics":["Burning Blood","Blood Vial","Dream Catcher","Paper Frog","Velvet Choker","MealTicket","Kunai","Toxic Egg 2"],"acts_visited":["Exordium","TheCity"],"potions_floor_usage":[13,18,23,23,23,28],"damage_taken":[{"damage":7,"enemies":"Small Slimes","floor":1,"turns":5},{"damage":3,"enemies":"Jaw Worm","floor":2,"turns":4},{"damage":6,"enemies":"Cultist","floor":3,"turns":3},{"damage":7,"enemies":"Exordium Wildlife","floor":5,"turns":3},{"damage":12,"enemies":"Lagavulin","floor":6,"turns":7},{"damage":0,"enemies":"Large Slime","floor":8,"turns":2},{"damage":3,"enemies":"3 Louse","floor":12,"turns":3},{"damage":10,"enemies":"3 Sentries","floor":13,"turns":3},{"damage":0,"enemies":"Slime Boss","floor":16,"turns":5},{"damage":17,"enemies":"2 Thieves","floor":18,"turns":3},{"damage":14,"enemies":"Shell Parasite","floor":19,"turns":4},{"damage":10,"enemies":"Snecko","floor":22,"turns":5},{"damage":19,"enemies":"Slavers","floor":23,"turns":3},{"damage":7,"enemies":"Centurion and Healer","floor":24,"turns":4},{"damage":29,"enemies":"Sentry and Sphere","floor":25,"turns":6},{"damage":18,"enemies":"Snecko","floor":28,"turns":4},{"damage":14,"enemies":"Snake Plant","floor":30,"turns":5},{"damage":0,"enemies":"Shelled Parasite and Fungi","floor":31,"turns":5},{"damage":79,"enemies":"Champ","floor":33,"turns":9}],"seed_played":"-6074156972384975346","potions_obtained":[{"floor":2,"key":"AttackPotion"},{"floor":3,"key":"AttackPotion"},{"floor":6,"key":"SkillPotion"},{"floor":16,"key":"Dexterity Potion"},{"floor":22,"key":"DistilledChaos"},{"floor":24,"key":"SteroidPotion"},{"floor":25,"key":"DistilledChaos"},{"floor":30,"key":"SpeedPotion"}],"is_trial":false,"path_per_floor":["M","M","M","$","M","E","R","M","T","?","R","M","E","?","R","B",null,"M","M","$","$","M","E","M","M","T","?","M","R","M","M","R","B"],"character_chosen":"IRONCLAD","items_purchased":["Shrug It Off","Inflame","Iron Wave"],"campfire_rested":2,"item_purchase_floors":[20,21,21],"current_hp_per_floor":[79,80,80,80,79,73,73,80,80,85,85,85,81,81,81,85,85,74,68,68,68,66,55,56,35,35,35,25,50,44,52,77,0,0],"gold":134,"neow_bonus":"RANDOM_COLORLESS_2","is_daily":false,"chose_seed":false,"campfire_upgraded":3,"win_rate":0.0,"timestamp":1608177131,"path_taken":["M","M","M","$","M","E","R","M","T","?","R","M","E","?","R","BOSS","M","M","?","$","M","E","M","M","T","?","M","R","M","M","R","BOSS"],"items_purchased_type":["Card","Card","Card"],"build_version":"2020-12-13","purchased_purges":2,"victory":false,"max_hp_per_floor":[80,80,80,80,80,80,80,80,80,85,85,85,85,85,85,85,85,85,85,85,85,85,85,85,85,85,85,85,85,85,85,85,85,85],"card_choices":[{"not_picked":["Violence","Magnetism"],"picked":"Apotheosis","floor":0},{"not_picked":["Entrench","Sever Soul"],"picked":"Pommel Strike","floor":1},{"not_picked":["Bloodletting","Armaments"],"picked":"Anger","floor":2},{"not_picked":["Whirlwind","Sword Boomerang"],"picked":"Inflame","floor":3},{"not_picked":["True Grit","Flex"],"picked":"Clash","floor":5},{"not_picked":["True Grit","Whirlwind","Clash"],"picked":"SKIP","floor":6},{"not_picked":["Headbutt","Clash","Reckless Charge"],"picked":"SKIP","floor":8},{"not_picked":["Armaments","Anger"],"picked":"Iron Wave","floor":12},{"not_picked":["Cleave","Carnage","Warcry"],"picked":"SKIP","floor":13},{"not_picked":["Demon Form","Corruption"],"picked":"Immolate","floor":16},{"not_picked":["Headbutt+1","Wild Strike","Thunderclap"],"picked":"SKIP","floor":18},{"not_picked":["Twin Strike+1","Uppercut","Heavy Blade"],"picked":"SKIP","floor":19},{"not_picked":["Fire Breathing","Armaments","Clothesline"],"picked":"SKIP","floor":22},{"not_picked":["Battle Trance+1","Feed","Clothesline"],"picked":"SKIP","floor":23},{"not_picked":["Clash","Wild Strike+1","Spot Weakness"],"picked":"SKIP","floor":24},{"not_picked":["Headbutt","Twin Strike","Perfected Strike"],"picked":"SKIP","floor":25},{"not_picked":["Evolve","Feel No Pain+1","Cleave"],"picked":"SKIP","floor":28},{"not_picked":["Body Slam","Warcry+1"],"picked":"Ghostly Armor+1","floor":29},{"not_picked":["Second Wind+1","Anger"],"picked":"Flame Barrier+1","floor":30},{"not_picked":["Dark Embrace","Warcry+1","Cleave"],"picked":"SKIP","floor":31},{"not_picked":["Combust+1","Searing Blow"],"picked":"Limit Break+1","floor":32}],"player_experience":491862,"relics_obtained":[{"floor":6,"key":"Blood Vial"},{"floor":9,"key":"Dream Catcher"},{"floor":13,"key":"Paper Frog"},{"floor":23,"key":"MealTicket"},{"floor":26,"key":"Kunai"}],"event_choices":[{"damage_healed":0,"gold_gain":0,"player_choice":"Donut","damage_taken":0,"max_hp_gain":5,"max_hp_loss":0,"event_name":"Big Fish","floor":10,"gold_loss":0},{"damage_healed":0,"gold_gain":100,"player_choice":"Gold","damage_taken":0,"max_hp_gain":0,"max_hp_loss":0,"event_name":"Wheel of Change","floor":14,"gold_loss":0},{"damage_healed":0,"gold_gain":0,"player_choice":"Obtained Relic","damage_taken":0,"relics_obtained":["Toxic Egg 2"],"max_hp_gain":0,"max_hp_loss":0,"event_name":"Addict","floor":27,"gold_loss":85}],"is_beta":false,"boss_relics":[{"not_picked":["SacredBark","Runic Pyramid"],"picked":"Velvet Choker"}],"items_purged_floors":[20,21],"is_endless":false,"potions_floor_spawned":[2,3,6,16,22,24,25,30],"killed_by":"Champ","ascension_level":0}}