{"host":"kpyoctgc7jne3jiy","time":1608193650,"event":{"mods":["AchievementEnabler","BaseMod","Minty Spire (QoL Compilation)"],"gold_per_floor":[113,14,14,14,28,28,53,53,53,63,63,83,83,83,83,182,182,196,196,207,62,73,73,93,120,120,120,145,70,82,97,97,202,202,215,215,228,150,163,163,492,492,492,507,507,557,181,181,181,181],"floor_reached":51,"playtime":2928,"items_purged":["Strike_G+1"],"score":952,"play_id":"a92e6560-7172-422f-89fa-1ac1fcd08470","local_time":"20201217092730","is_ascension_mode":true,"campfire_choices":[{"data":"Neutralize","floor":6.0,"key":"SMITH"},{"floor":8.0,"key":"REST"},{"data":"Bouncing Flask","floor":13.0,"key":"SMITH"},{"floor":15.0,"key":"REST"},{"data":"PiercingWail","floor":23.0,"key":"SMITH"},{"data":"Footwork","floor":27.0,"key":"SMITH"},{"data":"Poisoned Stab","floor":32.0,"key":"SMITH"},{"data":"Noxious Fumes","floor":40.0,"key":"SMITH"},{"floor":42.0,"key":"REST"},{"floor":49,"key":"REST"}],"circlet_count":0,"master_deck":["Strike_G+1","Strike_G+1","Strike_G+1","Defend_G+1","Defend_G+1","Defend_G+1","Defend_G+1","Defend_G+1","Survivor","Neutralize+1","Dodge and Roll","Venomology","Dagger Spray","Bouncing Flask+1","After Image","Footwork+1","PiercingWail+1","Sucker Punch","Poisoned Stab+1","Blur+1","Backflip","Leg Sweep+1","Bane","Corpse Explosion+1","Catalyst","Noxious Fumes+1","Dash+1","All Out Attack+1","Acrobatics+1"],"relics":["Ring of the Snake","Thread and Needle","Pocketwatch","Centennial Puzzle","SacredBark","Sling","Strawberry","Pear","Red Mask","HoveringKite","Old Coin","Molten Egg 2","Girya","Boot","Cauldron"],"acts_visited":["Exordium","TheCity","TheBeyond"],"potions_floor_usage":[50,50,50],"damage_taken":[{"damage":1.0,"enemies":"Jaw Worm","floor":1.0,"turns":4.0},{"damage":2.0,"enemies":"2 Louse","floor":5.0,"turns":5.0},{"damage":70.0,"enemies":"Gremlin Nob","floor":7.0,"turns":7.0},{"damage":0.0,"enemies":"Small Slimes","floor":10.0,"turns":2.0},{"damage":0.0,"enemies":"Looter","floor":12.0,"turns":4.0},{"damage":7.0,"enemies":"Hexaghost","floor":16.0,"turns":10.0},{"damage":0.0,"enemies":"Spheric Guardian","floor":18.0,"turns":3.0},{"damage":2.0,"enemies":"Shell Parasite","floor":20.0,"turns":4.0},{"damage":0.0,"enemies":"Shelled Parasite and Fungi","floor":22.0,"turns":7.0},{"damage":6.0,"enemies":"Snecko","floor":24.0,"turns":6.0},{"damage":17.0,"enemies":"Gremlin Leader","floor":25.0,"turns":7.0},{"damage":0.0,"enemies":"Masked Bandits","floor":28.0,"turns":3.0},{"damage":0.0,"enemies":"Centurion and Healer","floor":30.0,"turns":10.0},{"damage":2.0,"enemies":"Sentry and Sphere","floor":31.0,"turns":6.0},{"damage":50.0,"enemies":"Collector","floor":33.0,"turns":14.0},{"damage":2.0,"enemies":"3 Shapes","floor":35.0,"turns":6.0},{"damage":10.0,"enemies":"3 Darklings","floor":37.0,"turns":4.0},{"damage":28.0,"enemies":"Sphere and 2 Shapes","floor":39.0,"turns":7.0},{"damage":28.0,"enemies":"Reptomancer","floor":41.0,"turns":6.0},{"damage":3.0,"enemies":"Maw","floor":44.0,"turns":8.0},{"damage":0,"enemies":"Mind Bloom Boss Battle","floor":46,"turns":8},{"damage":40,"enemies":"Donu and Deca","floor":50,"turns":10}],"seed_played":"-6051685408864692499","potions_obtained":[{"floor":7.0,"key":"SkillPotion"},{"floor":16.0,"key":"FearPotion"},{"floor":18.0,"key":"DuplicationPotion"},{"floor":20.0,"key":"AttackPotion"},{"floor":24.0,"key":"Poison Potion"},{"floor":28.0,"key":"BlessingOfTheForge"},{"floor":30.0,"key":"Strength Potion"},{"floor":35.0,"key":"Ancient Potion"},{"floor":37.0,"key":"Explosive Potion"},{"floor":39.0,"key":"EntropicBrew"},{"floor":46,"key":"Strength Potion"},{"floor":47,"key":"Dexterity Potion"},{"floor":47,"key":"CultistPotion"}],"is_trial":false,"path_per_floor":["M","$","?","?","M","R","E","R","T","M","$","M","R","?","R","B",null,"M","?","M","$","M","R","M","E","T","R","?","?","M","M","R","B",null,"M","?","M","$","M","R","E","R","T","M","?","?","$","?","R","B",null],"character_chosen":"THE_SILENT","items_purchased":["FairyPotion","Sling","Noxious Fumes","Boot","Cauldron"],"campfire_rested":4,"item_purchase_floors":[2,21,38,47,47],"current_hp_per_floor":[76,76,81,81,79,79,9,33,33,33,33,33,33,30,54,47,82,82,82,80,80,80,80,74,64,74,74,74,74,74,72,72,22,99,97,97,87,87,59,59,31,60,60,57,57,57,57,57,86,46],"gold":181,"neow_bonus":"TEN_PERCENT_HP_BONUS","is_daily":false,"chose_seed":false,"campfire_upgraded":6,"win_rate":0.0,"timestamp":1608193650,"path_taken":["M","$","?","?","M","R","E","R","T","?","$","M","R","?","R","BOSS","M","?","M","$","M","R","M","E","T","R","?","?","M","M","R","BOSS","M","?","?","$","M","R","E","R","T","M","?","?","$","?","R","BOSS"],"items_purchased_type":["Potion","Relic","Card","Relic","Relic"],"build_version":"2020-12-13","purchased_purges":1,"victory":true,"max_hp_per_floor":[77,77,82,82,82,82,82,82,82,82,82,82,82,82,82,82,82,82,82,82,82,82,82,82,89,99,99,99,99,99,99,99,99,99,99,99,99,99,99,99,99,99,99,99,99,99,99,99,99,99],"card_choices":[{"not_picked":["Blade Dance","Outmaneuver","Underhanded Strike"],"picked":"SKIP","floor":1.0},{"not_picked":["Underhanded Strike","Outmaneuver"],"picked":"Dodge and Roll","floor":5.0},{"not_picked":["Underhanded Strike","Outmaneuver"],"picked":"Venomology","floor":7.0},{"not_picked":["Expertise","Prepared"],"picked":"Dagger Spray","floor":10.0},{"not_picked":["Deflect","Dagger Throw"],"picked":"Bouncing Flask","floor":12.0},{"not_picked":["Phantasmal Killer","Unload"],"picked":"After Image","floor":16.0},{"not_picked":["Deflect","Bouncing Flask"],"picked":"Footwork","floor":18.0},{"not_picked":["Leg Sweep","Sucker Punch"],"picked":"PiercingWail","floor":20.0},{"not_picked":["All Out Attack","Expertise"],"picked":"Sucker Punch","floor":22.0},{"not_picked":["Quick Slash+1","Backflip"],"picked":"Poisoned Stab","floor":24.0},{"not_picked":["Setup+1","Backstab+1"],"picked":"Blur+1","floor":25.0},{"not_picked":["Dodge and Roll","Skewer+1"],"picked":"Backflip","floor":28.0},{"not_picked":["Sucker Punch","Acrobatics+1"],"picked":"Leg Sweep+1","floor":30.0},{"not_picked":["Blade Dance","Dash"],"picked":"Bane","floor":31.0},{"not_picked":["Die Die Die","Bullet Time"],"picked":"Corpse Explosion","floor":33.0},{"not_picked":["Sucker Punch+1","Flying Knee","Slice+1"],"picked":"SKIP","floor":35.0},{"not_picked":["Backstab","Sucker Punch+1"],"picked":"Catalyst","floor":37.0},{"not_picked":["Backflip","Backstab","PiercingWail"],"picked":"SKIP","floor":39.0},{"not_picked":["Accuracy+1","Unload"],"picked":"Dash+1","floor":41.0},{"not_picked":["Cloak And Dagger","Footwork"],"picked":"All Out Attack+1","floor":44.0},{"not_picked":["Dagger Spray+1","Skewer+1"],"picked":"Acrobatics+1","floor":46}],"player_experience":208906,"relics_obtained":[{"floor":7.0,"key":"Thread and Needle"},{"floor":9.0,"key":"Pocketwatch"},{"floor":25.0,"key":"Strawberry"},{"floor":26.0,"key":"Pear"},{"floor":28.0,"key":"Red Mask"},{"floor":41.0,"key":"Old Coin"},{"floor":43.0,"key":"Molten Egg 2"},{"floor":46,"key":"Girya"}],"event_choices":[{"damage_healed":0.0,"max_hp_gain":5.0,"max_hp_loss":0.0,"gold_gain":0.0,"event_name":"Big Fish","player_choice":"Donut","floor":3.0,"gold_loss":0.0,"damage_taken":0.0},{"damage_healed":0.0,"max_hp_gain":0.0,"max_hp_loss":0.0,"gold_gain":0.0,"event_name":"Liars Game","player_choice":"Ignored","floor":4.0,"gold_loss":0.0,"damage_taken":0.0},{"damage_healed":0.0,"max_hp_gain":0.0,"max_hp_loss":0.0,"gold_gain":0.0,"event_name":"Scrap Ooze","player_choice":"Success","floor":14.0,"gold_loss":0.0,"damage_taken":3.0,"relics_obtained":["Centennial Puzzle"]},{"damage_healed":0.0,"max_hp_gain":0.0,"max_hp_loss":0.0,"gold_gain":0.0,"event_name":"Back to Basics","player_choice":"Simplicity","floor":19.0,"gold_loss":0.0,"damage_taken":0.0,"cards_upgraded":["Strike_G","Strike_G","Strike_G","Strike_G","Strike_G","Defend_G","Defend_G","Defend_G","Defend_G","Defend_G"]},{"damage_healed":0.0,"max_hp_gain":0.0,"max_hp_loss":0.0,"gold_gain":0.0,"event_name":"Masked Bandits","player_choice":"Fought Bandits","floor":28.0,"gold_loss":0.0,"damage_taken":0.0},{"cards_removed":["Strike_G"],"damage_healed":0.0,"max_hp_gain":0.0,"max_hp_loss":0.0,"gold_gain":0.0,"event_name":"Beggar","player_choice":"Gave Gold","floor":29.0,"gold_loss":75.0,"damage_taken":0.0},{"damage_healed":0.0,"max_hp_gain":0.0,"max_hp_loss":0.0,"gold_gain":0.0,"event_name":"Accursed Blacksmith","player_choice":"Forge","floor":36.0,"gold_loss":0.0,"damage_taken":0.0,"cards_upgraded":["Corpse Explosion"]},{"damage_healed":0,"gold_gain":0,"player_choice":"Ignored","damage_taken":0,"max_hp_gain":0,"max_hp_loss":0,"event_name":"Mysterious Sphere","floor":45,"gold_loss":0},{"damage_healed":0,"gold_gain":0,"player_choice":"Fight","damage_taken":0,"max_hp_gain":0,"max_hp_loss":0,"event_name":"MindBloom","floor":46,"gold_loss":0},{"damage_healed":0,"gold_gain":0,"player_choice":"0 cards matched","damage_taken":0,"max_hp_gain":0,"max_hp_loss":0,"event_name":"Match and Keep!","floor":48,"gold_loss":0,"cards_obtained":[]}],"is_beta":false,"boss_relics":[{"not_picked":["Calling Bell","Ring of the Serpent"],"picked":"SacredBark"},{"not_picked":["Tiny House","Fusion Hammer"],"picked":"HoveringKite"}],"items_purged_floors":[47],"is_endless":false,"potions_floor_spawned":[7,16,18,20,24,28,30,35,37,39,46],"ascension_level":4}}