{"host":"hfxp6ue4pvwo3fit","time":1608180328,"event":{"mods":["AchievementEnabler","BaseMod","Colored Map","Colored Powertips","Highlight Path","Minty Spire (QoL Compilation)","StSLib","SuperFastMode"],"gold_per_floor":[114,64,84,132,149,149,166,166,217,32,46,57,83,100,100,177,177,194,194,119,151,18,18,28,28,106,106,120,130,130,8,8,84,84,101,101,121,35,53,53,81,94,94,94,148,158,158,171,171,171],"floor_reached":51,"playtime":3947,"items_purged":["Writhe","Strike_B","Shame"],"score":1179,"play_id":"60f3523b-f7d5-4cd9-b143-84ed7a5b2e12","local_time":"20201216224528","is_ascension_mode":true,"campfire_choices":[{"data":"Capacitor","floor":6,"key":"SMITH"},{"data":"Self Repair","floor":8,"key":"SMITH"},{"data":"Capacitor","floor":15,"key":"SMITH"},{"data":"Blizzard","floor":23,"key":"SMITH"},{"data":"Consume","floor":27,"key":"SMITH"},{"data":"Defragment","floor":30,"key":"SMITH"},{"data":"Coolheaded","floor":32,"key":"SMITH"},{"data":"Fission","floor":40,"key":"SMITH"},{"data":"Apotheosis","floor":44,"key":"SMITH"},{"data":"Defragment","floor":47,"key":"SMITH"},{"floor":49,"key":"REST"}],"circlet_count":0,"master_deck":["AscendersBane","Strike_B","Strike_B","Strike_B","Defend_B","Defend_B","Defend_B","Defend_B","Zap","Dualcast","Capacitor+1","Self Repair+1","White Noise","Sweeping Beam","Hologram","Beam Cell","Hologram","Glacier","Capacitor+1","Compile Driver","Seek","Loop","Coolheaded+1","Blizzard+1","Defragment+1","Cold Snap","Coolheaded","Consume+1","Fission+1","Glacier","Apotheosis+1","Chaos","Parasite","Creative AI","Defragment+1"],"relics":["Cracked Core","Lizard Tail","Anchor","PreservedInsect","Membership Card","Smiling Mask","Cursed Key","Oddly Smooth Stone","Red Mask","White Beast Statue","Lee\u0027s Waffle","Philosopher\u0027s Stone","Mercury Hourglass","Molten Egg 2","CaptainsWheel"],"acts_visited":["Exordium","TheCity","TheBeyond"],"potions_floor_usage":[16,16,33,42,45,50],"damage_taken":[{"damage":3,"enemies":"2 Louse","floor":1,"turns":3},{"damage":4,"enemies":"Jaw Worm","floor":3,"turns":4},{"damage":6,"enemies":"Cultist","floor":5,"turns":3},{"damage":11,"enemies":"2 Fungi Beasts","floor":7,"turns":4},{"damage":19,"enemies":"Exordium Wildlife","floor":11,"turns":5},{"damage":11,"enemies":"Exordium Thugs","floor":12,"turns":4},{"damage":11,"enemies":"Lagavulin","floor":13,"turns":7},{"damage":15,"enemies":"3 Louse","floor":14,"turns":4},{"damage":22,"enemies":"The Guardian","floor":16,"turns":16},{"damage":17,"enemies":"3 Byrds","floor":18,"turns":6},{"damage":12,"enemies":"2 Thieves","floor":20,"turns":5},{"damage":63,"enemies":"Masked Bandits","floor":21,"turns":9},{"damage":12,"enemies":"Snake Plant","floor":24,"turns":6},{"damage":8,"enemies":"Sentry and Sphere","floor":28,"turns":10},{"damage":0,"enemies":"Chosen and Byrds","floor":29,"turns":6},{"damage":5,"enemies":"Champ","floor":33,"turns":12},{"damage":0,"enemies":"Orb Walker","floor":35,"turns":4},{"damage":16,"enemies":"3 Shapes","floor":37,"turns":7},{"damage":15,"enemies":"Jaw Worm Horde","floor":39,"turns":4},{"damage":0,"enemies":"Giant Head","floor":41,"turns":8},{"damage":49,"enemies":"Transient","floor":42,"turns":5},{"damage":12,"enemies":"2 Orb Walkers","floor":45,"turns":6},{"damage":0,"enemies":"Spire Growth","floor":46,"turns":6},{"damage":11,"enemies":"4 Shapes","floor":48,"turns":6},{"damage":12,"enemies":"Donu and Deca","floor":50,"turns":10}],"seed_played":"1953756676268553022","potions_obtained":[{"floor":3,"key":"Fire Potion"},{"floor":7,"key":"Strength Potion"},{"floor":13,"key":"EssenceOfSteel"},{"floor":21,"key":"SkillPotion"},{"floor":24,"key":"PowerPotion"},{"floor":33,"key":"BlessingOfTheForge"},{"floor":35,"key":"DuplicationPotion"},{"floor":37,"key":"LiquidMemories"},{"floor":42,"key":"SneckoOil"},{"floor":45,"key":"Energy Potion"},{"floor":48,"key":"FairyPotion"}],"is_trial":false,"path_per_floor":["M","?","M","T","M","R","M","R","T","$","M","M","E","M","R","B",null,"M","?","M","?","$","R","M","?","T","R","M","M","R","$","R","B",null,"M","?","M","$","M","R","E","M","T","R","?","M","R","M","R","B",null],"character_chosen":"DEFECT","items_purchased":["Membership Card","Hologram","Beam Cell","Defragment","Cold Snap","Coolheaded","Lee\u0027s Waffle","Chaos"],"campfire_rested":1,"item_purchase_floors":[10,10,10,22,22,22,31,38],"current_hp_per_floor":[61,61,57,57,58,58,47,47,47,47,38,47,46,41,41,29,61,54,54,52,39,39,39,37,24,24,24,26,26,26,83,83,83,83,83,83,77,77,72,72,82,43,43,43,31,41,41,30,54,52],"gold":171,"neow_bonus":"ONE_RARE_RELIC","is_daily":false,"chose_seed":false,"campfire_upgraded":10,"win_rate":0.0,"timestamp":1608180328,"path_taken":["M","?","M","?","M","R","M","R","T","$","M","?","E","M","R","BOSS","M","?","M","?","$","R","M","?","T","R","M","?","R","$","R","BOSS","M","?","M","$","M","R","E","M","T","R","?","M","R","M","R","BOSS"],"items_purchased_type":["Relic","Card","Card","Card","Card","Card","Relic","Card"],"build_version":"2020-12-13","purchased_purges":3,"victory":true,"max_hp_per_floor":[71,71,71,71,71,71,71,71,71,71,71,71,71,71,71,71,71,71,71,71,71,71,71,71,76,76,76,76,76,76,83,83,83,83,83,83,83,83,83,83,83,83,83,83,83,83,83,83,83,83],"card_choices":[{"not_picked":["Chaos","Tempest"],"picked":"Capacitor","floor":1},{"not_picked":["Tempest","Rebound"],"picked":"Self Repair","floor":3},{"not_picked":["Sunder","Static Discharge"],"picked":"White Noise","floor":5},{"not_picked":["Undo","White Noise"],"picked":"Sweeping Beam","floor":7},{"not_picked":["Fusion","Sweeping Beam"],"picked":"Hologram","floor":11},{"not_picked":["Hello World","BootSequence"],"picked":"Glacier","floor":12},{"not_picked":["Double Energy","Streamline"],"picked":"Capacitor","floor":13},{"not_picked":["Beam Cell","Conserve Battery"],"picked":"Compile Driver","floor":14},{"not_picked":["Amplify","Thunder Strike"],"picked":"Seek","floor":16},{"not_picked":["Hologram","Force Field"],"picked":"Loop","floor":18},{"not_picked":["Turbo","Aggregate"],"picked":"Coolheaded","floor":20},{"not_picked":["Streamline","Double Energy+1"],"picked":"Blizzard","floor":21},{"not_picked":["Heatsinks","BootSequence+1"],"picked":"Consume","floor":24},{"not_picked":["Gash","Go for the Eyes","Steam Power"],"picked":"SKIP","floor":28},{"not_picked":["Aggregate","Biased Cognition","Steam Power"],"picked":"SKIP","floor":29},{"not_picked":["Thunder Strike","Seek"],"picked":"Fission","floor":33},{"not_picked":["Steam+1","Compile Driver"],"picked":"Glacier","floor":35},{"not_picked":["Panacea","Impatience"],"picked":"Apotheosis","floor":36},{"not_picked":["Turbo","Beam Cell","Go for the Eyes"],"picked":"SKIP","floor":37},{"not_picked":["Undo","Sweeping Beam","Blizzard"],"picked":"SKIP","floor":39},{"not_picked":["Leap+1","Conserve Battery","Force Field"],"picked":"SKIP","floor":41},{"not_picked":["Stack","Gash+1","Blizzard"],"picked":"SKIP","floor":42},{"not_picked":["Rebound+1","Streamline+1"],"picked":"Creative AI","floor":45},{"not_picked":["Hologram","Reinforced Body"],"picked":"Defragment","floor":46},{"not_picked":["Rebound+1","Stack","Double Energy+1"],"picked":"SKIP","floor":48}],"player_experience":375966,"relics_obtained":[{"floor":4,"key":"Anchor"},{"floor":9,"key":"PreservedInsect"},{"floor":13,"key":"Smiling Mask"},{"floor":21,"key":"Red Mask"},{"floor":26,"key":"White Beast Statue"},{"floor":41,"key":"Mercury Hourglass"},{"floor":43,"key":"Molten Egg 2"},{"floor":45,"key":"CaptainsWheel"}],"event_choices":[{"cards_removed":["Doubt"],"damage_healed":0,"gold_gain":0,"player_choice":"Card Removal","damage_taken":0,"max_hp_gain":0,"max_hp_loss":0,"event_name":"The Cleric","floor":2,"gold_loss":50},{"damage_healed":0,"gold_gain":0,"player_choice":"Opened","damage_taken":0,"relics_obtained":["Oddly Smooth Stone"],"max_hp_gain":0,"max_hp_loss":0,"event_name":"The Mausoleum","floor":19,"gold_loss":0,"cards_obtained":["Writhe"]},{"damage_healed":0,"gold_gain":0,"player_choice":"Fought Bandits","damage_taken":0,"max_hp_gain":0,"max_hp_loss":0,"event_name":"Masked Bandits","floor":21,"gold_loss":0},{"damage_healed":0,"gold_gain":0,"player_choice":"Shed Blood","damage_taken":18,"max_hp_gain":5,"max_hp_loss":0,"event_name":"Forgotten Altar","floor":25,"gold_loss":0},{"damage_healed":0,"gold_gain":0,"player_choice":"Memory 1","damage_taken":0,"max_hp_gain":0,"max_hp_loss":0,"event_name":"SensoryStone","floor":36,"gold_loss":0},{"damage_healed":0,"gold_gain":0,"player_choice":"Fight","damage_taken":0,"max_hp_gain":0,"max_hp_loss":0,"event_name":"Mysterious Sphere","floor":45,"gold_loss":0}],"is_beta":false,"boss_relics":[{"not_picked":["SacredBark","Coffee Dripper"],"picked":"Cursed Key"},{"not_picked":["Astrolabe","Calling Bell"],"picked":"Philosopher\u0027s Stone"}],"items_purged_floors":[22,31,38],"is_endless":false,"potions_floor_spawned":[3,7,12,13,14,21,24,28,29,33,35,37,39,41,42,45,46,48],"ascension_level":14}}