{"host":"99ad87xtd5ypi7ii","time":1608163210,"event":{"mods":["BaseMod","Hermit","Highlight Path","Marisa????????","Minty Spire (QoL Compilation)","Robot Space Explorer","StSLib","The Bladedancer","The Construct","The Cursed","The Disciple","The Elementalist","The Gatherer","The Hierophant","The Runesmith","The Servant 0.9.4","TheVacant"],"gold_per_floor":[119,138,166,184,234,234,262,262,285,285,285,285,316,359,359,359,359],"floor_reached":16,"playtime":1255,"items_purged":[],"score":102,"play_id":"74779927-b6c6-464b-bc61-81d1671f5b06","local_time":"20201217010010","is_ascension_mode":false,"campfire_choices":[{"data":"hierophant:ChurchCoffers","floor":6,"key":"SMITH"},{"data":"hierophant:Doubloon","floor":8,"key":"SMITH"},{"data":"hierophant:Punish","floor":12,"key":"SMITH"},{"data":"hierophant:Doubloon","floor":15,"key":"SMITH"}],"circlet_count":0,"master_deck":["hierophant:Strike_Hierophant","hierophant:Strike_Hierophant","hierophant:Strike_Hierophant","hierophant:Strike_Hierophant","hierophant:Punish+1","hierophant:Defend_Hierophant+1","hierophant:Defend_Hierophant","hierophant:Defend_Hierophant","hierophant:Defend_Hierophant+1","hierophant:ChurchCoffers+1","hierophant:RepressedViolence","hierophant:Doubloon+1","hierophant:Patience","hierophant:OrnateBuckler","hierophant:PassingBell+1","hierophant:Doubloon","hierophant:Dazzle","hierophant:Doubloon+1","hierophant:Dazzle"],"relics":["hierophant:PropheticMaskRelic","War Paint","elementalistmod:RedRibbon","Vajra"],"acts_visited":["Exordium"],"potions_floor_usage":[4,16],"damage_taken":[{"damage":0,"enemies":"Small Slimes","floor":1,"turns":5},{"damage":0,"enemies":"2 Louse","floor":2,"turns":2},{"damage":6,"enemies":"Jaw Worm","floor":3,"turns":3},{"damage":29,"enemies":"Large Slime","floor":4,"turns":9},{"damage":2,"enemies":"Blue Slaver","floor":7,"turns":6},{"damage":0,"enemies":"Red Slaver","floor":13,"turns":3},{"damage":9,"enemies":"3 Sentries","floor":14,"turns":6},{"damage":37,"enemies":"Hexaghost","floor":16,"turns":11}],"seed_played":"5838286229499460929","potions_obtained":[{"floor":2,"key":"Explosive Potion"},{"floor":4,"key":"AttackPotion"}],"is_trial":false,"path_per_floor":["M","M","M","M","?","R","M","R","T","?","?","R","M","E","R","B"],"character_chosen":"HIEROPHANT","items_purchased":[],"campfire_rested":0,"item_purchase_floors":[],"current_hp_per_floor":[82,82,76,47,47,47,45,45,45,45,45,45,45,36,36,0,0],"gold":359,"neow_bonus":"TEN_PERCENT_HP_BONUS","is_daily":false,"chose_seed":false,"campfire_upgraded":4,"win_rate":0.0,"timestamp":1608163210,"path_taken":["M","M","M","M","?","R","M","R","T","?","?","R","M","E","R","BOSS"],"items_purchased_type":[],"build_version":"2020-12-13","purchased_purges":0,"victory":false,"max_hp_per_floor":[82,82,82,82,82,82,82,82,82,82,82,82,82,82,82,82,82],"card_choices":[{"not_picked":["hierophant:Shelter","hierophant:HolyVerse"],"picked":"hierophant:RepressedViolence","floor":1},{"not_picked":["hierophant:DisplayOfPower","hierophant:Zeal"],"picked":"hierophant:Doubloon","floor":2},{"not_picked":["hierophant:FieryStrike","hierophant:SealAway"],"picked":"hierophant:Patience","floor":3},{"not_picked":["hierophant:Martyrdom","hierophant:HammerAndAnvil"],"picked":"hierophant:OrnateBuckler","floor":4},{"not_picked":["hierophant:DisplayOfPower","hierophant:Flagellation"],"picked":"hierophant:PassingBell","floor":7},{"not_picked":["hierophant:Mercenaries","hierophant:LocustPlague"],"picked":"hierophant:Dazzle","floor":13},{"not_picked":["hierophant:Zeal","hierophant:FlamingChariot"],"picked":"hierophant:Dazzle","floor":14}],"player_experience":763173,"relics_obtained":[{"floor":9,"key":"War Paint"},{"floor":14,"key":"Vajra"}],"event_choices":[{"damage_healed":0,"gold_gain":0,"player_choice":"Grow","damage_taken":0,"max_hp_gain":0,"max_hp_loss":0,"event_name":"Living Wall","floor":11,"gold_loss":0,"cards_upgraded":["hierophant:PassingBell"]}],"is_beta":false,"boss_relics":[],"items_purged_floors":[],"is_endless":false,"potions_floor_spawned":[2,4],"killed_by":"Hexaghost","ascension_level":0}}