{"host":"utqe55yv0jihe4d6","time":1608174147,"event":{"mods":["2.2 Compatiblity","AchievementEnabler","BaseMod","Block Reminder","Colored Map","Colored Powertips","Minty Spire (QoL Compilation)","Quick Restart","Rare Cards Sparkle","Relic Stats","SuperFastMode"],"gold_per_floor":[20,33,50,50,69,69,69,82,82,114,189,189,205,223,223,302,302,320,320,347,427,53,53,53,85,85,112,128,128,178,178,178,251,251,268,66,86,135,152,185,205,205,205,205,224,257,479,489,489,489,489],"floor_reached":50,"playtime":1796,"items_purged":["Strike_G"],"score":1105,"play_id":"8f5fb6ea-ec1b-47ae-bf69-364d8f8f1aed","local_time":"20201216220227","is_ascension_mode":true,"campfire_choices":[{"data":"Poisoned Stab","floor":6.0,"key":"SMITH"},{"floor":12.0,"key":"REST"},{"data":"Sadistic Nature","floor":15.0,"key":"SMITH"},{"floor":23,"key":"REST"},{"floor":29,"key":"REST"},{"data":"After Image","floor":32,"key":"SMITH"},{"floor":42,"key":"RECALL"},{"floor":44,"key":"REST"},{"data":"Bouncing Flask","floor":49,"key":"SMITH"}],"circlet_count":0,"master_deck":["AscendersBane","Defend_G","Defend_G","Defend_G+1","Defend_G","Defend_G+1","Survivor+1","Neutralize+1","Sadistic Nature+1","Poisoned Stab+1","Dash","Quick Slash+1","Backstab","Adrenaline","Glass Knife","Bouncing Flask+1","PiercingWail+1","Ghostly+1","Ghostly+1","Ghostly+1","Dash+1","Crippling Poison+1","After Image+1","Calculated Gamble+1","Corpse Explosion+1","Backflip+1","Acrobatics+1","Acrobatics+1","Footwork+1","Backflip+1","Decay","Crippling Poison+1","Adrenaline+1"],"relics":["Ring of the Snake","War Paint","Tiny Chest","Empty Cage","Red Mask","Molten Egg 2","Toxic Egg 2","Matryoshka","Potion Belt","Mercury Hourglass","Ninja Scroll","Snake Skull","Happy Flower","Cursed Key","Lee\u0027s Waffle","Torii","Kunai","Girya"],"acts_visited":["Exordium","TheCity","TheBeyond"],"potions_floor_usage":[20,27,36,39,46],"damage_taken":[{"damage":12.0,"enemies":"Cultist","floor":1.0,"turns":5.0},{"damage":2.0,"enemies":"2 Louse","floor":2.0,"turns":4.0},{"damage":2.0,"enemies":"Jaw Worm","floor":3.0,"turns":3.0},{"damage":1.0,"enemies":"Looter","floor":5.0,"turns":4.0},{"damage":0.0,"enemies":"Large Slime","floor":8.0,"turns":4.0},{"damage":3.0,"enemies":"Gremlin Nob","floor":10.0,"turns":3.0},{"damage":1.0,"enemies":"3 Louse","floor":13.0,"turns":3.0},{"damage":0.0,"enemies":"Blue Slaver","floor":14.0,"turns":2.0},{"damage":11.0,"enemies":"The Guardian","floor":16.0,"turns":13.0},{"damage":11.0,"enemies":"Shell Parasite","floor":18.0,"turns":4.0},{"damage":29,"enemies":"Masked Bandits","floor":20,"turns":5},{"damage":2,"enemies":"Book of Stabbing","floor":25,"turns":6},{"damage":3,"enemies":"Slavers","floor":27,"turns":5},{"damage":3,"enemies":"3 Byrds","floor":28,"turns":3},{"damage":30,"enemies":"Automaton","floor":33,"turns":11},{"damage":0,"enemies":"3 Shapes","floor":35,"turns":4},{"damage":0,"enemies":"3 Darklings","floor":37,"turns":3},{"damage":2,"enemies":"2 Orb Walkers","floor":38,"turns":4},{"damage":7,"enemies":"Sphere and 2 Shapes","floor":39,"turns":6},{"damage":7,"enemies":"Nemesis","floor":40,"turns":7},{"damage":0,"enemies":"Jaw Worm Horde","floor":41,"turns":5},{"damage":0,"enemies":"3 Darklings","floor":45,"turns":2},{"damage":1,"enemies":"Reptomancer","floor":46,"turns":6},{"damage":0,"enemies":"Sphere and 2 Shapes","floor":48,"turns":5},{"damage":47,"enemies":"Time Eater","floor":50,"turns":15}],"seed_played":"-762912369756235955","potions_obtained":[{"floor":3.0,"key":"PowerPotion"},{"floor":5.0,"key":"Fire Potion"},{"floor":10.0,"key":"Strength Potion"},{"floor":16.0,"key":"FearPotion"},{"floor":25,"key":"Strength Potion"},{"floor":33,"key":"GamblersBrew"},{"floor":35,"key":"Fruit Juice"},{"floor":37,"key":"PowerPotion"},{"floor":39,"key":"Weak Potion"},{"floor":45,"key":"SmokeBomb"},{"floor":48,"key":"PowerPotion"}],"is_trial":false,"path_per_floor":["M","M","M","?","M","R","?","M","T","E","?","R","M","M","R","B",null,"M","?","?","T","$","R","?","E","T","E","M","R","T","?","R","B",null,"M","$","M","?","M","E","M","R","T","R","M","E","?","M","R","B"],"character_chosen":"THE_SILENT","items_purchased":["Toxic Egg 2","PiercingWail+1","Acrobatics+1","Lee\u0027s Waffle"],"campfire_rested":4,"item_purchase_floors":[22,22,36,36],"current_hp_per_floor":[47,45,43,43,42,42,22,22,22,19,8,27,26,26,26,15,53,42,42,13,13,13,32,32,30,30,27,24,33,33,33,33,3,26,26,45,45,43,36,29,29,29,29,42,42,41,41,41,41,0,0],"gold":489,"neow_bonus":"RANDOM_COLORLESS_2","is_daily":false,"chose_seed":false,"campfire_upgraded":4,"win_rate":0.0,"timestamp":1608174147,"path_taken":["M","M","?","?","M","R","?","M","T","E","?","R","M","M","R","BOSS","M","?","?","?","?","R","?","E","T","E","?","R","?","?","R","BOSS","M","$","M","?","M","E","M","R","T","R","M","E","?","M","R","BOSS"],"items_purchased_type":["Relic","Card","Card","Relic"],"build_version":"2020-12-13","purchased_purges":1,"victory":false,"max_hp_per_floor":[66,66,66,66,66,66,66,66,66,66,66,66,66,66,66,66,66,66,66,66,66,66,66,33,33,33,33,33,33,33,33,33,33,33,33,45,45,45,45,45,45,45,45,45,45,45,45,45,45,45,45],"relic_stats":{"Lee\u0027s Waffle":14,"Happy Flower":[22],"Torii":4,"counters":[25,131],"Tiny Chest":2,"Snake Skull":[73],"Kunai":[8],"War Paint":["Survivor","Defend_G"],"Cursed Key":1,"obtain_stats":[{"Potion Belt":26,"Girya":46,"Lee\u0027s Waffle":36,"Happy Flower":30,"Torii":38,"Snake Skull":30,"War Paint":9,"Empty Cage":17,"Cursed Key":34,"Mercury Hourglass":26,"Matryoshka":25,"Ninja Scroll":27,"Tiny Chest":10,"Molten Egg 2":21,"Red Mask":20,"Kunai":40,"Toxic Egg 2":22,"Ring of the Snake":0},{"Potion Belt":12,"Girya":23,"Lee\u0027s Waffle":16,"Happy Flower":14,"Torii":18,"Snake Skull":14,"War Paint":5,"Empty Cage":9,"Cursed Key":15,"Mercury Hourglass":12,"Matryoshka":12,"Ninja Scroll":13,"Tiny Chest":6,"Molten Egg 2":11,"Red Mask":11,"Kunai":20,"Toxic Egg 2":11,"Ring of the Snake":0},{"Potion Belt":56,"Girya":111,"Lee\u0027s Waffle":78,"Happy Flower":64,"Torii":85,"Snake Skull":64,"War Paint":20,"Empty Cage":41,"Cursed Key":75,"Mercury Hourglass":56,"Matryoshka":56,"Ninja Scroll":61,"Tiny Chest":23,"Molten Egg 2":50,"Red Mask":50,"Kunai":98,"Toxic Egg 2":50,"Ring of the Snake":0}],"Ring of the Snake":[50],"Mercury Hourglass":[317]},"card_choices":[{"not_picked":["Chrysalis","Metamorphosis"],"picked":"Sadistic Nature","floor":0.0},{"not_picked":["Finisher","Accuracy"],"picked":"Poisoned Stab","floor":1.0},{"not_picked":["Acrobatics","Cloak And Dagger"],"picked":"Dash","floor":2.0},{"not_picked":["Bane","Sucker Punch"],"picked":"Quick Slash","floor":3.0},{"not_picked":["Bullet Time","Dash"],"picked":"Backstab","floor":5.0},{"not_picked":["Distraction","Eviscerate","Concentrate"],"picked":"SKIP","floor":8.0},{"not_picked":["Calculated Gamble","Masterful Stab"],"picked":"Adrenaline","floor":10.0},{"not_picked":["Bane","Backflip","Deflect"],"picked":"SKIP","floor":13.0},{"not_picked":["Poisoned Stab","Backflip","Expertise"],"picked":"SKIP","floor":14.0},{"not_picked":["Doppelganger","Unload"],"picked":"Glass Knife","floor":16.0},{"not_picked":["Acrobatics","Setup","Underhanded Strike"],"picked":"SKIP","floor":18.0},{"not_picked":["Blade Dance","Endless Agony+1"],"picked":"Bouncing Flask","floor":20},{"not_picked":["Poisoned Stab+1","Endless Agony+1","Bane+1"],"picked":"SKIP","floor":25},{"not_picked":["Endless Agony+1","Grand Finale+1"],"picked":"Dash+1","floor":27},{"not_picked":["Dodge and Roll+1","Quick Slash+1"],"picked":"Crippling Poison+1","floor":28},{"not_picked":["Grand Finale+1","Glass Knife+1"],"picked":"Corpse Explosion+1","floor":33},{"not_picked":["Dagger Throw+1","Heel Hook+1"],"picked":"Backflip+1","floor":35},{"not_picked":["Skewer+1","Prepared+1","Underhanded Strike+1"],"picked":"SKIP","floor":37},{"not_picked":["Unload+1","Blade Dance+1"],"picked":"Acrobatics+1","floor":38},{"not_picked":["Dodge and Roll+1","Tactician+1","Prepared+1"],"picked":"SKIP","floor":39},{"not_picked":["Dagger Spray+1","Deflect+1"],"picked":"Footwork+1","floor":40},{"not_picked":["Blade Dance+1","Concentrate+1"],"picked":"Backflip+1","floor":41},{"not_picked":["Quick Slash+1","Deadly Poison+1","Sucker Punch+1"],"picked":"SKIP","floor":45},{"not_picked":["Setup+1","Dodge and Roll+1"],"picked":"Crippling Poison+1","floor":46},{"not_picked":["Acrobatics+1","PiercingWail+1"],"picked":"Adrenaline+1","floor":48}],"player_experience":2777812,"relics_obtained":[{"floor":9.0,"key":"War Paint"},{"floor":10.0,"key":"Tiny Chest"},{"floor":20,"key":"Red Mask"},{"floor":21,"key":"Molten Egg 2"},{"floor":25,"key":"Matryoshka"},{"floor":26,"key":"Potion Belt"},{"floor":26,"key":"Mercury Hourglass"},{"floor":27,"key":"Ninja Scroll"},{"floor":30,"key":"Snake Skull"},{"floor":30,"key":"Happy Flower"},{"floor":38,"key":"Torii"},{"floor":40,"key":"Kunai"},{"floor":46,"key":"Girya"}],"event_choices":[{"damage_healed":0.0,"max_hp_gain":0.0,"max_hp_loss":0.0,"gold_gain":0.0,"event_name":"Living Wall","player_choice":"Grow","floor":4.0,"gold_loss":0.0,"damage_taken":0.0,"cards_upgraded":["Neutralize"]},{"damage_healed":0.0,"max_hp_gain":0.0,"max_hp_loss":0.0,"gold_gain":0.0,"event_name":"Shining Light","player_choice":"Entered Light","floor":7.0,"gold_loss":0.0,"damage_taken":20.0,"cards_upgraded":["Quick Slash","Defend_G"]},{"damage_healed":0.0,"max_hp_gain":0.0,"max_hp_loss":0.0,"gold_gain":75.0,"event_name":"World of Goop","player_choice":"Gather Gold","floor":11.0,"gold_loss":0.0,"damage_taken":11.0},{"damage_healed":0.0,"max_hp_gain":0.0,"max_hp_loss":0.0,"gold_gain":0.0,"event_name":"Vampires","player_choice":"Ignored","floor":19.0,"gold_loss":0.0,"damage_taken":0.0},{"damage_healed":0,"gold_gain":0,"player_choice":"Fought Bandits","damage_taken":0,"max_hp_gain":0,"max_hp_loss":0,"event_name":"Masked Bandits","floor":20,"gold_loss":0},{"damage_healed":0,"gold_gain":0,"player_choice":"Became a Ghost","damage_taken":0,"max_hp_gain":0,"max_hp_loss":33,"event_name":"Ghosts","floor":24,"gold_loss":0,"cards_obtained":["Ghostly","Ghostly","Ghostly"]},{"damage_healed":0,"gold_gain":0,"cards_transformed":["Strike_G","Strike_G"],"player_choice":"Became Test Subject","damage_taken":0,"max_hp_gain":0,"max_hp_loss":0,"event_name":"Drug Dealer","floor":31,"gold_loss":0,"cards_obtained":["After Image","Calculated Gamble"]},{"damage_healed":0,"gold_gain":0,"player_choice":"Fight","damage_taken":0,"max_hp_gain":0,"max_hp_loss":0,"event_name":"Mysterious Sphere","floor":38,"gold_loss":0},{"damage_healed":0,"gold_gain":222,"player_choice":"Wore Mask","damage_taken":0,"max_hp_gain":0,"max_hp_loss":0,"event_name":"Tomb of Lord Red Mask","floor":47,"gold_loss":0}],"is_beta":false,"boss_relics":[{"not_picked":["Velvet Choker","Ring of the Serpent"],"picked":"Empty Cage"},{"not_picked":["Pandora\u0027s Box","Coffee Dripper"],"picked":"Cursed Key"}],"items_purged_floors":[22],"is_endless":false,"potions_floor_spawned":[3,5,10,16,25,33,35,37,39,45,48],"killed_by":"Time Eater","ascension_level":20}}