{"host":"dcj2yvrgcvh5dl2s","time":1608245931,"event":{"mods":["BaseMod","Better Note","Block Reminder","Colored Powertips","DeckTracker","Minty Spire (QoL Compilation)","Quick Restart","Rare Cards Sparkle","Relic Stats","StSLib"],"gold_per_floor":[117,117,117,42,57,100,100,114,114,135,176,176,201,220,220,344,344,367,0,14,37,37,37],"floor_reached":22,"playtime":563,"items_purged":["Regret","Writhe"],"score":307,"play_id":"59463019-c245-40f4-ac98-feb7848f8692","local_time":"20201218085851","is_ascension_mode":true,"campfire_choices":[{"data":"Infernal Blade","floor":7,"key":"SMITH"},{"floor":12,"key":"REST"},{"floor":15,"key":"REST"}],"circlet_count":0,"master_deck":["AscendersBane","Strike_R","Strike_R","Strike_R","Strike_R","Strike_R","Defend_R","Defend_R","Defend_R","Defend_R","Bash","Cleave","Infernal Blade+1","Heavy Blade","Double Tap","Flex","Pommel Strike","Carnage","Offering","Feel No Pain+1","Intimidate","Metallicize+1"],"relics":["Burning Blood","FossilizedHelix","Frozen Egg 2","Golden Idol","Pear","Kunai","Nunchaku","Sozu","Sling"],"acts_visited":["Exordium","TheCity"],"potions_floor_usage":[6,11,13],"damage_taken":[{"damage":1,"enemies":"Jaw Worm","floor":1,"turns":4},{"damage":0,"enemies":"2 Louse","floor":5,"turns":2},{"damage":49,"enemies":"Lagavulin","floor":6,"turns":9},{"damage":0,"enemies":"Cultist","floor":8,"turns":3},{"damage":24,"enemies":"3 Louse","floor":10,"turns":3},{"damage":24,"enemies":"Gremlin Nob","floor":11,"turns":4},{"damage":0,"enemies":"Large Slime","floor":13,"turns":4},{"damage":8,"enemies":"Exordium Wildlife","floor":14,"turns":2},{"damage":64,"enemies":"The Guardian","floor":16,"turns":12},{"damage":26,"enemies":"Shell Parasite","floor":18,"turns":4},{"damage":4,"enemies":"Spheric Guardian","floor":20,"turns":3},{"damage":23,"enemies":"3 Cultists","floor":21,"turns":6},{"damage":32,"enemies":"Snake Plant","floor":22,"turns":2}],"seed_played":"-4572826927875395563","potions_obtained":[{"floor":5,"key":"EssenceOfSteel"},{"floor":8,"key":"Energy Potion"},{"floor":10,"key":"ElixirPotion"},{"floor":11,"key":"Block Potion"}],"is_trial":false,"path_per_floor":["M","?","?","$","M","E","R","M","T","M","E","R","M","M","R","B",null,"M","$","M","M","M"],"character_chosen":"IRONCLAD","items_purchased":["Sling","Feel No Pain+1","Intimidate"],"campfire_rested":2,"item_purchase_floors":[19,19,19],"current_hp_per_floor":[77,77,74,74,74,41,41,47,47,29,11,36,42,40,65,7,65,45,45,47,30,0,0],"gold":37,"neow_bonus":"ONE_RARE_RELIC","is_daily":false,"chose_seed":false,"campfire_upgraded":1,"win_rate":0.0,"timestamp":1608245931,"path_taken":["M","?","?","$","M","E","R","?","T","M","E","R","M","M","R","BOSS","M","$","M","?","M"],"items_purchased_type":["Relic","Card","Card"],"build_version":"2020-12-13","purchased_purges":2,"victory":false,"max_hp_per_floor":[80,80,74,74,74,84,84,84,84,84,84,84,84,84,84,84,84,84,84,84,84,84,84],"relic_stats":{"Sozu":2,"Nunchaku":[7],"counters":[13,58],"Golden Idol":74,"Kunai":[15],"obtain_stats":[{"Sozu":17,"Nunchaku":11,"Pear":6,"Golden Idol":3,"Kunai":9,"Frozen Egg 2":2,"Sling":19,"Burning Blood":0,"FossilizedHelix":0},{"Sozu":9,"Nunchaku":6,"Pear":3,"Golden Idol":1,"Kunai":4,"Frozen Egg 2":1,"Sling":10,"Burning Blood":0,"FossilizedHelix":0},{"Sozu":43,"Nunchaku":25,"Pear":15,"Golden Idol":4,"Kunai":18,"Frozen Egg 2":4,"Sling":47,"Burning Blood":0,"FossilizedHelix":0}],"Burning Blood":66},"card_choices":[{"not_picked":["Dark Embrace","Power Through"],"picked":"Cleave","floor":1},{"not_picked":["Dark Embrace+1","Armaments","Dropkick"],"picked":"SKIP","floor":5},{"not_picked":["Warcry","Searing Blow"],"picked":"Infernal Blade","floor":6},{"not_picked":["Ghostly Armor","Clothesline"],"picked":"Heavy Blade","floor":8},{"not_picked":["Twin Strike","Intimidate"],"picked":"Double Tap","floor":10},{"not_picked":["Sentinel","Body Slam"],"picked":"Flex","floor":11},{"not_picked":["Spot Weakness","Rampage"],"picked":"Pommel Strike","floor":13},{"not_picked":["Fire Breathing+1","Body Slam"],"picked":"Carnage","floor":14},{"not_picked":["Feed","Double Tap"],"picked":"Offering","floor":16},{"not_picked":["Dark Embrace+1","Clash","Anger"],"picked":"SKIP","floor":18},{"not_picked":["Clash","Pommel Strike"],"picked":"Metallicize+1","floor":20},{"not_picked":["Headbutt","Bloodletting","Havoc"],"picked":"SKIP","floor":21}],"player_experience":1977069,"relics_obtained":[{"floor":6,"key":"Pear"},{"floor":9,"key":"Kunai"},{"floor":11,"key":"Nunchaku"}],"event_choices":[{"damage_healed":0,"gold_gain":0,"player_choice":"Box","damage_taken":0,"relics_obtained":["Frozen Egg 2"],"max_hp_gain":0,"max_hp_loss":0,"event_name":"Big Fish","floor":2,"gold_loss":0,"cards_obtained":["Regret"]},{"damage_healed":0,"gold_gain":0,"player_choice":"Lose Max HP","damage_taken":0,"relics_obtained":["Golden Idol"],"max_hp_gain":0,"max_hp_loss":6,"event_name":"Golden Idol","floor":3,"gold_loss":0}],"is_beta":false,"boss_relics":[{"not_picked":["Fusion Hammer","Mark of Pain"],"picked":"Sozu"}],"items_purged_floors":[4,19],"is_endless":false,"potions_floor_spawned":[5,8,10,11,18,21],"killed_by":"Snake Plant","ascension_level":11}}