{"host":"kyy1kus4tsuq869y","time":1608216063,"event":{"mods":["BaseMod","Downfall","GifTheSpireLib","HololiveMod","Hubris","Jorbs\u0027s Wanderer Trilogy","Marisa£®ÏF”Í°°ƒß¿Ì…≥£©","Minty Spire (QoL Compilation)","Quick Restart","READ ME - Guardian Mod","READ ME - Snecko Mod","Reimu£®≤©¿ˆ¡È√Œ£©","Remilia£®¿Ÿ√◊¿Ú—«£©","Replay The Spire","StSLib","Td1madao Mod","The Administrix","The Animator","The Bug Knight","The Construct","The Cursed","The Hierophant","The Runesmith","The Senshi","The Servant 0.9.4","Youmu£®ªÍ∆«—˝√Œ£©"],"gold_per_floor":[119,119,129,129,129,160,180,191,191,191,48,48,48,79,79,156,156,167,177,177,90,109,109,109],"floor_reached":23,"playtime":1185,"items_purged":[],"score":448,"play_id":"0afba6a9-9ecb-4d19-835f-09f4e5d339bf","local_time":"20201217224103","is_ascension_mode":true,"campfire_choices":[{"data":"expansioncontent:DashGenerateEvil","floor":10.0,"key":"SMITH"},{"data":"Fire Breathing","floor":12.0,"key":"SMITH"},{"floor":15.0,"key":"REST"}],"circlet_count":0,"master_deck":["AscendersBane","Strike_R","Strike_R","Strike_R","Strike_R","Strike_R","Defend_R","Defend_R","Defend_R","Defend_R","Bash","Decay","expansioncontent:DashGenerateEvil+1","Dark Shackles","Panacea","Evolve","Fire Breathing+1","Wild Strike","Impervious+1","Offering+1","Flex+1","Fire Breathing","Fire Breathing","Eclipse+1"],"relics":["Burning Blood","NeowsBlessing","Replay:Multitool","Replay:Wax Seal","Sling","ReplayTheSpireMod:ShopPack","Darkstone Periapt","hubris:ToyBattleship","Blue Candle","hubris:CuriousFeather","HornCleat","Toxic Egg 2","Black Star","hubris:Icosahedron"],"acts_visited":["Exordium","TheCity"],"potions_floor_usage":[],"damage_taken":[{"damage":0.0,"enemies":"Jaw Worm","floor":1.0,"turns":1.0},{"damage":0.0,"enemies":"Cultist","floor":3.0,"turns":1.0},{"damage":0.0,"enemies":"Lagavulin","floor":6.0,"turns":1.0},{"damage":8.0,"enemies":"2 Louse","floor":7.0,"turns":3.0},{"damage":15.0,"enemies":"Red Slaver","floor":8.0,"turns":3.0},{"damage":2.0,"enemies":"3 Sentries","floor":14.0,"turns":4.0},{"damage":49.0,"enemies":"Fading Forest","floor":16.0,"turns":13.0},{"damage":42.0,"enemies":"3 Byrds","floor":18.0,"turns":5.0},{"damage":13.0,"enemies":"Spheric Guardian","floor":19.0,"turns":5.0},{"damage":2.0,"enemies":"Centurion and Healer","floor":22.0,"turns":5.0},{"damage":25,"enemies":"Slavers","floor":23,"turns":3}],"seed_played":"-4100014660869494984","potions_obtained":[{"floor":3.0,"key":"Energy Potion"},{"floor":8.0,"key":"Strength Potion"},{"floor":16.0,"key":"Energy Potion"},{"floor":19.0,"key":"Elixir"}],"is_trial":false,"path_per_floor":["M","?","M","?","$","E","M","M","T","R","$","R","?","E","R","B",null,"M","M","?","$","M","E"],"character_chosen":"IRONCLAD","items_purchased":["Replay:Wax Seal","Sling","ReplayTheSpireMod:ShopPack","Darkstone Periapt","hubris:ToyBattleship","Fire Breathing","Wild Strike","Fire Breathing"],"campfire_rested":1,"item_purchase_floors":[5,5,5,5,5,11,11,21],"current_hp_per_floor":[74,74,75,64,15,21,19,10,10,10,10,10,10,14,36,13,60,24,17,17,17,21,0,0],"gold":109,"neow_bonus":"THREE_ENEMY_KILL","is_daily":false,"chose_seed":false,"campfire_upgraded":2,"win_rate":0.0,"timestamp":1608216063,"path_taken":["M","?","?","?","?","E","M","M","T","R","$","R","?","E","R","BOSS","M","M","?","$","M","E"],"items_purchased_type":["Relic","Relic","Relic","Relic","Relic","Card","Card","Card"],"build_version":"2020-12-13","purchased_purges":0,"victory":false,"max_hp_per_floor":[75,75,75,75,75,75,75,75,75,75,75,75,75,75,75,75,75,75,75,75,75,75,75,75],"card_choices":[{"not_picked":["Cleave","hubris:SharpeningStone","Second Wind"],"picked":"SKIP","floor":1.0},{"not_picked":["ReplayTheSpireMod:LeadingStrike","Havoc","Perfected Strike"],"picked":"SKIP","floor":3.0},{"not_picked":["hubris:EnhanceAbility","Secret Technique"],"picked":"expansioncontent:DashGenerateEvil","floor":5.0},{"not_picked":["expansioncontent:DonusPower","Jack Of All Trades"],"picked":"Dark Shackles","floor":5.0},{"not_picked":["Blind","expansioncontent:SlimeTackle"],"picked":"Panacea","floor":5.0},{"not_picked":["Sword Boomerang","Anger"],"picked":"Evolve","floor":6.0},{"not_picked":["True Grit","hubris:ReadiedAction","Carnage"],"picked":"SKIP","floor":7.0},{"not_picked":["Life Link","Replay:Undeath\u0027s Touch"],"picked":"Sword Boomerang","floor":8.0},{"not_picked":["Feel No Pain","Warcry+1"],"picked":"Impervious+1","floor":14.0},{"not_picked":["Brutality","Barricade"],"picked":"Offering+1","floor":16.0},{"not_picked":["Defy Death+1","Clothesline"],"picked":"Flex+1","floor":18.0},{"not_picked":["Body Slam","Sword Boomerang+1"],"picked":"Fire Breathing","floor":19.0},{"not_picked":["Evolve","Entrench+1"],"picked":"Eclipse+1","floor":22.0}],"player_experience":469717,"relics_obtained":[{"floor":6.0,"key":"Blue Candle"},{"floor":9.0,"key":"hubris:CuriousFeather"},{"floor":14.0,"key":"Toxic Egg 2"}],"event_choices":[{"damage_healed":0.0,"max_hp_gain":0.0,"max_hp_loss":0.0,"gold_gain":0.0,"event_name":"Wheel of Change","player_choice":"Cursed","floor":2.0,"gold_loss":0.0,"damage_taken":0.0,"cards_obtained":["Decay"]},{"damage_healed":0.0,"max_hp_gain":0.0,"max_hp_loss":0.0,"gold_gain":0.0,"event_name":"Scrap Ooze","player_choice":"Success","floor":4.0,"gold_loss":0.0,"damage_taken":11.0,"relics_obtained":["Replay:Multitool"]},{"cards_removed":["Sword Boomerang"],"damage_healed":0.0,"max_hp_gain":0.0,"max_hp_loss":0.0,"gold_gain":0.0,"event_name":"WeMeetAgain","player_choice":"Gave Card","floor":13.0,"gold_loss":0.0,"damage_taken":0.0,"relics_obtained":["HornCleat"]}],"is_beta":false,"boss_relics":[{"not_picked":["hubris:ScarierMask","hubris:BlackHole"],"picked":"Black Star"}],"items_purged_floors":[],"is_endless":false,"potions_floor_spawned":[3,8,16,19],"killed_by":"Slavers","ascension_level":20}}