{"host":"k5dhp0bkccqfauyu","time":1608199283,"event":{"mods":["BaseMod","Better Note","Better Skull","Better Vampires","Colored Map","Colored Powertips","DeckTracker","Minty Spire (QoL Compilation)","Permanent Neow","StSLib","SuperFastMode"],"gold_per_floor":[109,129,143,40,5,5,5,39,39,69,41,116,166,186,186,186,186],"floor_reached":16,"playtime":380,"items_purged":[],"score":266,"play_id":"951ec103-2ffb-4d5c-9e8c-83f0581d0849","local_time":"20201217210123","is_ascension_mode":true,"campfire_choices":[{"data":"Deadly Poison","floor":6,"key":"SMITH"},{"data":"Dagger Spray","floor":15,"key":"SMITH"}],"circlet_count":0,"master_deck":["AscendersBane","Strike_G","Strike_G","Strike_G","Strike_G","Strike_G","Defend_G","Defend_G","Defend_G","Defend_G","Defend_G","Survivor","Neutralize+1","All Out Attack","Blur+1","Flying Knee","Dash","Deadly Poison+1","Escape Plan","Dagger Spray+1","Deflect","Terror"],"relics":["Runic Pyramid","Ninja Scroll","Akabeko","Nunchaku"],"acts_visited":["Exordium"],"potions_floor_usage":[8,8,16,16],"damage_taken":[{"damage":7,"enemies":"Small Slimes","floor":1,"turns":4},{"damage":0,"enemies":"2 Louse","floor":2,"turns":3},{"damage":6,"enemies":"Cultist","floor":3,"turns":5},{"damage":0,"enemies":"Lagavulin","floor":8,"turns":6},{"damage":28,"enemies":"Gremlin Nob","floor":10,"turns":4},{"damage":0,"enemies":"Exordium Thugs","floor":14,"turns":3},{"damage":0,"enemies":"Slime Boss","floor":16,"turns":6}],"seed_played":"3515957579810471342","potions_obtained":[{"floor":1,"key":"Dexterity Potion"},{"floor":3,"key":"Energy Potion"},{"floor":10,"key":"Block Potion"},{"floor":14,"key":"LiquidBronze"}],"is_trial":false,"path_per_floor":["M","M","M","$","?","R","?","E","T","E","$","?","?","M","R","B"],"character_chosen":"THE_SILENT","items_purchased":["Dash","Deadly Poison","Deflect"],"campfire_rested":0,"item_purchase_floors":[4,4,11],"current_hp_per_floor":[52,52,46,46,62,62,42,42,42,14,14,3,3,3,3,3,3],"gold":186,"neow_bonus":"BOSS_RELIC","is_daily":false,"chose_seed":false,"campfire_upgraded":2,"win_rate":0.0,"timestamp":1608199283,"path_taken":["M","M","M","$","?","R","?","E","T","E","$","?","?","?","R","BOSS"],"items_purchased_type":["Card","Card","Card"],"build_version":"2020-12-13","purchased_purges":0,"victory":false,"max_hp_per_floor":[66,66,66,66,66,66,66,66,66,66,66,66,66,66,66,66,66],"card_choices":[{"not_picked":["Predator","Cloak And Dagger"],"picked":"All Out Attack","floor":1},{"not_picked":["Flechettes","Predator"],"picked":"Blur","floor":2},{"not_picked":["Prepared","Poisoned Stab"],"picked":"Flying Knee","floor":3},{"not_picked":["Flechettes","Eviscerate"],"picked":"Escape Plan","floor":8},{"not_picked":["Outmaneuver","Sucker Punch"],"picked":"Dagger Spray","floor":10},{"not_picked":["Dash","Dagger Throw"],"picked":"Terror","floor":14}],"player_experience":1767615,"relics_obtained":[{"floor":8,"key":"Ninja Scroll"},{"floor":9,"key":"Akabeko"},{"floor":10,"key":"Nunchaku"}],"event_choices":[{"damage_healed":16,"gold_gain":0,"player_choice":"Healed","damage_taken":0,"max_hp_gain":0,"max_hp_loss":0,"event_name":"The Cleric","floor":5,"gold_loss":35},{"damage_healed":0,"gold_gain":0,"player_choice":"Entered Light","damage_taken":20,"max_hp_gain":0,"max_hp_loss":0,"event_name":"Shining Light","floor":7,"gold_loss":0,"cards_upgraded":["Neutralize","Blur"]},{"damage_healed":0,"gold_gain":75,"player_choice":"Gather Gold","damage_taken":11,"max_hp_gain":0,"max_hp_loss":0,"event_name":"World of Goop","floor":12,"gold_loss":0},{"damage_healed":0,"gold_gain":50,"player_choice":"Pray","damage_taken":0,"max_hp_gain":0,"max_hp_loss":0,"event_name":"Golden Shrine","floor":13,"gold_loss":0}],"is_beta":false,"boss_relics":[],"items_purged_floors":[],"is_endless":false,"potions_floor_spawned":[1,3,10,14],"killed_by":"Slime Boss","ascension_level":20}}