{"host":"1tl36azeqm6yhdgj","time":1608205623,"event":{"mods":["AchievementEnabler","BaseMod","Minty Spire (QoL Compilation)","StSLib","The IronCluck","everything is the same but u backflip on backflip"],"gold_per_floor":[116,116,132,145,145,178,178,248,275,275,308,308,332,370,370,459,459,473,27,46,46,46,76,76,101,181,199,199,199],"floor_reached":28,"playtime":1198,"items_purged":["Hemokinesis"],"score":452,"play_id":"85b418bf-39ce-4dd7-b8fe-a589e5292f79","local_time":"20201217064703","is_ascension_mode":true,"campfire_choices":[{"data":"Body Slam","floor":7.0,"key":"SMITH"},{"data":"Pummel","floor":15.0,"key":"SMITH"},{"floor":24,"key":"REST"}],"circlet_count":0,"master_deck":["AscendersBane","Bash","Anger","Pummel+1","Thunderclap","Rage","Body Slam+1","Metallicize","Berserk","Intimidate","Whirlwind","Juggernaut","Rage","Rage","Flame Barrier","Double Tap","Body Slam","Offering","Anger+1","Apotheosis","Madness","Disarm","Body Slam","Headbutt","Havoc+1"],"relics":["Burning Blood","Bloody Idol","Juzu Bracelet","Nunchaku","Toy Ornithopter","Lizard Tail","Blood Vial","Pandora\u0027s Box","Toxic Egg 2","Paper Frog","Molten Egg 2"],"acts_visited":["Exordium","TheCity"],"potions_floor_usage":[16,27,28],"damage_taken":[{"damage":0.0,"enemies":"Jaw Worm","floor":1.0,"turns":3.0},{"damage":7.0,"enemies":"Small Slimes","floor":3.0,"turns":3.0},{"damage":0.0,"enemies":"Cultist","floor":4.0,"turns":2.0},{"damage":16.0,"enemies":"3 Sentries","floor":6.0,"turns":7.0},{"damage":8.0,"enemies":"3 Sentries","floor":8.0,"turns":8.0},{"damage":22.0,"enemies":"Lagavulin","floor":11.0,"turns":7.0},{"damage":11.0,"enemies":"Looter","floor":13.0,"turns":4.0},{"damage":21.0,"enemies":"3 Sentries","floor":14.0,"turns":11.0},{"damage":84,"enemies":"The Guardian","floor":16,"turns":18},{"damage":19,"enemies":"Spheric Guardian","floor":18,"turns":4},{"damage":22,"enemies":"Chosen","floor":20,"turns":5},{"damage":45,"enemies":"Gremlin Leader","floor":23,"turns":6},{"damage":33,"enemies":"Book of Stabbing","floor":25,"turns":4},{"damage":24,"enemies":"Shelled Parasite and Fungi","floor":27,"turns":4},{"damage":28,"enemies":"Snecko","floor":28,"turns":3}],"seed_played":"-3820947036328770156","potions_obtained":[{"floor":0.0,"key":"Fruit Juice"},{"floor":0.0,"key":"BlessingOfTheForge"},{"floor":0.0,"key":"Block Potion"},{"floor":3.0,"key":"FearPotion"},{"floor":4.0,"key":"CultistPotion"},{"floor":6.0,"key":"DuplicationPotion"},{"floor":8.0,"key":"Dexterity Potion"},{"floor":14.0,"key":"Regen Potion"},{"floor":20,"key":"SpeedPotion"},{"floor":25,"key":"LiquidMemories"},{"floor":27,"key":"BlessingOfTheForge"}],"is_trial":false,"path_per_floor":["M","?","M","M","?","E","R","?","T","?","E","?","M","E","R","B",null,"M","$","M","?","?","E","R","E","T","M","M"],"character_chosen":"IRONCLAD","items_purchased":["Apotheosis","Madness","Disarm"],"campfire_rested":1,"item_purchase_floors":[19,19,19],"current_hp_per_floor":[83,83,82,85,79,69,69,67,67,60,49,54,49,39,39,25,69,58,58,44,44,44,12,37,17,22,16,0,0],"gold":199,"neow_bonus":"THREE_SMALL_POTIONS","is_daily":false,"chose_seed":false,"campfire_upgraded":2,"win_rate":0.0,"timestamp":1608205623,"path_taken":["M","?","M","M","?","E","R","?","T","?","E","?","M","E","R","BOSS","M","$","M","?","?","E","R","E","T","M","M"],"items_purchased_type":["Card","Card","Card"],"build_version":"2020-12-13","purchased_purges":1,"victory":false,"max_hp_per_floor":[85,85,85,85,79,79,79,79,79,79,79,84,84,84,84,84,84,84,84,84,84,84,84,84,84,84,84,84,84],"card_choices":[{"not_picked":["True Grit","Shrug It Off"],"picked":"Anger","floor":1.0},{"not_picked":["Headbutt","Blood for Blood"],"picked":"Thunderclap","floor":3.0},{"not_picked":["Combust","Dark Embrace"],"picked":"Rage","floor":4.0},{"not_picked":["Power Through","Shrug It Off"],"picked":"Body Slam","floor":6.0},{"not_picked":["Heavy Blade","Flex"],"picked":"Metallicize","floor":8.0},{"not_picked":["Warcry","Headbutt"],"picked":"Berserk","floor":11.0},{"not_picked":["Hemokinesis","Shrug It Off"],"picked":"Intimidate","floor":13.0},{"not_picked":["Body Slam","Sword Boomerang"],"picked":"Whirlwind","floor":14.0},{"not_picked":["Limit Break","Double Tap"],"picked":"Juggernaut","floor":16},{"not_picked":["Warcry","Sword Boomerang"],"picked":"Anger+1","floor":18},{"not_picked":["Shockwave","Armaments"],"picked":"Body Slam","floor":20},{"not_picked":["Clothesline+1","Sentinel+1","Blood for Blood"],"picked":"SKIP","floor":23},{"not_picked":["Pommel Strike","Juggernaut"],"picked":"Headbutt","floor":25},{"not_picked":["Combust","Shockwave+1"],"picked":"Havoc+1","floor":27}],"player_experience":1952331,"relics_obtained":[{"floor":6.0,"key":"Juzu Bracelet"},{"floor":11.0,"key":"Lizard Tail"},{"floor":14.0,"key":"Blood Vial"},{"floor":23,"key":"Toxic Egg 2"},{"floor":25,"key":"Paper Frog"},{"floor":26,"key":"Molten Egg 2"}],"event_choices":[{"damage_healed":0.0,"max_hp_gain":0.0,"max_hp_loss":0.0,"gold_gain":0.0,"cards_transformed":["Strike_R"],"event_name":"Living Wall","player_choice":"Change","floor":2.0,"gold_loss":0.0,"damage_taken":0.0,"cards_obtained":["Pummel"]},{"damage_healed":0.0,"max_hp_gain":0.0,"max_hp_loss":6.0,"gold_gain":0.0,"event_name":"Golden Idol","player_choice":"Lose Max HP","floor":5.0,"gold_loss":0.0,"damage_taken":0.0,"relics_obtained":["Golden Idol"]},{"damage_healed":0.0,"max_hp_gain":0.0,"max_hp_loss":0.0,"gold_gain":0.0,"event_name":"Dead Adventurer","player_choice":"Searched \u00273\u0027 times","floor":8.0,"gold_loss":0.0,"damage_taken":0.0,"relics_obtained":["Nunchaku"]},{"damage_healed":0.0,"max_hp_gain":0.0,"max_hp_loss":0.0,"gold_gain":0.0,"event_name":"Scrap Ooze","player_choice":"Success","floor":10.0,"gold_loss":0.0,"damage_taken":7.0,"relics_obtained":["Toy Ornithopter"]},{"damage_healed":0.0,"max_hp_gain":5.0,"max_hp_loss":0.0,"gold_gain":0.0,"event_name":"Big Fish","player_choice":"Donut","floor":12.0,"gold_loss":0.0,"damage_taken":0.0},{"cards_removed":["Heavy Blade"],"damage_healed":0,"gold_gain":0,"player_choice":"Elegance","damage_taken":0,"max_hp_gain":0,"max_hp_loss":0,"event_name":"Back to Basics","floor":21,"gold_loss":0},{"damage_healed":0,"gold_gain":0,"player_choice":"Gave Idol","damage_taken":0,"relics_obtained":["Bloody Idol"],"max_hp_gain":0,"max_hp_loss":0,"event_name":"Forgotten Altar","floor":22,"relics_lost":["Golden Idol"],"gold_loss":0}],"is_beta":false,"boss_relics":[{"not_picked":["Cursed Key","SacredBark"],"picked":"Pandora\u0027s Box"}],"items_purged_floors":[19],"is_endless":false,"potions_floor_spawned":[3,4,6,8,14,20,25,27],"killed_by":"Snecko","ascension_level":13}}