{"host":"a7kkotolxcg5vljr","time":1608166736,"event":{"mods":["2.2 Compatiblity","AchievementEnabler","Act Like it!","BaseMod","Better Altar","Better Skull","Better Third Choice","Colored Map","Colored Powertips","Downfall","Hermit","Highlight Path","Marisa????????","Minty Spire (QoL Compilation)","Quick Restart","Rare Cards Sparkle","Replay The Spire","Spicy Shops","StSLib","The Cursed","The Disciple","The Servant 0.9.4"],"gold_per_floor":[113,113,130,87,262,287,0,30,55,55,55,75,75,91,91,91,91],"floor_reached":16,"playtime":363,"items_purged":[],"score":133,"play_id":"29c2f8c2-9ddc-4d5e-aabc-45a46856f3b1","local_time":"20201216195856","is_ascension_mode":false,"campfire_choices":[{"floor":10,"key":"RECALL"},{"floor":13,"key":"REST"}],"circlet_count":0,"master_deck":["Strike_G","Strike_G","Strike_G","Strike_G","Strike_G","Defend_G","Defend_G","Defend_G","Defend_G","Defend_G","Survivor","Neutralize","Backflip","Escape Plan","Doubt","Deadly Poison+1","Deadly Poison","Flying Knee","Poisoned Stab","Flying Knee","Quick Slash","Bane"],"relics":["Ring of the Snake","NeowsBlessing","CultistMask","betterThird:SlimedRelic","PreservedInsect","Omamori","Dream Catcher","Prayer Wheel"],"acts_visited":["Exordium"],"potions_floor_usage":[8,8,8,8,8,16],"damage_taken":[{"damage":0,"enemies":"Small Slimes","floor":1,"turns":1},{"damage":0,"enemies":"Cultist","floor":3,"turns":1},{"damage":0,"enemies":"Lagavulin","floor":6,"turns":1},{"damage":23,"enemies":"Gremlin Nob","floor":8,"turns":6},{"damage":0,"enemies":"Jaw Worm","floor":12,"turns":4},{"damage":1,"enemies":"2 Fungi Beasts","floor":14,"turns":4},{"damage":56,"enemies":"Slime Boss","floor":16,"turns":11}],"seed_played":"-5389202193800926286","potions_obtained":[{"floor":3,"key":"EntropicBrew"},{"floor":6,"key":"LifebloodPotion"},{"floor":14,"key":"Guardian:BlockOnCardUsePotion"}],"is_trial":false,"path_per_floor":["M","?","M","?","?","E","$","E","T","R","$","M","R","M","R_BF","B"],"character_chosen":"THE_SILENT","items_purchased":["Omamori","Dream Catcher"],"campfire_rested":1,"item_purchase_floors":[7,7],"current_hp_per_floor":[70,70,70,59,59,59,59,36,36,36,36,36,57,56,56,0,0],"gold":91,"neow_bonus":"THREE_ENEMY_KILL","is_daily":false,"chose_seed":false,"campfire_upgraded":0,"win_rate":0.0,"timestamp":1608166736,"path_taken":["M","?","?","?","?","E","?","E","T","R","?","M","R","?","R_BF","BOSS"],"items_purchased_type":["Relic","Relic"],"build_version":"2020-12-13","purchased_purges":0,"victory":false,"max_hp_per_floor":[70,70,70,70,70,70,70,70,70,70,70,70,70,70,70,70,70],"card_choices":[{"not_picked":["Blade Dance","Hidden Blade"],"picked":"Backflip","floor":1},{"not_picked":["Concentrate","Acrobatics"],"picked":"Escape Plan","floor":3},{"not_picked":["Glass Knife","Hidden Blade"],"picked":"Deadly Poison","floor":6},{"not_picked":["Blade Dance","A Thousand Cuts"],"picked":"Deadly Poison","floor":8},{"not_picked":["Dodge and Roll","Dagger Spray"],"picked":"Flying Knee","floor":12},{"not_picked":["Blade Dance","Dodge and Roll"],"picked":"Poisoned Stab","floor":12},{"not_picked":["Sneak Up","Backflip"],"picked":"Flying Knee","floor":13},{"not_picked":["Dagger Spray","Calculated Gamble"],"picked":"Quick Slash","floor":14},{"not_picked":["Night Terror","Footwork"],"picked":"Bane","floor":14}],"player_experience":338404,"relics_obtained":[{"floor":6,"key":"PreservedInsect"},{"floor":8,"key":"Prayer Wheel"}],"event_choices":[{"damage_healed":0,"gold_gain":0,"player_choice":"Trade","damage_taken":0,"relics_obtained":["CultistMask"],"max_hp_gain":0,"max_hp_loss":0,"event_name":"FaceTrader","floor":2,"gold_loss":0},{"damage_healed":0,"gold_gain":0,"player_choice":"Slimed","damage_taken":11,"max_hp_gain":0,"max_hp_loss":0,"event_name":"betterThird:BetterGoop","floor":4,"gold_loss":43},{"damage_healed":0,"gold_gain":175,"player_choice":"AGREE","damage_taken":87,"max_hp_gain":0,"max_hp_loss":0,"event_name":"betterThird:BetterSerpent","floor":5,"gold_loss":0},{"damage_healed":0,"gold_gain":0,"player_choice":"Grow","damage_taken":0,"max_hp_gain":0,"max_hp_loss":0,"event_name":"Living Wall","floor":15,"gold_loss":0,"cards_upgraded":["Deadly Poison"]}],"is_beta":false,"boss_relics":[],"items_purged_floors":[],"is_endless":false,"potions_floor_spawned":[3,6,14],"killed_by":"Slime Boss","ascension_level":0}}