{"host":"cglr1m0d8tytrlaz","time":1608228165,"event":{"mods":["2.2 Compatiblity","Alarm Clock","BaseMod","Bestiary","Block Reminder","Colored Powertips","Curses Come First","Downfall","Hermit","Highlight Path","Jorbs\u0027s Wanderer Trilogy","Minty Spire (QoL Compilation)","Quick Restart","Relic Sorter","Relic Stats","StSLib","The Hierophant","The Runesmith"],"gold_per_floor":[349,361,100,100,127,127,127,161,173,208,220,230,241,254,267,365,365,365,379,414,202,34,44,44,44,44,44],"floor_reached":26,"playtime":2632,"items_purged":["Slimebound:Strike_Slimebound","Slimebound:Strike_Slimebound"],"score":273,"play_id":"99c5abd7-7500-4ae9-ad36-27e5fb0ba117","local_time":"20201217120245","is_ascension_mode":false,"campfire_choices":[{"data":"Slimebound:Split","floor":1,"key":"SMITH"},{"data":"Slimebound:SpikyOuterGoop","floor":4,"key":"SMITH"},{"floor":18,"key":"RECALL"}],"circlet_count":0,"master_deck":["Slimebound:Strike_Slimebound","Slimebound:Tackle","Slimebound:Defend_Slimebound","Slimebound:Defend_Slimebound","Slimebound:Defend_Slimebound","Slimebound:Split+1","Slimebound:CorrosiveSpit","Slimebound:SpikyOuterGoop+1","Slimebound:PressTheAttack","Slimebound:FormOfPuddle","Slimebound:LeechEnergy","Slimebound:LeechEnergy","Slimebound:PressTheAttack","Slimebound:GrowthPunch","Slimebound:LivingWall","Slimebound:RejuvenatingLick","Slimebound:ForwardTackle","Slimebound:ItLooksTasty","Slimebound:GrowthPunch","Slimebound:MassFeed","Slimebound:FormOfPuddle","Slimebound:Teamwork","Slimebound:DuplicatedForm","Slimebound:SplitMire","Slimebound:SplitAcid+1","Ghostly","Ghostly","Ghostly","Ghostly","Ghostly"],"relics":["Slimebound:AbsorbEndCombat","Eternal Feather","Ornamental Fan","Oddly Smooth Stone","Fusion Hammer","Ancient Tea Set","Membership Card","Peace Pipe"],"acts_visited":["Exordium","TheCity"],"potions_floor_usage":[10,16,21,26],"damage_taken":[{"damage":9,"enemies":"Jaw Worm","floor":2,"turns":3},{"damage":11,"enemies":"downfall:FleeingMerchant","floor":3,"turns":4},{"damage":14,"enemies":"Lagavulin","floor":5,"turns":6},{"damage":9,"enemies":"Gremlin Nob","floor":8,"turns":4},{"damage":13,"enemies":"Cultist","floor":9,"turns":3},{"damage":20,"enemies":"3 Sentries","floor":10,"turns":8},{"damage":12,"enemies":"2 Louse","floor":11,"turns":3},{"damage":22,"enemies":"Exordium Wildlife","floor":12,"turns":5},{"damage":8,"enemies":"Large Slime","floor":13,"turns":4},{"damage":14,"enemies":"Blue Slaver","floor":14,"turns":3},{"damage":8,"enemies":"2 Fungi Beasts","floor":15,"turns":3},{"damage":19,"enemies":"downfall:Ironclad","floor":16,"turns":9},{"damage":21,"enemies":"Shell Parasite","floor":19,"turns":7},{"damage":12,"enemies":"Gremlin Leader","floor":20,"turns":10},{"damage":2,"enemies":"downfall:FleeingMerchant","floor":21,"turns":4},{"damage":10,"enemies":"downfall:FleeingMerchant","floor":22,"turns":4},{"damage":27,"enemies":"3 Byrds","floor":23,"turns":4},{"damage":38,"enemies":"Slavers","floor":26,"turns":2}],"seed_played":"4829246582439473857","potions_obtained":[{"floor":5,"key":"Energy Potion"},{"floor":9,"key":"Slimebound:SlimyTonguePotion"},{"floor":11,"key":"Weak Potion"},{"floor":12,"key":"LiquidMemories"},{"floor":15,"key":"Guardian:BlockOnCardUsePotion"},{"floor":19,"key":"Slimebound:ThreeZeroPotion"},{"floor":20,"key":"Swift Potion"}],"is_trial":false,"path_per_floor":["R","M","$","R","E","?","T","E","M","E","M","M","M","M","M","B",null,"R","M","E","$","$","M","T","?","E"],"character_chosen":"SLIMEBOUND","items_purchased":["Slimebound:FormOfPuddle","Block Potion","Swift Potion","Membership Card","Peace Pipe"],"campfire_rested":0,"item_purchase_floors":[3,3,3,21,22],"current_hp_per_floor":[42,47,50,50,58,58,58,60,57,53,51,45,57,53,60,60,60,60,59,63,63,63,66,66,33,0,0],"gold":44,"neow_bonus":"TWO_FIFTY_GOLD","is_daily":false,"chose_seed":false,"campfire_upgraded":2,"win_rate":0.0,"timestamp":1608228165,"path_taken":["R","M","$","R","E","?","T","E","M","E","M","M","M","M","M","BOSS","R","M","E","?","$","M","T","?","E"],"items_purchased_type":["Card","Potion","Potion","Relic","Relic"],"build_version":"2020-12-13","purchased_purges":2,"victory":false,"max_hp_per_floor":[60,60,60,60,60,60,60,60,60,60,60,60,60,60,60,60,60,60,63,63,63,63,66,66,33,33,33],"relic_stats":{"Peace Pipe":0,"counters":[18,85],"Ornamental Fan":[84],"Eternal Feather":0,"obtain_stats":[{"Peace Pipe":22,"Ornamental Fan":7,"Oddly Smooth Stone":10,"Eternal Feather":5,"Fusion Hammer":17,"Slimebound:AbsorbEndCombat":0,"Membership Card":21,"Ancient Tea Set":20},{"Peace Pipe":16,"Ornamental Fan":3,"Oddly Smooth Stone":6,"Eternal Feather":3,"Fusion Hammer":12,"Slimebound:AbsorbEndCombat":0,"Membership Card":15,"Ancient Tea Set":14},{"Peace Pipe":79,"Ornamental Fan":13,"Oddly Smooth Stone":28,"Eternal Feather":13,"Fusion Hammer":54,"Slimebound:AbsorbEndCombat":0,"Membership Card":75,"Ancient Tea Set":71}]},"card_choices":[{"not_picked":["Slimebound:LeechEnergy","Slimebound:Schlurp"],"picked":"Slimebound:SpikyOuterGoop","floor":2},{"not_picked":["Slimebound:SlimeBrawl","Slimebound:RollThrough"],"picked":"Slimebound:PressTheAttack","floor":3},{"not_picked":["Slimebound:GrowthPunch","Slimebound:SlimeTap"],"picked":"Slimebound:LeechEnergy","floor":5},{"not_picked":["Slimebound:ComboTackle","Slimebound:SplitLeeching"],"picked":"Slimebound:LeechEnergy","floor":8},{"not_picked":["Slimebound:LeechingTouch","Slimebound:FinishingTackle"],"picked":"Slimebound:PressTheAttack","floor":9},{"not_picked":["Slimebound:OneTwoCombo","Slimebound:Repurpose"],"picked":"Slimebound:GrowthPunch","floor":10},{"not_picked":["Slimebound:ViciousTackle","Slimebound:SlimeBarrage"],"picked":"Slimebound:LivingWall","floor":11},{"not_picked":["Slimebound:Grow","Slimebound:ViciousTackle"],"picked":"Slimebound:RejuvenatingLick","floor":12},{"not_picked":["Slimebound:ViciousTackle","Slimebound:FlameTackle"],"picked":"Slimebound:ForwardTackle","floor":13},{"not_picked":["Slimebound:RollThrough","Slimebound:Schlurp"],"picked":"Slimebound:ItLooksTasty","floor":14},{"not_picked":["Slimebound:ItLooksTasty","Slimebound:RejuvenatingLick"],"picked":"Slimebound:GrowthPunch","floor":15},{"not_picked":["Slimebound:DuplicatedForm","Slimebound:RallyTheTroops"],"picked":"Slimebound:MassFeed","floor":16},{"not_picked":["Slimebound:Schlurp","Slimebound:BestDefense"],"picked":"Slimebound:FormOfPuddle","floor":19},{"not_picked":["Slimebound:SplitLeeching+1","Slimebound:ForwardTackle"],"picked":"Slimebound:Teamwork","floor":20},{"not_picked":["Slimebound:SplitMire","Slimebound:FinishingTackle"],"picked":"Slimebound:DuplicatedForm","floor":21},{"not_picked":["Slimebound:DuplicatedForm","Slimebound:Replication"],"picked":"Slimebound:SplitMire","floor":22},{"not_picked":["Slimebound:GrowthPunch","Slimebound:SplitLeeching+1"],"picked":"Slimebound:SplitAcid+1","floor":23}],"player_experience":1223610,"relics_obtained":[{"floor":5,"key":"Eternal Feather"},{"floor":7,"key":"Ornamental Fan"},{"floor":10,"key":"Oddly Smooth Stone"},{"floor":20,"key":"Ancient Tea Set"}],"event_choices":[{"cards_removed":["Slimebound:Defend_Slimebound"],"damage_healed":0,"gold_gain":0,"player_choice":"Offered Basic","damage_taken":0,"max_hp_gain":0,"max_hp_loss":0,"event_name":"Bonfire Elementals","floor":6,"gold_loss":0},{"damage_healed":0,"gold_gain":0,"player_choice":"Became a Ghost","damage_taken":0,"max_hp_gain":0,"max_hp_loss":33,"event_name":"Ghosts","floor":25,"gold_loss":0,"cards_obtained":["Ghostly","Ghostly","Ghostly","Ghostly","Ghostly"]}],"is_beta":false,"boss_relics":[{"not_picked":["Velvet Choker","Runic Dome"],"picked":"Fusion Hammer"}],"items_purged_floors":[3,21],"is_endless":false,"potions_floor_spawned":[5,9,11,12,14,15,19,20],"killed_by":"Slavers","ascension_level":0}}