{"host":"2qv44oxt58ptq59r","time":1608238457,"event":{"mods":["AchievementEnabler","BaseMod","Colored Powertips","Highlight Path","Minty Spire (QoL Compilation)","Permanent Neow","StSLib"],"gold_per_floor":[117,117,127,138,34,34,47,21,21,21,31,62,62,81,81,182,182,192,192,208,228,240,240,253,253,304,304,322,332,22,0,0,99,99,117,129,129,183,183,183,193,37,63,15,32,32,32,51,51,51,51],"floor_reached":50,"playtime":13555,"items_purged":["Strike_R"],"score":446,"play_id":"85cd7fa9-e69a-4331-a090-927f5f18efe8","local_time":"20201217205417","is_ascension_mode":false,"campfire_choices":[{"data":"Clothesline","floor":6.0,"key":"SMITH"},{"data":"Metallicize","floor":10.0,"key":"SMITH"},{"data":"Shockwave","floor":13,"key":"SMITH"},{"data":"Shrug It Off","floor":15,"key":"SMITH"},{"floor":23,"key":"REST"},{"data":"Flex","floor":25,"key":"SMITH"},{"floor":32,"key":"REST"},{"floor":40,"key":"REST"},{"floor":47,"key":"REST"},{"floor":49,"key":"REST"}],"circlet_count":0,"master_deck":["Strike_R+1","Strike_R","Defend_R","Defend_R","Defend_R","Defend_R","Bash+1","Flex+1","Clothesline+1","Metallicize+1","Battle Trance","Shrug It Off+1","Headbutt+1","Shockwave+1","Warcry","Limit Break","Heavy Blade","Sword Boomerang","Fire Breathing","Heavy Blade+1","Power Through","Wild Strike","Armaments+1","Juggernaut","Body Slam","Wild Strike","Madness","Madness","Inflame","Havoc+1"],"relics":["Burning Blood","Meat on the Bone","Champion Belt","Mark of Pain","StoneCalendar","Busted Crown","Charon\u0027s Ashes","Whetstone"],"acts_visited":["Exordium","TheCity","TheBeyond"],"potions_floor_usage":[12,16,16,18,29,33,36,38,38,41,45],"damage_taken":[{"damage":3.0,"enemies":"Small Slimes","floor":1.0,"turns":3.0},{"damage":0.0,"enemies":"Cultist","floor":3.0,"turns":3.0},{"damage":1.0,"enemies":"2 Louse","floor":4.0,"turns":3.0},{"damage":3.0,"enemies":"2 Fungi Beasts","floor":7.0,"turns":3.0},{"damage":1.0,"enemies":"3 Louse","floor":11.0,"turns":3.0},{"damage":15,"enemies":"3 Sentries","floor":12,"turns":12},{"damage":0,"enemies":"Looter","floor":14,"turns":4},{"damage":62,"enemies":"Slime Boss","floor":16,"turns":21},{"damage":4,"enemies":"Chosen","floor":18,"turns":5},{"damage":18,"enemies":"Spheric Guardian","floor":20,"turns":5},{"damage":7,"enemies":"Shelled Parasite and Fungi","floor":21,"turns":6},{"damage":39,"enemies":"Snake Plant","floor":22,"turns":5},{"damage":0,"enemies":"Snecko","floor":24,"turns":4},{"damage":14,"enemies":"Centurion and Healer","floor":28,"turns":5},{"damage":2,"enemies":"Cultist and Chosen","floor":29,"turns":4},{"damage":55,"enemies":"Automaton","floor":33,"turns":12},{"damage":4,"enemies":"Orb Walker","floor":35,"turns":4},{"damage":32,"enemies":"3 Darklings","floor":36,"turns":5},{"damage":26,"enemies":"2 Orb Walkers","floor":38,"turns":5},{"damage":18,"enemies":"Maw","floor":41,"turns":7},{"damage":12,"enemies":"4 Shapes","floor":45,"turns":4},{"damage":44,"enemies":"Spire Growth","floor":48,"turns":5},{"damage":86,"enemies":"Time Eater","floor":50,"turns":7}],"seed_played":"8787722482244660961","potions_obtained":[{"floor":11.0,"key":"Dexterity Potion"},{"floor":12,"key":"ColorlessPotion"},{"floor":14,"key":"Block Potion"},{"floor":16,"key":"Swift Potion"},{"floor":20,"key":"ElixirPotion"},{"floor":24,"key":"Strength Potion"},{"floor":28,"key":"AttackPotion"},{"floor":33,"key":"GamblersBrew"},{"floor":35,"key":"PowerPotion"},{"floor":38,"key":"PowerPotion"}],"is_trial":false,"path_per_floor":["M","?","M","M","$","R","M","$","T","R","M","E","R","M","R","B",null,"M","?","M","M","M","R","M","R","T","?","M","M","$","?","R","B",null,"M","M","?","?","?","R","M","$","T","$","M","?","R","M","R","B"],"character_chosen":"IRONCLAD","items_purchased":["Fruit Juice","Headbutt","StoneCalendar","Inflame","Dexterity Potion"],"campfire_rested":5,"item_purchase_floors":[5,8,30,42,44],"current_hp_per_floor":[80,80,80,80,80,80,85,85,85,85,85,76,76,82,82,38,85,85,85,73,72,51,76,82,82,82,66,58,62,62,62,89,52,90,90,64,53,45,45,72,60,60,60,60,54,54,81,55,82,0,0],"gold":51,"neow_bonus":"TRANSFORM_CARD","is_daily":false,"chose_seed":false,"campfire_upgraded":5,"win_rate":0.0,"timestamp":1608238457,"path_taken":["M","?","?","M","?","R","M","$","T","R","M","E","R","M","R","BOSS","M","?","M","M","M","R","M","R","T","?","M","M","$","?","R","BOSS","M","M","?","?","?","R","?","$","T","$","M","?","R","?","R","BOSS"],"items_purchased_type":["Potion","Card","Relic","Card","Potion"],"build_version":"2020-12-13","purchased_purges":1,"victory":false,"max_hp_per_floor":[80,80,80,80,80,80,85,85,85,85,85,85,85,85,85,85,85,85,85,85,85,85,85,85,85,85,90,90,90,90,90,90,90,90,90,90,90,90,90,90,90,90,90,90,90,90,90,90,90,90,90],"card_choices":[{"not_picked":["Perfected Strike","Dual Wield"],"picked":"Clothesline","floor":1.0},{"not_picked":["Dark Embrace","Armaments"],"picked":"Metallicize","floor":3.0},{"not_picked":["Armaments","Entrench"],"picked":"Battle Trance","floor":4.0},{"not_picked":["Reckless Charge","Havoc"],"picked":"Shrug It Off","floor":7.0},{"not_picked":["True Grit","Ghostly Armor","Wild Strike"],"picked":"SKIP","floor":11.0},{"not_picked":["Ghostly Armor","Sword Boomerang"],"picked":"Shockwave","floor":12},{"not_picked":["Wild Strike","Blood for Blood"],"picked":"Warcry","floor":14},{"not_picked":["Berserk","Barricade"],"picked":"Limit Break","floor":16},{"not_picked":["Perfected Strike+1","Warcry"],"picked":"Heavy Blade","floor":18},{"not_picked":["Perfected Strike","Sever Soul"],"picked":"Sword Boomerang","floor":20},{"not_picked":["Cleave","Shrug It Off"],"picked":"Fire Breathing","floor":21},{"not_picked":["Flex","Thunderclap"],"picked":"Heavy Blade+1","floor":22},{"not_picked":["Heavy Blade","Disarm"],"picked":"Power Through","floor":24},{"not_picked":["Cleave+1","Shrug It Off"],"picked":"Wild Strike","floor":28},{"not_picked":["Berserk","Infernal Blade"],"picked":"Armaments+1","floor":29},{"not_picked":["Barricade","Demon Form"],"picked":"Juggernaut","floor":33},{"not_picked":[],"picked":"Body Slam","floor":35},{"not_picked":[],"picked":"Wild Strike","floor":36},{"not_picked":["Perfected Strike+1"],"picked":"SKIP","floor":41},{"not_picked":[],"picked":"Havoc+1","floor":45},{"not_picked":["True Grit+1"],"picked":"SKIP","floor":48}],"player_experience":4924787,"relics_obtained":[{"floor":9.0,"key":"Meat on the Bone"},{"floor":12,"key":"Champion Belt"},{"floor":38,"key":"Charon\u0027s Ashes"},{"floor":43,"key":"Whetstone"}],"event_choices":[{"damage_healed":0.0,"max_hp_gain":0.0,"max_hp_loss":0.0,"gold_gain":0.0,"event_name":"Accursed Blacksmith","player_choice":"Forge","floor":2.0,"gold_loss":0.0,"damage_taken":0.0,"cards_upgraded":["Bash"]},{"damage_healed":0,"gold_gain":0,"player_choice":"Ignored","damage_taken":0,"max_hp_gain":0,"max_hp_loss":0,"event_name":"Cursed Tome","floor":19,"gold_loss":0},{"damage_healed":0,"gold_gain":0,"player_choice":"Shed Blood","damage_taken":21,"max_hp_gain":5,"max_hp_loss":0,"event_name":"Forgotten Altar","floor":27,"gold_loss":0},{"damage_healed":0,"gold_gain":0,"player_choice":"Paid Fearfully","damage_taken":0,"max_hp_gain":0,"max_hp_loss":0,"event_name":"Masked Bandits","floor":31,"gold_loss":22},{"damage_healed":0,"gold_gain":0,"player_choice":"Embrace Madness","damage_taken":11,"max_hp_gain":0,"max_hp_loss":0,"event_name":"Winding Halls","floor":37,"gold_loss":0,"cards_obtained":["Madness","Madness"]},{"damage_healed":0,"gold_gain":0,"player_choice":"Fight","damage_taken":0,"max_hp_gain":0,"max_hp_loss":0,"event_name":"Mysterious Sphere","floor":38,"gold_loss":0},{"damage_healed":0,"gold_gain":0,"player_choice":"Ignored","damage_taken":0,"max_hp_gain":0,"max_hp_loss":0,"event_name":"Tomb of Lord Red Mask","floor":39,"gold_loss":0},{"cards_removed":["Strike_R"],"damage_healed":0,"gold_gain":0,"player_choice":"Offered Basic","damage_taken":0,"max_hp_gain":0,"max_hp_loss":0,"event_name":"Bonfire Elementals","floor":46,"gold_loss":0}],"is_beta":false,"boss_relics":[{"not_picked":["Snecko Eye","Ectoplasm"],"picked":"Mark of Pain"},{"not_picked":["Coffee Dripper","SlaversCollar"],"picked":"Busted Crown"}],"items_purged_floors":[42],"is_endless":false,"potions_floor_spawned":[11,12,14,16,20,24,28,33,35,38],"killed_by":"Time Eater","ascension_level":0}}