{"host":"tljppfwplya481bc","time":1608212177,"event":{"mods":["BaseMod","Colored Map","Minty Spire (QoL Compilation)","Permanent Neow","Quick Restart"],"gold_per_floor":[116,18,32,32,49,49,49,49,49,78,89,101,101,115,115,215,215,227,127,127,143,178,178,211,261,286,286,286,286],"floor_reached":28,"playtime":915,"items_purged":["Strike_R","Strike_R"],"score":260,"play_id":"5b90e7e6-9f6d-4991-8fd1-32c2f18c5602","local_time":"20201217223617","is_ascension_mode":true,"campfire_choices":[{"data":"Armaments","floor":6,"key":"SMITH"},{"data":"Pommel Strike","floor":8,"key":"SMITH"},{"data":"Dual Wield","floor":13,"key":"SMITH"},{"data":"Inflame","floor":15,"key":"SMITH"},{"data":"Metallicize","floor":23,"key":"SMITH"},{"data":"Flame Barrier","floor":27,"key":"SMITH"}],"circlet_count":0,"master_deck":["Strike_R","Defend_R","Defend_R","Defend_R","Defend_R","Bash","Pommel Strike+1","Cleave","Armaments+1","Dual Wield+1","Inflame+1","Sword Boomerang","Reaper","Flame Barrier+1","Metallicize+1"],"relics":["Burning Blood","HornCleat","Ornamental Fan","Velvet Choker","Red Mask","Paper Frog","Regal Pillow"],"acts_visited":["Exordium","TheCity"],"potions_floor_usage":[16,16,22,22],"damage_taken":[{"damage":3,"enemies":"2 Louse","floor":1,"turns":3},{"damage":6,"enemies":"Cultist","floor":3,"turns":3},{"damage":0,"enemies":"Small Slimes","floor":5,"turns":2},{"damage":13,"enemies":"3 Sentries","floor":10,"turns":6},{"damage":14,"enemies":"Red Slaver","floor":11,"turns":2},{"damage":22,"enemies":"Exordium Wildlife","floor":12,"turns":4},{"damage":0,"enemies":"Large Slime","floor":14,"turns":3},{"damage":31,"enemies":"The Guardian","floor":16,"turns":9},{"damage":21,"enemies":"2 Thieves","floor":18,"turns":3},{"damage":16,"enemies":"3 Byrds","floor":21,"turns":4},{"damage":33,"enemies":"Masked Bandits","floor":22,"turns":4},{"damage":46,"enemies":"Gremlin Leader","floor":24,"turns":8},{"damage":0,"enemies":"Sentry and Sphere","floor":28,"turns":1}],"seed_played":"1104138747557365494","potions_obtained":[{"floor":3,"key":"Energy Potion"},{"floor":5,"key":"BloodPotion"},{"floor":10,"key":"Regen Potion"},{"floor":11,"key":"BlessingOfTheForge"},{"floor":16,"key":"SpeedPotion"},{"floor":18,"key":"FearPotion"}],"is_trial":false,"path_per_floor":["M","$","M","?","M","R","$","R","T","E","M","M","R","M","R","B",null,"M","$","?","M","?","R","E","?","T","R","M"],"character_chosen":"IRONCLAD","items_purchased":["Armaments"],"campfire_rested":0,"item_purchase_floors":[2],"current_hp_per_floor":[80,80,80,80,80,80,80,80,80,73,65,49,49,55,55,46,80,65,65,65,61,53,53,34,34,34,34,34,34],"gold":286,"neow_bonus":"TRANSFORM_CARD","is_daily":false,"chose_seed":false,"campfire_upgraded":6,"win_rate":0.0,"timestamp":1608212177,"path_taken":["M","$","M","?","M","R","?","R","T","E","M","M","R","M","R","BOSS","M","$","?","?","?","R","E","?","T","R","?"],"items_purchased_type":["Card"],"build_version":"2020-12-13","purchased_purges":2,"victory":false,"max_hp_per_floor":[80,80,80,80,80,80,80,80,80,80,80,80,80,80,80,80,80,80,80,80,80,80,80,80,80,80,80,80,80],"card_choices":[{"not_picked":["Pommel Strike","Sword Boomerang"],"picked":"Cleave","floor":1},{"not_picked":["Brutality","Anger","Twin Strike"],"picked":"SKIP","floor":3},{"not_picked":["Sentinel","Anger","Iron Wave"],"picked":"SKIP","floor":5},{"not_picked":["Anger","Flex"],"picked":"Dual Wield","floor":10},{"not_picked":["Flex","Wild Strike"],"picked":"Inflame","floor":11},{"not_picked":["Wild Strike","Entrench","Rupture"],"picked":"SKIP","floor":12},{"not_picked":["Barricade","Havoc"],"picked":"Sword Boomerang","floor":14},{"not_picked":["Berserk","Impervious"],"picked":"Reaper","floor":16},{"not_picked":["Uppercut","Headbutt"],"picked":"Flame Barrier","floor":18},{"not_picked":["Sword Boomerang","Heavy Blade","Clothesline"],"picked":"SKIP","floor":21},{"not_picked":["Warcry","Combust"],"picked":"Metallicize","floor":22},{"not_picked":["Warcry","Pommel Strike","Twin Strike"],"picked":"SKIP","floor":24}],"player_experience":195363,"relics_obtained":[{"floor":9,"key":"HornCleat"},{"floor":10,"key":"Ornamental Fan"},{"floor":22,"key":"Red Mask"},{"floor":24,"key":"Paper Frog"},{"floor":26,"key":"Regal Pillow"}],"event_choices":[{"cards_removed":["Strike_R"],"damage_healed":0,"gold_gain":0,"player_choice":"Offered Basic","damage_taken":0,"max_hp_gain":0,"max_hp_loss":0,"event_name":"Bonfire Elementals","floor":4,"gold_loss":0},{"damage_healed":0,"gold_gain":0,"player_choice":"Bought 0 Potions","damage_taken":0,"max_hp_gain":0,"max_hp_loss":0,"event_name":"The Woman in Blue","floor":20,"gold_loss":0},{"damage_healed":0,"gold_gain":0,"player_choice":"Fought Bandits","damage_taken":0,"max_hp_gain":0,"max_hp_loss":0,"event_name":"Masked Bandits","floor":22,"gold_loss":0},{"damage_healed":0,"gold_gain":100,"player_choice":"Bet on Murderer","damage_taken":0,"max_hp_gain":0,"max_hp_loss":0,"event_name":"The Joust","floor":25,"gold_loss":50}],"is_beta":false,"boss_relics":[{"not_picked":["Runic Pyramid","Runic Dome"],"picked":"Velvet Choker"}],"items_purged_floors":[2,19],"is_endless":false,"potions_floor_spawned":[3,5,10,11,16,18],"killed_by":"Sentry and Sphere","ascension_level":2}}