{"host":"c7gmdtdax4jnur3k","time":1608180631,"event":{"mods":["BaseMod","Colored Map","Downfall","Minty Spire (QoL Compilation)","Replay The Spire","Shop Mod","StSLib","The Cursed","The Runesmith"],"gold_per_floor":[119,119,119,119,119,119,190,207,207,207,233,251,251,261,261,366,366,423,468,468],"floor_reached":19,"playtime":1771,"items_purged":[],"score":200,"play_id":"bae98d57-a49a-4162-9bd7-4022a8eae863","local_time":"20201217005031","is_ascension_mode":false,"campfire_choices":[{"floor":6,"key":"RECALL"},{"floor":13,"key":"REST"},{"floor":15,"key":"REST"}],"circlet_count":0,"master_deck":["Runesmith:Strike_RS+1","Runesmith:Strike_RS+1","Runesmith:Strike_RS","Runesmith:Strike_RS","Runesmith:Defend_RS","Runesmith:Defend_RS","Runesmith:Defend_RS","Runesmith:Defend_RS","Runesmith:CraftFirestone+1","Runesmith:Fortify+1","Runesmith:Grindstone","Delirium","Regret","Runesmith:RunicBlueprint","Runesmith:LithiumIon","Runesmith:ElementalConversion","Runesmith:LithiumIon+1","Runesmith:ArcReactor+1","Runesmith:Grindstone+1"],"relics":["Runesmith:BrokenRuby","NeowsBlessing","ReplayTheSpireMod:Ring of Challenge","ReplayTheSpireMod:Ring of Collecting","Matryoshka","Calipers","Ring of Misfortune","Orichalcum","Frozen Egg 2","Philosopher\u0027s Stone"],"acts_visited":["Exordium","TheCity"],"potions_floor_usage":[16,16,16],"damage_taken":[{"damage":0,"enemies":"2 Louse","floor":1,"turns":1},{"damage":0,"enemies":"Gremlin Nob","floor":7,"turns":1},{"damage":0,"enemies":"Jaw Worm","floor":8,"turns":1},{"damage":11,"enemies":"3 Sentries","floor":11,"turns":10},{"damage":0,"enemies":"Small Slimes","floor":12,"turns":4},{"damage":14,"enemies":"Exordium Wildlife","floor":14,"turns":5},{"damage":16,"enemies":"Slime Boss","floor":16,"turns":7},{"damage":27,"enemies":"Shell Parasite","floor":18,"turns":7},{"damage":43,"enemies":"3 Byrds","floor":19,"turns":3}],"seed_played":"4789244995991079169","potions_obtained":[{"floor":1,"key":"EssenceOfSteel"},{"floor":8,"key":"Languid Potion"},{"floor":11,"key":"Swift Potion"},{"floor":12,"key":"Strength Potion"},{"floor":18,"key":"DuplicationPotion"}],"is_trial":false,"path_per_floor":["M","?","?","?","?","R","E","M","T","?","E","M","R","M","R","B",null,"M","M"],"character_chosen":"RUNESMITH_CLASS","items_purchased":[],"campfire_rested":2,"item_purchase_floors":[],"current_hp_per_floor":[70,70,70,70,70,70,70,70,70,56,45,45,66,52,70,54,70,43,0,0],"gold":468,"neow_bonus":"THREE_ENEMY_KILL","is_daily":false,"chose_seed":false,"campfire_upgraded":0,"win_rate":0.0,"timestamp":1608180631,"path_taken":["M","?","?","?","?","R","E","M","T","?","E","M","R","?","R","BOSS","M","M"],"items_purchased_type":[],"build_version":"2020-12-13","purchased_purges":0,"victory":false,"max_hp_per_floor":[70,70,70,70,70,70,70,70,70,70,70,70,70,70,70,70,70,70,70,70],"card_choices":[{"not_picked":["Runesmith:ChargedHammer","Runesmith:UnstableHammer"],"picked":"Runesmith:Grindstone","floor":1},{"not_picked":["Runesmith:Repurpose","Runesmith:HeatedChisel"],"picked":"Runesmith:RunicBlueprint","floor":7},{"not_picked":["Runesmith:UnstableHammer","Runesmith:Overpower"],"picked":"Runesmith:LithiumIon","floor":8},{"not_picked":["Runesmith:EarthShield","Runesmith:CraftReservo"],"picked":"Runesmith:ElementalConversion","floor":11},{"not_picked":["Runesmith:Prism","Runesmith:EnergizedChisel"],"picked":"Runesmith:LithiumIon+1","floor":12},{"not_picked":["Runesmith:HeatedChisel","Runesmith:RuneHurl","Runesmith:StaticCage"],"picked":"SKIP","floor":14},{"not_picked":["Runesmith:LightningRod","Runesmith:LastStand"],"picked":"Runesmith:ArcReactor+1","floor":16},{"not_picked":["Runesmith:UnstableHammer+1","Runesmith:Repurpose"],"picked":"Runesmith:Grindstone+1","floor":18}],"player_experience":714323,"relics_obtained":[{"floor":3,"key":"ReplayTheSpireMod:Ring of Challenge"},{"floor":3,"key":"ReplayTheSpireMod:Ring of Collecting"},{"floor":7,"key":"Calipers"},{"floor":9,"key":"Ring of Misfortune"},{"floor":9,"key":"Orichalcum"},{"floor":11,"key":"Frozen Egg 2"}],"event_choices":[{"damage_healed":0,"gold_gain":0,"player_choice":"Box","damage_taken":0,"relics_obtained":["Matryoshka"],"max_hp_gain":0,"max_hp_loss":0,"event_name":"Big Fish","floor":4,"gold_loss":0,"cards_obtained":["Regret"]},{"damage_healed":0,"gold_gain":0,"player_choice":"Grow","damage_taken":0,"max_hp_gain":0,"max_hp_loss":0,"event_name":"Living Wall","floor":5,"gold_loss":0,"cards_upgraded":["Runesmith:CraftFirestone"]},{"damage_healed":0,"gold_gain":0,"player_choice":"Entered Light","damage_taken":14,"max_hp_gain":0,"max_hp_loss":0,"event_name":"Shining Light","floor":10,"gold_loss":0,"cards_upgraded":["Runesmith:Fortify","Runesmith:Strike_RS"]}],"is_beta":false,"boss_relics":[{"not_picked":["Coffee Dripper","Empty Cage"],"picked":"Philosopher\u0027s Stone"}],"items_purged_floors":[],"is_endless":false,"potions_floor_spawned":[1,8,11,12,18],"killed_by":"3 Byrds","ascension_level":0}}