{"host":"e40jm352kjzixotw","time":1608234570,"event":{"mods":["BaseMod","Better Altar","BetterRewards","Colored Map","Colored Powertips","DeckTracker","Dota2Spire","Koishi","Marisa????????","Minty Spire (QoL Compilation)","Rare Cards Sparkle","Relic Stats","StSLib","The Animator","The Servant 0.9.4"],"gold_per_floor":[118,193,210,210,91,121,141,141,141,141,155,155,155,184,184,287,287,299,310,324,239,138,138,170,188,188,188,223,223,250,260,260,363,363,376,389,253,268,314,342,342,342,416,416,459,516,528,178,178,208,208,208,31,86,116],"floor_reached":56,"playtime":4599,"items_purged":["Strike_S","SurpressingFire","KidneyShot","Strike_S"],"score":1403,"play_id":"9ee2b5cf-d5b0-44d4-9702-81d391a95df3","local_time":"20201217204930","is_ascension_mode":true,"campfire_choices":[{"data":"Potential","floor":8.0,"key":"SMITH"},{"data":"Exchange","floor":10.0,"key":"SMITH"},{"data":"TimeWarp","floor":12.0,"key":"SMITH"},{"floor":15.0,"key":"REST"},{"data":"Alleviate","floor":23.0,"key":"SMITH"},{"floor":27,"key":"REST"},{"floor":32,"key":"RECALL"},{"floor":41,"key":"REST"},{"data":"Embodiment","floor":49,"key":"SMITH"},{"data":"Defend_S","floor":52,"key":"SMITH"}],"circlet_count":3,"master_deck":["Strike_S","Defend_S","Defend_S+1","Defend_S","Defend_S","Exchange+1","MurderousAura","Read","Contraction","FastForward","Potential+1","ShiftingGears","TimeWarp+1","TrueSight","Comet+1","Alleviate+1","TimeTheft+1","BottledTime","Embodiment+1","BottledTime+1","Collapse+1","Parasite","Contraction","WasteNot","FastForward"],"relics":["Uniform","Dota2Spire:ShivaGuard","FossilizedHelix","Dota2Spire:MonkeyKingBar","Dota2Spire:RefresherOrb","Circlet","Dota2Spire:ShadowBlade","Molten Egg 2","Happy Flower","Sozu","CatCart","Dota2Spire:HandOfMidas","Dota2Spire:MantaStyle","CaptainsWheel","Broom","Pantograph"],"acts_visited":["Exordium","TheCity","TheBeyond","TheEnding"],"potions_floor_usage":[39,55,55],"damage_taken":[{"damage":0.0,"enemies":"2 Louse","floor":1.0,"turns":3.0},{"damage":2.0,"enemies":"Small Slimes","floor":3.0,"turns":5.0},{"damage":12.0,"enemies":"Gremlin Nob","floor":6.0,"turns":7.0},{"damage":0.0,"enemies":"Jaw Worm","floor":7.0,"turns":6.0},{"damage":0.0,"enemies":"Exordium Thugs","floor":11.0,"turns":7.0},{"damage":0.0,"enemies":"Lagavulin","floor":14.0,"turns":8.0},{"damage":1.0,"enemies":"Hexaghost","floor":16.0,"turns":10.0},{"damage":0.0,"enemies":"Spheric Guardian","floor":18.0,"turns":6.0},{"damage":0.0,"enemies":"Shell Parasite","floor":19.0,"turns":5.0},{"damage":0.0,"enemies":"Snake Plant","floor":20.0,"turns":5.0},{"damage":13.0,"enemies":"Slavers","floor":24.0,"turns":8.0},{"damage":18.0,"enemies":"Chosen and Byrds","floor":25.0,"turns":8.0},{"damage":0,"enemies":"Book of Stabbing","floor":28,"turns":6},{"damage":4,"enemies":"Gremlin Leader","floor":30,"turns":14},{"damage":0,"enemies":"Cultist and Chosen","floor":31,"turns":9},{"damage":0,"enemies":"Automaton","floor":33,"turns":12},{"damage":6,"enemies":"3 Darklings","floor":35,"turns":10},{"damage":0,"enemies":"Orb Walker","floor":36,"turns":4},{"damage":0,"enemies":"Writhing Mass","floor":38,"turns":7},{"damage":0,"enemies":"Orin","floor":39,"turns":12},{"damage":33,"enemies":"Nemesis","floor":40,"turns":9},{"damage":0,"enemies":"Maw","floor":45,"turns":8},{"damage":0,"enemies":"Giant Head","floor":46,"turns":9},{"damage":0,"enemies":"3 Darklings","floor":47,"turns":4},{"damage":10,"enemies":"Donu and Deca","floor":50,"turns":7},{"damage":11,"enemies":"Shield and Spear","floor":54,"turns":6},{"damage":59,"enemies":"The Heart","floor":55,"turns":12}],"seed_played":"-1300920945836709922","potions_obtained":[{"floor":6.0,"key":"ColorlessPotion"},{"floor":14.0,"key":"EssenceOfSteel"},{"floor":16.0,"key":"Swift Potion"}],"is_trial":false,"path_per_floor":["M","?","M","?","$","E","M","R","T","R","M","R","?","E","R","B",null,"M","M","M","?","$","R","E","M","T","R","E","?","E","M","R","B",null,"M","M","$","M","?","E","R","?","T","?","M","E","M","$","R","B",null,"R","$","E","B",null],"character_chosen":"THE_SERVANT","items_purchased":["SurpressingFire","FastForward","Alleviate","Collapse+1","Broom","WasteNot","FastForward"],"campfire_rested":3,"item_purchase_floors":[5,5,22,37,48,48,53],"current_hp_per_floor":[59,48,46,46,46,34,34,34,34,34,34,34,27,27,44,43,59,59,59,59,59,59,59,46,28,28,45,45,45,41,41,41,41,59,53,53,53,53,53,20,37,37,37,37,37,37,37,37,37,27,59,59,59,48,59],"gold":116,"neow_bonus":"THREE_RARE_CARDS","is_daily":false,"chose_seed":false,"campfire_upgraded":6,"win_rate":0.0,"timestamp":1608234570,"path_taken":["M","?","M","?","$","E","M","R","T","R","M","R","?","E","R","BOSS","M","M","M","?","$","R","E","M","T","R","E","?","E","M","R","BOSS","M","M","$","M","?","E","R","?","T","?","M","E","M","$","R","BOSS","R","$","E","BOSS"],"items_purchased_type":["Card","Card","Card","Card","Relic","Card","Card"],"build_version":"2020-12-13","purchased_purges":4,"victory":true,"max_hp_per_floor":[59,59,59,59,59,59,59,59,59,59,59,59,59,59,59,59,59,59,59,59,59,59,59,59,59,59,59,59,59,59,59,59,59,59,59,59,59,59,59,59,59,59,59,59,59,59,59,59,59,59,59,59,59,59,59],"relic_stats":{"Sozu":6,"Happy Flower":[36],"counters":[27,207],"Pantograph":11,"obtain_stats":[{"Dota2Spire:HandOfMidas":40,"Dota2Spire:MantaStyle":43,"Happy Flower":30,"Circlet":0,"Dota2Spire:ShivaGuard":6,"Dota2Spire:RefresherOrb":17,"Dota2Spire:ShadowBlade":24,"Uniform":0,"Broom":48,"Sozu":34,"CaptainsWheel":46,"infinitespire:ShieldingShard":21,"Pantograph":54,"Molten Egg 2":28,"CatCart":39,"Dota2Spire:MonkeyKingBar":14,"FossilizedHelix":9},{"Dota2Spire:HandOfMidas":21,"Dota2Spire:MantaStyle":21,"Happy Flower":14,"Circlet":0,"Dota2Spire:ShivaGuard":3,"Dota2Spire:RefresherOrb":7,"Dota2Spire:ShadowBlade":11,"Uniform":0,"Broom":24,"Sozu":16,"CaptainsWheel":23,"infinitespire:ShieldingShard":10,"Pantograph":26,"Molten Egg 2":13,"CatCart":20,"Dota2Spire:MonkeyKingBar":6,"FossilizedHelix":4},{"Dota2Spire:HandOfMidas":161,"Dota2Spire:MantaStyle":161,"Happy Flower":98,"Circlet":0,"Dota2Spire:ShivaGuard":15,"Dota2Spire:RefresherOrb":46,"Dota2Spire:ShadowBlade":70,"Uniform":0,"Broom":182,"Sozu":119,"CaptainsWheel":178,"infinitespire:ShieldingShard":62,"Pantograph":195,"Molten Egg 2":84,"CatCart":152,"Dota2Spire:MonkeyKingBar":36,"FossilizedHelix":21}]},"card_choices":[{"not_picked":["ForgedInTime","PendulumOfEternity"],"picked":"MurderousAura","floor":0.0},{"not_picked":["TimeTheft","ShatteredReality"],"picked":"Read","floor":1.0},{"not_picked":["Rewind","Read"],"picked":"Contraction","floor":3.0},{"not_picked":["TheWorld","DoubleEdge"],"picked":"Potential","floor":6.0},{"not_picked":["SpecialFormula","DoubleEdge"],"picked":"ShiftingGears","floor":7.0},{"not_picked":["SpecialFormula","StarChef"],"picked":"TimeWarp","floor":11.0},{"not_picked":["Unruled","DoubleEdge","Spin"],"picked":"SKIP","floor":14.0},{"not_picked":["Duplication","LightFlow"],"picked":"TrueSight","floor":16.0},{"not_picked":["Defy","Starlight"],"picked":"Comet+1","floor":18.0},{"not_picked":["Hightail","DualDimension","Rewind"],"picked":"SKIP","floor":19.0},{"not_picked":["Revamp","Ricochet","Luminosity"],"picked":"SKIP","floor":20.0},{"not_picked":["Defy","Rewind"],"picked":"TimeWarp+1","floor":24.0},{"not_picked":["BestPractice","Moonlight","Starlight"],"picked":"SKIP","floor":25},{"not_picked":["Comet+1","DualDimension"],"picked":"TimeTheft+1","floor":28},{"not_picked":["RealityMarble","Defy"],"picked":"BottledTime","floor":30},{"not_picked":["Ricochet+1","Manipulate","RealityMarble"],"picked":"SKIP","floor":31},{"not_picked":["Sunlight+1","Initiator+1"],"picked":"Embodiment","floor":33},{"not_picked":["WasteNot+1","StarChef+1","TimeTheft"],"picked":"SKIP","floor":35},{"not_picked":["Read","TimeWarp+1"],"picked":"BottledTime+1","floor":36},{"not_picked":["Unruled+1","TimeWarp+1","SurpressingFire+1"],"picked":"SKIP","floor":38},{"not_picked":["DoubleEdge+1","Starlight+1","Revamp"],"picked":"SKIP","floor":40},{"not_picked":["SilverBlades","Spin+1","Alleviate"],"picked":"SKIP","floor":45},{"not_picked":["FanOfKnives+1","SoulSculpture+1","Spin+1"],"picked":"SKIP","floor":46},{"not_picked":["Ricochet+1","Hightail+1"],"picked":"Contraction","floor":47},{"not_picked":["Defy","SilverBlades+1","WasteNot"],"picked":"SKIP","floor":54}],"player_experience":1201920,"relics_obtained":[{"floor":6.0,"key":"Dota2Spire:ShivaGuard"},{"floor":9.0,"key":"FossilizedHelix"},{"floor":14.0,"key":"Dota2Spire:MonkeyKingBar"},{"floor":24.0,"key":"Dota2Spire:ShadowBlade"},{"floor":28,"key":"Molten Egg 2"},{"floor":30,"key":"Happy Flower"},{"floor":39,"key":"CatCart"},{"floor":40,"key":"Dota2Spire:HandOfMidas"},{"floor":43,"key":"Dota2Spire:MantaStyle"},{"floor":46,"key":"CaptainsWheel"},{"floor":54,"key":"Pantograph"}],"event_choices":[{"damage_healed":0.0,"max_hp_gain":0.0,"max_hp_loss":0.0,"gold_gain":75.0,"event_name":"World of Goop","player_choice":"Gather Gold","floor":2.0,"gold_loss":0.0,"damage_taken":11.0},{"cards_removed":["Strike_S"],"damage_healed":0.0,"max_hp_gain":0.0,"max_hp_loss":0.0,"gold_gain":0.0,"event_name":"Golden Wing","player_choice":"Card Removal","floor":13.0,"gold_loss":0.0,"damage_taken":7.0},{"damage_healed":0.0,"max_hp_gain":0.0,"max_hp_loss":0.0,"gold_gain":0.0,"event_name":"Addict","player_choice":"Obtained Relic","floor":21.0,"gold_loss":85.0,"damage_taken":0.0,"relics_obtained":["infinitespire:ShieldingShard"]},{"damage_healed":0,"gold_gain":0,"player_choice":"Ignored","damage_taken":0,"max_hp_gain":0,"max_hp_loss":0,"event_name":"The Mausoleum","floor":29,"gold_loss":0},{"damage_healed":0,"gold_gain":0,"player_choice":"Fight","damage_taken":0,"max_hp_gain":0,"max_hp_loss":0,"event_name":"OrinTheCat","floor":39,"gold_loss":0},{"cards_removed":["TimeWarp"],"damage_healed":0,"gold_gain":0,"player_choice":"Removed Attack","damage_taken":0,"max_hp_gain":0,"max_hp_loss":0,"event_name":"Falling","floor":42,"gold_loss":0},{"damage_healed":0,"gold_gain":0,"player_choice":"Ignored","damage_taken":0,"max_hp_gain":0,"max_hp_loss":0,"event_name":"Tomb of Lord Red Mask","floor":44,"gold_loss":0}],"is_beta":false,"boss_relics":[{"not_picked":["Dota2Spire:Bloodstone","infinitespire:Cupcake"],"picked":"Dota2Spire:RefresherOrb"},{"not_picked":["Snecko Eye","Cursed Key"],"picked":"Sozu"}],"items_purged_floors":[22,37,48,53],"is_endless":false,"potions_floor_spawned":[6,14,16,19,24,25,30,31,36,39,45,46,47,54],"ascension_level":1}}