{"host":"o2evyl5sbrgotc3u","time":1608216689,"event":{"mods":["AchievementEnabler","BaseMod","Colored Map","DeckTracker","Faster Ascension Climbing","Keyboard Shortcuts","Minty Spire (QoL Compilation)","Permanent Neow","Quick Restart","Relic Stats","StSLib","SuperFastMode","everything is the same but u backflip on backflip"],"gold_per_floor":[110,285,285,285,162,162,183,45,45,79,98,98,118,131,131,256,256,271,108,128,151,151,151,170,186,186,204,204,204,204,214,214,214,214],"floor_reached":33,"playtime":840,"items_purged":["Doubt","Strike_B","Defend_B"],"score":249,"play_id":"d6a7b180-69fd-49ff-a88c-ce8b9db08810","local_time":"20201217235129","is_ascension_mode":false,"campfire_choices":[{"data":"Zap","floor":6.0,"key":"SMITH"},{"data":"Defragment","floor":12.0,"key":"SMITH"},{"data":"Dualcast","floor":15.0,"key":"SMITH"},{"data":"Redo","floor":23.0,"key":"SMITH"},{"data":"Consume","floor":28.0,"key":"SMITH"},{"floor":32,"key":"REST"}],"circlet_count":0,"master_deck":["Strike_B","Defend_B","Defend_B","Zap+1","Dualcast+1","Steam","Cold Snap","Streamline","Defragment+1","Ball Lightning","Doom and Gloom","Multi-Cast","Conserve Battery+1","Glacier+1","Loop+1","Recycle+1","Genetic Algorithm","Consume+1","Redo+1","Rebound","Capacitor+1","Hologram"],"relics":["Philosopher\u0027s Stone","Blue Candle","Bloody Idol","Letter Opener","Bottled Tornado","Astrolabe","Enchiridion","The Courier"],"acts_visited":["Exordium","TheCity"],"potions_floor_usage":[31,31],"damage_taken":[{"damage":2.0,"enemies":"Jaw Worm","floor":1.0,"turns":4.0},{"damage":0.0,"enemies":"2 Louse","floor":7.0,"turns":2.0},{"damage":25.0,"enemies":"Gremlin Nob","floor":10.0,"turns":5.0},{"damage":6.0,"enemies":"Small Slimes","floor":11.0,"turns":3.0},{"damage":0.0,"enemies":"2 Fungi Beasts","floor":13.0,"turns":3.0},{"damage":0.0,"enemies":"3 Louse","floor":14.0,"turns":2.0},{"damage":16.0,"enemies":"The Guardian","floor":16.0,"turns":7.0},{"damage":0.0,"enemies":"Chosen","floor":18.0,"turns":4.0},{"damage":0.0,"enemies":"3 Byrds","floor":20.0,"turns":4.0},{"damage":0.0,"enemies":"Snecko","floor":21.0,"turns":5.0},{"damage":0.0,"enemies":"Snake Plant","floor":24.0,"turns":4.0},{"damage":10.0,"enemies":"Centurion and Healer","floor":25.0,"turns":6.0},{"damage":14.0,"enemies":"Chosen and Byrds","floor":27.0,"turns":5.0},{"damage":17,"enemies":"3 Cultists","floor":31,"turns":4},{"damage":37,"enemies":"Automaton","floor":33,"turns":4}],"seed_played":"-8254184623839774893","potions_obtained":[{"floor":1.0,"key":"FearPotion"},{"floor":11.0,"key":"Strength Potion"},{"floor":13.0,"key":"Weak Potion"},{"floor":16.0,"key":"Strength Potion"},{"floor":24.0,"key":"Fire Potion"},{"floor":31,"key":"LiquidMemories"}],"is_trial":false,"path_per_floor":["M","?","T","?","$","R","M","$","T","E","M","R","M","M","R","B",null,"M","$","M","M","?","R","M","M","T","M","R","?","?","M","R","B"],"character_chosen":"DEFECT","items_purchased":["Cold Snap","Defragment","Genetic Algorithm"],"campfire_rested":1,"item_purchase_floors":[5,8,19],"current_hp_per_floor":[73,73,73,69,69,69,69,69,69,44,38,38,38,38,38,22,69,69,69,69,69,53,53,53,43,43,29,29,29,29,17,37,0,0],"gold":214,"neow_bonus":"BOSS_RELIC","is_daily":false,"chose_seed":false,"campfire_upgraded":5,"win_rate":0.0,"timestamp":1608216689,"path_taken":["M","?","?","?","$","R","M","$","T","E","M","R","M","M","R","BOSS","M","$","M","M","?","R","M","M","T","M","R","?","?","M","R","BOSS"],"items_purchased_type":["Card","Card","Card"],"build_version":"2020-12-13","purchased_purges":3,"victory":false,"max_hp_per_floor":[75,75,75,69,69,69,69,69,69,69,69,69,69,69,69,69,69,69,69,69,69,69,69,69,69,69,69,69,69,69,69,69,69,69],"relic_stats":{"counters":[15,62],"Blue Candle":[0],"Bloody Idol":5,"Astrolabe":["Conserve Battery","Glacier","Loop"],"Letter Opener":[62],"obtain_stats":[{"Golden Idol":4,"Blue Candle":3,"Astrolabe":17,"Bloody Idol":30,"Enchiridion":22,"Philosopher\u0027s Stone":0,"The Courier":26,"Letter Opener":9,"Bottled Tornado":10,"Cracked Core":0},{"Golden Idol":1,"Blue Candle":1,"Astrolabe":7,"Bloody Idol":13,"Enchiridion":10,"Philosopher\u0027s Stone":0,"The Courier":12,"Letter Opener":2,"Bottled Tornado":3,"Cracked Core":0},{"Golden Idol":4,"Blue Candle":4,"Astrolabe":26,"Bloody Idol":54,"Enchiridion":39,"Philosopher\u0027s Stone":0,"The Courier":49,"Letter Opener":6,"Bottled Tornado":11,"Cracked Core":0}]},"card_choices":[{"not_picked":["Consume","Leap"],"picked":"Steam","floor":1.0},{"not_picked":["White Noise","Genetic Algorithm"],"picked":"Streamline","floor":7.0},{"not_picked":["Fusion","Steam Power"],"picked":"Ball Lightning","floor":10.0},{"not_picked":["Turbo","Redo","Steam"],"picked":"SKIP","floor":11.0},{"not_picked":["Gash","White Noise"],"picked":"Doom and Gloom","floor":13.0},{"not_picked":["Static Discharge","Tempest","Redo"],"picked":"SKIP","floor":14.0},{"not_picked":["Echo Form","Biased Cognition"],"picked":"Multi-Cast","floor":16.0},{"not_picked":["Static Discharge","Sweeping Beam+1"],"picked":"Recycle+1","floor":18.0},{"not_picked":["Melter","Hologram+1"],"picked":"Consume","floor":20.0},{"not_picked":["Beam Cell","Coolheaded"],"picked":"Redo","floor":21.0},{"not_picked":["Barrage+1","Cold Snap"],"picked":"Rebound","floor":24.0},{"not_picked":["Steam","Scrape","Ball Lightning"],"picked":"SKIP","floor":25.0},{"not_picked":["Gash","Compile Driver"],"picked":"Capacitor+1","floor":27.0},{"not_picked":["Doom and Gloom","Sunder"],"picked":"Hologram","floor":31}],"player_experience":290422,"relics_obtained":[{"floor":3.0,"key":"Blue Candle"},{"floor":9.0,"key":"Letter Opener"},{"floor":10.0,"key":"Bottled Tornado"},{"floor":22.0,"key":"Enchiridion"},{"floor":26.0,"key":"The Courier"}],"event_choices":[{"damage_healed":0.0,"max_hp_gain":0.0,"max_hp_loss":0.0,"gold_gain":175.0,"event_name":"Liars Game","player_choice":"AGREE","floor":2.0,"gold_loss":0.0,"damage_taken":0.0,"cards_obtained":["Doubt"]},{"damage_healed":0.0,"max_hp_gain":0.0,"max_hp_loss":6.0,"gold_gain":0.0,"event_name":"Golden Idol","player_choice":"Lose Max HP","floor":4.0,"gold_loss":0.0,"damage_taken":0.0,"relics_obtained":["Golden Idol"]},{"damage_healed":0.0,"max_hp_gain":0.0,"max_hp_loss":0.0,"gold_gain":0.0,"event_name":"Cursed Tome","player_choice":"Obtained Book","floor":22.0,"gold_loss":0.0,"damage_taken":16.0},{"damage_healed":0.0,"max_hp_gain":0.0,"max_hp_loss":0.0,"gold_gain":0.0,"event_name":"Vampires","player_choice":"Ignored","floor":29.0,"gold_loss":0.0,"damage_taken":0.0},{"damage_healed":0.0,"max_hp_gain":0.0,"max_hp_loss":0.0,"gold_gain":0.0,"event_name":"Forgotten Altar","player_choice":"Gave Idol","floor":30.0,"relics_lost":["Golden Idol"],"gold_loss":0.0,"damage_taken":0.0,"relics_obtained":["Bloody Idol"]}],"is_beta":false,"boss_relics":[{"not_picked":["Coffee Dripper","Ectoplasm"],"picked":"Astrolabe"}],"items_purged_floors":[5,8,19],"is_endless":false,"potions_floor_spawned":[1,11,13,16,18,24,25,31],"killed_by":"Automaton","ascension_level":0}}