{"host":"fxrgx7wt2cpkbhka","time":1608205411,"event":{"mods":["AchievementEnabler","BaseMod","Colored Powertips","Minty Spire (QoL Compilation)","Permanent Neow","Slay-I","StSLib","Waifu the Spire"],"gold_per_floor":[115,115,115,134,151,151,166,184,184,135,145,145,158,168,168,263,263,275,252,266,266,285,315,328,328,328,354,354,354,354],"floor_reached":29,"playtime":1144,"items_purged":[],"score":408,"play_id":"da2f3b28-7abc-43bf-a457-8ff2c0da1ffd","local_time":"20201217034331","is_ascension_mode":true,"campfire_choices":[{"data":"Poisoned Stab","floor":6,"key":"SMITH"},{"floor":15,"key":"REST"}],"circlet_count":0,"master_deck":["Strike_G","Strike_G","Strike_G","Strike_G","Strike_G+1","Defend_G","Defend_G","Defend_G+1","Survivor","Neutralize","Poisoned Stab+1","Dagger Throw","Masterful Stab","Backstab","Sucker Punch","Deflect","Bane","Poisoned Stab","Ghostly","Ghostly","Ghostly","Ghostly","Ghostly","Backstab","Blur","Deflect"],"relics":["Ring of the Snake","Ornamental Fan","Busted Crown","InkBottle","Nilry\u0027s Codex","Gremlin Horn","Letter Opener"],"acts_visited":["Exordium","TheCity"],"potions_floor_usage":[13,13,27],"damage_taken":[{"damage":12,"enemies":"Jaw Worm","floor":1,"turns":3},{"damage":1,"enemies":"2 Louse","floor":4,"turns":3},{"damage":0,"enemies":"Cultist","floor":5,"turns":4},{"damage":6,"enemies":"Looter","floor":7,"turns":3},{"damage":22,"enemies":"Lots of Slimes","floor":8,"turns":5},{"damage":0,"enemies":"Blue Slaver","floor":11,"turns":2},{"damage":0,"enemies":"Exordium Wildlife","floor":13,"turns":1},{"damage":0,"enemies":"Looter","floor":14,"turns":2},{"damage":22,"enemies":"The Guardian","floor":16,"turns":13},{"damage":0,"enemies":"Spheric Guardian","floor":18,"turns":3},{"damage":13,"enemies":"3 Byrds","floor":20,"turns":6},{"damage":0,"enemies":"Centurion and Healer","floor":22,"turns":6},{"damage":0,"enemies":"Slavers","floor":23,"turns":7},{"damage":0,"enemies":"Snake Plant","floor":24,"turns":4},{"damage":5,"enemies":"Gremlin Leader","floor":27,"turns":6},{"damage":19,"enemies":"Cultist and Chosen","floor":29,"turns":8}],"seed_played":"3139035898915544231","potions_obtained":[{"floor":1,"key":"SteroidPotion"},{"floor":11,"key":"AttackPotion"},{"floor":16,"key":"Ancient Potion"},{"floor":20,"key":"Fire Potion"},{"floor":24,"key":"SmokeBomb"},{"floor":28,"key":"FearPotion"},{"floor":28,"key":"CultistPotion"}],"is_trial":false,"path_per_floor":["M","?","?","M","M","R","M","M","T","$","M","?","M","M","R","B",null,"M","$","M","?","M","E","M","?","T","E","?","M"],"character_chosen":"THE_SILENT","items_purchased":["Sucker Punch","Bane"],"campfire_rested":1,"item_purchase_floors":[10,19],"current_hp_per_floor":[51,37,37,36,36,36,30,8,8,8,8,8,8,8,29,7,54,54,54,41,35,35,35,35,19,19,14,14,0,0],"gold":354,"neow_bonus":"THREE_CARDS","is_daily":false,"chose_seed":false,"campfire_upgraded":1,"win_rate":0.0,"timestamp":1608205411,"path_taken":["M","?","?","?","M","R","M","M","T","$","M","?","?","M","R","BOSS","M","$","M","?","M","E","M","?","T","E","?","M"],"items_purchased_type":["Card","Card"],"build_version":"2020-12-13","purchased_purges":0,"victory":false,"max_hp_per_floor":[70,70,70,70,70,70,70,70,70,70,70,70,70,70,70,70,70,70,70,70,35,35,35,35,35,35,35,35,35,35],"card_choices":[{"not_picked":["Acrobatics","Bouncing Flask"],"picked":"Poisoned Stab","floor":0},{"not_picked":["Endless Agony","Flying Knee","Acrobatics"],"picked":"SKIP","floor":1},{"not_picked":["Outmaneuver","Choke","Concentrate"],"picked":"SKIP","floor":4},{"not_picked":["Deflect","Reflex"],"picked":"Dagger Throw","floor":5},{"not_picked":["Underhanded Strike","Dodge and Roll"],"picked":"Masterful Stab","floor":7},{"not_picked":["Quick Slash","Dagger Throw"],"picked":"Backstab","floor":8},{"not_picked":["Flying Knee","PiercingWail"],"picked":"Deflect","floor":11},{"not_picked":["Outmaneuver","Wraith Form v2","Skewer"],"picked":"SKIP","floor":13},{"not_picked":["Predator","Expertise","Slice"],"picked":"SKIP","floor":14},{"not_picked":["Accuracy"],"picked":"SKIP","floor":18},{"not_picked":[],"picked":"Poisoned Stab","floor":20},{"not_picked":[],"picked":"Backstab","floor":22},{"not_picked":[],"picked":"Blur","floor":23},{"not_picked":["Blade Dance"],"picked":"SKIP","floor":24},{"not_picked":[],"picked":"Deflect","floor":27}],"player_experience":665275,"relics_obtained":[{"floor":9,"key":"Ornamental Fan"},{"floor":23,"key":"InkBottle"},{"floor":25,"key":"Nilry\u0027s Codex"},{"floor":26,"key":"Gremlin Horn"},{"floor":27,"key":"Letter Opener"}],"event_choices":[{"damage_healed":0,"gold_gain":0,"player_choice":"Entered Light","damage_taken":14,"max_hp_gain":0,"max_hp_loss":0,"event_name":"Shining Light","floor":2,"gold_loss":0,"cards_upgraded":["Defend_G","Strike_G"]},{"cards_removed":["Defend_G"],"damage_healed":0,"gold_gain":0,"player_choice":"Offered Basic","damage_taken":0,"max_hp_gain":0,"max_hp_loss":0,"event_name":"Bonfire Elementals","floor":3,"gold_loss":0},{"cards_removed":["Defend_G"],"damage_healed":0,"gold_gain":0,"player_choice":"Purged","damage_taken":0,"max_hp_gain":0,"max_hp_loss":0,"event_name":"Purifier","floor":12,"gold_loss":0},{"damage_healed":0,"gold_gain":0,"player_choice":"Became a Ghost","damage_taken":0,"max_hp_gain":0,"max_hp_loss":35,"event_name":"Ghosts","floor":21,"gold_loss":0,"cards_obtained":["Ghostly","Ghostly","Ghostly","Ghostly","Ghostly"]},{"damage_healed":0,"gold_gain":0,"player_choice":"Obtained Book","damage_taken":16,"max_hp_gain":0,"max_hp_loss":0,"event_name":"Cursed Tome","floor":25,"gold_loss":0},{"damage_healed":0,"gold_gain":0,"player_choice":"Got Potions","damage_taken":0,"max_hp_gain":0,"max_hp_loss":0,"event_name":"Lab","floor":28,"gold_loss":0}],"is_beta":false,"boss_relics":[{"not_picked":["Runic Dome","HoveringKite"],"picked":"Busted Crown"}],"items_purged_floors":[],"is_endless":false,"potions_floor_spawned":[1,11,16,20,24],"killed_by":"Cultist and Chosen","ascension_level":7}}