{"host":"2c1pg2m9wpz3w4c0","time":1608174563,"event":{"mods":["AchievementEnabler","Act Like it!","Aspiration","BaseMod","Better Note","BetterRewards","Disable Question Mark Monsters","Halation","Hubris","Infinite Spire","Lotus Mark","Marisa????????","Minty Spire (QoL Compilation)","Replay The Spire","StSLib","SuperFastMode","The Clintock","The Jungle","The Runesmith","Transform Curses"],"gold_per_floor":[111,131,144,144,144,144,165,165,165,165,178,192,207,307,307,428,428,444,468,468,468,468],"floor_reached":21,"playtime":651,"items_purged":[],"score":273,"play_id":"b43fe332-f2b1-4a53-b065-c720462f7105","local_time":"20201216200923","is_ascension_mode":false,"campfire_choices":[{"data":"Flex","floor":6,"key":"SMITH"},{"data":"Spot Weakness","floor":8,"key":"SMITH"},{"data":"Metallicize","floor":10,"key":"SMITH"},{"floor":15,"key":"REST"}],"circlet_count":0,"master_deck":["Strike_R","Strike_R","Strike_R","Defend_R","Defend_R","Defend_R","Defend_R","Bash","True Grit+1","Flex+1","Rampage","Pommel Strike","Pommel Strike","Metallicize+1","Iron Wave","Corruption","Spot Weakness+1","hubris:StunningStrike","Perfected Strike","Shrug It Off","Demon Form","hubris:CleavingFinish","Flex"],"relics":["Burning Blood","Runesmith:Locket","Golden Idol","infinitespire:FocusingShard","Empty Cage"],"acts_visited":["Exordium","theJungle:Jungle"],"potions_floor_usage":[2,16,16,19],"damage_taken":[{"damage":5,"enemies":"Small Slimes","floor":1,"turns":3},{"damage":0,"enemies":"Jaw Worm","floor":2,"turns":3},{"damage":1,"enemies":"Cultist","floor":3,"turns":3},{"damage":8,"enemies":"Blue Slaver","floor":7,"turns":4},{"damage":12,"enemies":"Red Slaver","floor":11,"turns":3},{"damage":4,"enemies":"Large Slime","floor":12,"turns":6},{"damage":8,"enemies":"3 Louse","floor":13,"turns":3},{"damage":27,"enemies":"Hexaghost","floor":16,"turns":10},{"damage":17,"enemies":"theJungle:GiantWrat","floor":18,"turns":8},{"damage":35,"enemies":"theJungle:Flameango_and_Byrd","floor":19,"turns":8},{"damage":61,"enemies":"theJungle:2_Snecko_Cultists","floor":21,"turns":4}],"seed_played":"-7858890635115105429","potions_obtained":[{"floor":1,"key":"Weak Potion"},{"floor":7,"key":"DuplicationPotion"},{"floor":11,"key":"Flashbang"},{"floor":18,"key":"Regen Potion"}],"is_trial":false,"path_per_floor":["M","M","M","?","?","R","M","R","T","R","M","M","M","?","R","B",null,"M","M","?","M"],"character_chosen":"IRONCLAD","items_purchased":["Runesmith:Locket","True Grit+1","Flex","Rampage","Pommel Strike"],"campfire_rested":1,"item_purchase_floors":[0,0,0,0,0],"current_hp_per_floor":[57,63,68,68,68,68,66,66,66,66,60,62,60,60,80,59,80,69,55,47,0,0],"gold":468,"neow_bonus":"","is_daily":false,"chose_seed":false,"campfire_upgraded":3,"win_rate":0.0,"timestamp":1608174563,"path_taken":["M","M","M","?","?","R","?","R","T","R","M","M","M","?","R","BOSS","M","M","?","M"],"items_purchased_type":["Relic","Card","Card","Card","Card"],"build_version":"2020-12-13","purchased_purges":0,"victory":false,"max_hp_per_floor":[80,80,80,80,80,80,80,80,80,80,80,80,80,80,80,80,80,80,80,80,80,80],"card_choices":[{"not_picked":["Headbutt","Evolve"],"picked":"Pommel Strike","floor":1},{"not_picked":["Thunderclap","Anger"],"picked":"Metallicize","floor":2},{"not_picked":["Dropkick","Wild Strike"],"picked":"Iron Wave","floor":3},{"not_picked":["Cleave","Pommel Strike"],"picked":"Spot Weakness","floor":7},{"not_picked":["Cleave","Blood for Blood"],"picked":"hubris:StunningStrike","floor":11},{"not_picked":["Run Through","Rupture"],"picked":"Perfected Strike","floor":12},{"not_picked":["Heavy Blade","Life Link"],"picked":"Shrug It Off","floor":13},{"not_picked":["Corruption","Juggernaut"],"picked":"Demon Form","floor":16},{"not_picked":["Replay:Undeath\u0027s Touch","ReplayTheSpireMod:Strike From Hell"],"picked":"hubris:CleavingFinish","floor":18},{"not_picked":["Replay:Undeath\u0027s Touch+1","Heavy Blade+1"],"picked":"Flex","floor":19}],"player_experience":1125219,"relics_obtained":[{"floor":9,"key":"infinitespire:FocusingShard"}],"event_choices":[{"damage_healed":0,"gold_gain":0,"player_choice":"Take Wound","damage_taken":0,"relics_obtained":["Golden Idol"],"max_hp_gain":0,"max_hp_loss":0,"event_name":"Golden Idol","floor":4,"gold_loss":0,"cards_obtained":["Injury"]},{"damage_healed":0,"gold_gain":0,"cards_transformed":["Injury"],"player_choice":"Transformed","damage_taken":0,"max_hp_gain":0,"max_hp_loss":0,"event_name":"Transmorgrifier","floor":5,"gold_loss":0,"cards_obtained":["Corruption"]},{"damage_healed":0,"gold_gain":100,"player_choice":"Pray","damage_taken":0,"max_hp_gain":0,"max_hp_loss":0,"event_name":"Golden Shrine","floor":14,"gold_loss":0},{"damage_healed":0,"gold_gain":0,"player_choice":"Damaged","damage_taken":8,"max_hp_gain":0,"max_hp_loss":0,"event_name":"Wheel of Change","floor":20,"gold_loss":0}],"is_beta":false,"boss_relics":[{"not_picked":["halation:PlatinumPhoenix","Runesmith:UraniumAnvil"],"picked":"Empty Cage"}],"items_purged_floors":[],"is_endless":false,"potions_floor_spawned":[1,7,11,18],"killed_by":"theJungle:2_Snecko_Cultists","ascension_level":0}}