{"host":"0v07cr0k93jhgkpm","time":1608233336,"event":{"mods":["BaseMod","Colored Map","DeckTracker","Minty Spire (QoL Compilation)","Quick Restart","SuperFastMode"],"gold_per_floor":[112,112,125,70,84,84,99,99,169,180,180,180,180,224,224,313,313,338,358,15,15,15,15,15,15],"floor_reached":24,"playtime":569,"items_purged":["Defend_P"],"score":388,"play_id":"0ce76417-c5ca-4ba4-94bb-597a9620dbf8","local_time":"20201218042856","is_ascension_mode":true,"campfire_choices":[{"data":"Eruption","floor":6.0,"key":"SMITH"},{"data":"FlurryOfBlows","floor":8.0,"key":"SMITH"},{"data":"Halt","floor":11.0,"key":"SMITH"},{"data":"SandsOfTime","floor":13.0,"key":"SMITH"},{"floor":15.0,"key":"REST"},{"data":"DevaForm","floor":23,"key":"SMITH"}],"circlet_count":0,"master_deck":["AscendersBane","Strike_P","Strike_P","Strike_P","Strike_P","Defend_P","Defend_P","Defend_P","Eruption+1","Vigilance","FlurryOfBlows+1","Protect","Halt+1","FollowUp","SandsOfTime+1","Tantrum","DevaForm+1","EmptyFist","Halt+1"],"relics":["PureWater","NeowsBlessing","Juzu Bracelet","Meat on the Bone","Golden Idol","Regal Pillow","Sozu","Yang","Incense Burner"],"acts_visited":["Exordium","TheCity"],"potions_floor_usage":[],"damage_taken":[{"damage":0.0,"enemies":"Small Slimes","floor":1.0,"turns":1.0},{"damage":0.0,"enemies":"Cultist","floor":3.0,"turns":1.0},{"damage":0.0,"enemies":"2 Louse","floor":5.0,"turns":2.0},{"damage":0.0,"enemies":"Exordium Thugs","floor":7.0,"turns":4.0},{"damage":17.0,"enemies":"3 Louse","floor":10.0,"turns":3.0},{"damage":31.0,"enemies":"Gremlin Nob","floor":14.0,"turns":4.0},{"damage":72.0,"enemies":"Hexaghost","floor":16.0,"turns":7.0},{"damage":0,"enemies":"Chosen","floor":18,"turns":3},{"damage":12,"enemies":"2 Thieves","floor":19,"turns":3},{"damage":25,"enemies":"Slavers","floor":24,"turns":3}],"seed_played":"3524745850521659344","potions_obtained":[{"floor":1.0,"key":"PowerPotion"},{"floor":3.0,"key":"AttackPotion"},{"floor":7.0,"key":"FairyPotion"}],"is_trial":false,"path_per_floor":["M","?","M","$","M","R","M","R","T","M","R","?","R","E","R","B",null,"M","M","$","?","$","R","E"],"character_chosen":"WATCHER","items_purchased":["Halt","Yang"],"campfire_rested":1,"item_purchase_floors":[4,20],"current_hp_per_floor":[61,61,61,61,61,61,61,61,61,44,44,44,44,25,58,18,51,51,39,39,39,39,39,14,14],"gold":15,"neow_bonus":"THREE_ENEMY_KILL","is_daily":false,"chose_seed":false,"campfire_upgraded":5,"win_rate":0.0,"timestamp":1608233336,"path_taken":["M","?","M","?","M","R","M","R","T","M","R","?","R","E","R","BOSS","M","M","$","?","?","R","E"],"items_purchased_type":["Card","Relic"],"build_version":"2020-12-13","purchased_purges":1,"victory":false,"max_hp_per_floor":[68,68,68,68,68,68,68,68,68,68,68,62,62,62,62,62,62,62,62,62,62,62,62,62,62],"card_choices":[{"not_picked":["BattleHymn","Evaluate"],"picked":"FlurryOfBlows","floor":1.0},{"not_picked":["Fasting2","CutThroughFate"],"picked":"Protect","floor":3.0},{"not_picked":["JustLucky","FlyingSleeves"],"picked":"BowlingBash","floor":5.0},{"not_picked":["Protect","Worship"],"picked":"FollowUp","floor":7.0},{"not_picked":["Consecrate","Protect"],"picked":"SandsOfTime","floor":10.0},{"not_picked":["SignatureMove","DeceiveReality"],"picked":"Tantrum","floor":14.0},{"not_picked":["DeusExMachina","LessonLearned"],"picked":"DevaForm","floor":16.0},{"not_picked":["BowlingBash","ThirdEye"],"picked":"EmptyFist","floor":18},{"not_picked":["SashWhip","Consecrate"],"picked":"Halt+1","floor":19}],"player_experience":2468421,"relics_obtained":[{"floor":2.0,"key":"Juzu Bracelet"},{"floor":9.0,"key":"Meat on the Bone"},{"floor":14.0,"key":"Regal Pillow"}],"event_choices":[{"damage_healed":0.0,"max_hp_gain":0.0,"max_hp_loss":0.0,"gold_gain":0.0,"event_name":"Wheel of Change","player_choice":"Relic","floor":2.0,"gold_loss":0.0,"damage_taken":0.0},{"damage_healed":0.0,"max_hp_gain":0.0,"max_hp_loss":6.0,"gold_gain":0.0,"event_name":"Golden Idol","player_choice":"Lose Max HP","floor":12.0,"gold_loss":0.0,"damage_taken":0.0,"relics_obtained":["Golden Idol"]},{"cards_removed":["BowlingBash"],"damage_healed":0,"gold_gain":0,"player_choice":"Gave Card","damage_taken":0,"relics_obtained":["Incense Burner"],"max_hp_gain":0,"max_hp_loss":0,"event_name":"WeMeetAgain","floor":21,"gold_loss":0}],"is_beta":false,"boss_relics":[{"not_picked":["SacredBark","Calling Bell"],"picked":"Sozu"}],"items_purged_floors":[20],"is_endless":false,"potions_floor_spawned":[1,3,7],"killed_by":"Slavers","ascension_level":20}}