{"host":"udzsrhbqdxqtlypj","time":1608236563,"event":{"mods":["BaseMod","Minty Spire (QoL Compilation)","Relic Stats"],"gold_per_floor":[110,110,131,144,144,144,175,194,194,194,233,247,266,299,299,429,429,452,473,230,230,254,254,297,316,370,370,386,386,116,116,116,116,116],"floor_reached":33,"playtime":1674,"items_purged":["Strike_R"],"score":431,"play_id":"bc662206-95a1-4100-b25c-02764ab25477","local_time":"20201217142243","is_ascension_mode":true,"campfire_choices":[{"data":"Fire Breathing","floor":6,"key":"SMITH"},{"data":"Fiend Fire","floor":10,"key":"SMITH"},{"data":"True Grit","floor":15,"key":"SMITH"},{"data":"Barricade","floor":23,"key":"SMITH"},{"data":"Limit Break","floor":29,"key":"SMITH"},{"data":"Bash","floor":32,"key":"SMITH"}],"circlet_count":0,"master_deck":["AscendersBane","Strike_R+1","Strike_R+1","Strike_R+1","Defend_R+1","Defend_R+1","Defend_R+1","Defend_R+1","Bash+1","Fire Breathing+1","Twin Strike","Flame Barrier","Fiend Fire+1","Sentinel","Flex","True Grit+1","Ghostly Armor","Barricade+1","Intimidate+1","Flex","Limit Break+1","Heavy Blade+1","True Grit+1","Shrug It Off","Twin Strike","Necronomicurse"],"relics":["Burning Blood","Unceasing Top","Golden Idol","StrikeDummy","Meat on the Bone","Boot","Anchor","Coffee Dripper","Orichalcum","Red Skull","Bag of Marbles","Oddly Smooth Stone","Necronomicon"],"acts_visited":["Exordium","TheCity"],"potions_floor_usage":[8,11,16,22,24,33,33,33],"damage_taken":[{"damage":4,"enemies":"Small Slimes","floor":1,"turns":4},{"damage":9,"enemies":"Jaw Worm","floor":3,"turns":4},{"damage":1,"enemies":"Cultist","floor":4,"turns":3},{"damage":33,"enemies":"Lagavulin","floor":7,"turns":7},{"damage":15,"enemies":"Exordium Thugs","floor":8,"turns":4},{"damage":16,"enemies":"Gremlin Nob","floor":11,"turns":3},{"damage":16,"enemies":"Lots of Slimes","floor":12,"turns":4},{"damage":1,"enemies":"Looter","floor":13,"turns":3},{"damage":15,"enemies":"3 Sentries","floor":14,"turns":5},{"damage":3,"enemies":"Slime Boss","floor":16,"turns":8},{"damage":0,"enemies":"Chosen","floor":18,"turns":4},{"damage":4,"enemies":"3 Byrds","floor":19,"turns":6},{"damage":0,"enemies":"Cultist and Chosen","floor":22,"turns":4},{"damage":14,"enemies":"Slavers","floor":24,"turns":5},{"damage":10,"enemies":"Snecko","floor":25,"turns":5},{"damage":24,"enemies":"Sentry and Sphere","floor":28,"turns":11},{"damage":41,"enemies":"Automaton","floor":33,"turns":6}],"seed_played":"1850707598952919174","potions_obtained":[{"floor":1,"key":"Fruit Juice"},{"floor":4,"key":"Fire Potion"},{"floor":13,"key":"ColorlessPotion"},{"floor":16,"key":"BlessingOfTheForge"},{"floor":19,"key":"ColorlessPotion"},{"floor":22,"key":"BlessingOfTheForge"},{"floor":25,"key":"HeartOfIron"}],"is_trial":false,"path_per_floor":["M","?","M","M","?","R","E","M","T","R","E","M","M","E","R","B",null,"M","M","$","?","M","R","E","M","T","?","M","R","$","?","R","B"],"character_chosen":"IRONCLAD","items_purchased":["Flex","Orichalcum","Shrug It Off","Oddly Smooth Stone","Twin Strike","AttackPotion"],"campfire_rested":0,"item_purchase_floors":[20,20,30,30,30,30],"current_hp_per_floor":[53,53,50,55,55,55,28,19,19,19,26,28,45,48,48,51,72,78,79,79,79,79,79,71,67,67,67,49,49,49,33,33,0,0],"gold":116,"neow_bonus":"ONE_RARE_RELIC","is_daily":false,"chose_seed":false,"campfire_upgraded":6,"win_rate":0.0,"timestamp":1608236563,"path_taken":["M","?","M","M","?","R","E","M","T","R","E","M","?","E","R","BOSS","M","M","$","?","?","R","E","M","T","?","M","R","$","?","R","BOSS"],"items_purchased_type":["Card","Relic","Card","Relic","Card","Potion"],"build_version":"2020-12-13","purchased_purges":1,"victory":false,"max_hp_per_floor":[80,74,74,74,74,74,74,74,74,74,79,79,79,79,79,79,79,79,79,79,79,79,79,79,79,79,79,79,79,79,79,79,79,79],"relic_stats":{"counters":[17,86],"Golden Idol":95,"Necronomicon":[4],"Orichalcum":[30],"Boot":[11],"obtain_stats":[{"Golden Idol":2,"Oddly Smooth Stone":30,"Orichalcum":20,"Boot":11,"Burning Blood":0,"Anchor":14,"Coffee Dripper":17,"Bag of Marbles":26,"Necronomicon":31,"StrikeDummy":7,"Unceasing Top":0,"Red Skull":24,"Meat on the Bone":9},{"Golden Idol":1,"Oddly Smooth Stone":16,"Orichalcum":12,"Boot":6,"Burning Blood":0,"Anchor":9,"Coffee Dripper":10,"Bag of Marbles":15,"Necronomicon":16,"StrikeDummy":4,"Unceasing Top":0,"Red Skull":14,"Meat on the Bone":5},{"Golden Idol":4,"Oddly Smooth Stone":80,"Orichalcum":55,"Boot":25,"Burning Blood":0,"Anchor":37,"Coffee Dripper":45,"Bag of Marbles":69,"Necronomicon":80,"StrikeDummy":18,"Unceasing Top":0,"Red Skull":64,"Meat on the Bone":22}],"Burning Blood":89,"Unceasing Top":[34],"Meat on the Bone":48},"card_choices":[{"not_picked":["Thunderclap","Dark Embrace"],"picked":"Fire Breathing","floor":1},{"not_picked":["Intimidate","Armaments"],"picked":"Twin Strike","floor":3},{"not_picked":["Dropkick","Searing Blow","Heavy Blade"],"picked":"SKIP","floor":4},{"not_picked":["Pummel","Dual Wield","Hemokinesis"],"picked":"SKIP","floor":7},{"not_picked":["Hemokinesis","Metallicize"],"picked":"Fiend Fire","floor":8},{"not_picked":["Sword Boomerang","Clothesline"],"picked":"Sentinel","floor":11},{"not_picked":["Pummel","Wild Strike"],"picked":"Flex","floor":12},{"not_picked":["Perfected Strike","Warcry"],"picked":"True Grit","floor":13},{"not_picked":["Carnage","Demon Form"],"picked":"Ghostly Armor","floor":14},{"not_picked":["Demon Form","Impervious"],"picked":"Barricade","floor":16},{"not_picked":["Shockwave+1","Inflame+1"],"picked":"Intimidate+1","floor":18},{"not_picked":["Ghostly Armor","Power Through","Warcry"],"picked":"SKIP","floor":19},{"not_picked":["Shrug It Off","Dark Embrace"],"picked":"Heavy Blade+1","floor":22},{"not_picked":["Double Tap","Dropkick"],"picked":"True Grit+1","floor":24},{"not_picked":["Dual Wield","Metallicize","Heavy Blade"],"picked":"SKIP","floor":25},{"not_picked":["Twin Strike","Second Wind","Uppercut"],"picked":"SKIP","floor":28}],"player_experience":2648151,"relics_obtained":[{"floor":7,"key":"StrikeDummy"},{"floor":9,"key":"Meat on the Bone"},{"floor":11,"key":"Boot"},{"floor":14,"key":"Anchor"},{"floor":24,"key":"Red Skull"},{"floor":26,"key":"Bag of Marbles"},{"floor":31,"key":"Necronomicon"}],"event_choices":[{"damage_healed":0,"gold_gain":0,"player_choice":"Lose Max HP","damage_taken":0,"relics_obtained":["Golden Idol"],"max_hp_gain":0,"max_hp_loss":6,"event_name":"Golden Idol","floor":2,"gold_loss":0},{"damage_healed":0,"gold_gain":0,"cards_transformed":["Strike_R"],"player_choice":"Transformed","damage_taken":0,"max_hp_gain":0,"max_hp_loss":0,"event_name":"Transmorgrifier","floor":5,"gold_loss":0,"cards_obtained":["Flame Barrier"]},{"damage_healed":0,"gold_gain":0,"player_choice":"1 cards matched","damage_taken":0,"max_hp_gain":0,"max_hp_loss":0,"event_name":"Match and Keep!","floor":21,"gold_loss":0,"cards_obtained":["Limit Break"]},{"damage_healed":0,"gold_gain":0,"player_choice":"Simplicity","damage_taken":0,"max_hp_gain":0,"max_hp_loss":0,"event_name":"Back to Basics","floor":27,"gold_loss":0,"cards_upgraded":["Strike_R","Strike_R","Strike_R","Defend_R","Defend_R","Defend_R","Defend_R"]},{"damage_healed":0,"gold_gain":0,"player_choice":"Obtained Book","damage_taken":16,"max_hp_gain":0,"max_hp_loss":0,"event_name":"Cursed Tome","floor":31,"gold_loss":0}],"is_beta":false,"boss_relics":[{"not_picked":["Philosopher\u0027s Stone","Pandora\u0027s Box"],"picked":"Coffee Dripper"}],"items_purged_floors":[20],"is_endless":false,"potions_floor_spawned":[1,4,13,16,19,22,25],"killed_by":"Automaton","ascension_level":10}}