{"host":"046f94hp0svsg0ce","time":1608248443,"event":{"mods":["Act Like it!","Astrologer","BaseMod","Beaked The Cultist","Better Third Choice","Colored Map","Colored Powertips","Hermit","Highlight Path","Mad Scientist","Marisa????????","Minty Spire (QoL Compilation)","Quick Restart","Rare Cards Sparkle","Relic Stats","Remilia??????","Somnambulant","StSLib","The Clintock","The Construct","The Exalted","The Forsaken","The Hierophant","The Necromancer","The Runesmith","The Servant 0.9.4","The Valiant"],"gold_per_floor":[114,114,64,64,88,131,131,29,82,15,15,28,59,59,59,182,182,122,122],"floor_reached":18,"playtime":1245,"items_purged":["astrologer:Strike"],"score":166,"play_id":"fd07a321-6d78-48d4-95be-338874eae883","local_time":"20201218004043","is_ascension_mode":false,"campfire_choices":[{"floor":7,"key":"REST"},{"floor":15,"key":"REST"}],"circlet_count":0,"master_deck":["astrologer:Strike","astrologer:Strike","astrologer:Strike","astrologer:Defend","astrologer:Defend","astrologer:Defend","astrologer:Defend","astrologer:NorthStar","astrologer:TheFool","astrologer:ShiningStar","astrologer:Conjunction","astrologer:Opposition","astrologer:TheStar","astrologer:Opposition","astrologer:TheChariot+1","astrologer:Trine"],"relics":["astrologer:SkyMirror","Happy Flower","Golden Idol","Tiny Chest","Pen Nib","Runesmith:AutoHammer","Gambling Chip","construct:WeddingRing"],"acts_visited":["Exordium","TheCity"],"potions_floor_usage":[6,6,16],"damage_taken":[{"damage":0,"enemies":"2 Louse","floor":1,"turns":3},{"damage":1,"enemies":"Small Slimes","floor":5,"turns":4},{"damage":22,"enemies":"3 Sentries","floor":6,"turns":14},{"damage":0,"enemies":"Cultist","floor":12,"turns":3},{"damage":23,"enemies":"Lagavulin","floor":13,"turns":5},{"damage":44,"enemies":"The Guardian","floor":16,"turns":10},{"damage":5,"enemies":"2 Thieves","floor":18,"turns":2}],"seed_played":"-8386759591100161904","potions_obtained":[{"floor":1,"key":"Fire Potion"},{"floor":5,"key":"Dexterity Potion"},{"floor":13,"key":"Swift Potion"}],"is_trial":false,"path_per_floor":["M","?","?","?","M","E","R","$","T","$","?","M","E","?","R","B",null,"M"],"character_chosen":"ASTROLOGER","items_purchased":["astrologer:Opposition","astrologer:TheStar"],"campfire_rested":2,"item_purchase_floors":[8,10],"current_hp_per_floor":[70,70,70,53,52,30,51,51,51,51,51,51,28,28,49,5,70,65,65],"gold":122,"neow_bonus":"THREE_CARDS","is_daily":false,"chose_seed":false,"campfire_upgraded":0,"win_rate":0.0,"timestamp":1608248443,"path_taken":["M","?","?","?","M","E","R","$","T","$","?","?","E","?","R","BOSS","M"],"items_purchased_type":["Card","Card"],"build_version":"2020-12-13","purchased_purges":1,"victory":false,"max_hp_per_floor":[70,70,70,70,70,70,70,70,70,70,70,70,70,70,70,70,70,70,70],"relic_stats":{"Happy Flower":[12],"counters":[7,41],"Golden Idol":48,"Gambling Chip":[2],"Tiny Chest":0,"Pen Nib":[3],"obtain_stats":[{"construct:WeddingRing":17,"Happy Flower":2,"Golden Idol":4,"Gambling Chip":13,"Tiny Chest":6,"astrologer:SkyMirror":0,"Pen Nib":9,"Runesmith:AutoHammer":11},{"construct:WeddingRing":6,"Happy Flower":1,"Golden Idol":1,"Gambling Chip":5,"Tiny Chest":3,"astrologer:SkyMirror":0,"Pen Nib":3,"Runesmith:AutoHammer":3},{"construct:WeddingRing":39,"Happy Flower":3,"Golden Idol":3,"Gambling Chip":29,"Tiny Chest":21,"astrologer:SkyMirror":0,"Pen Nib":21,"Runesmith:AutoHammer":21}]},"card_choices":[{"not_picked":["astrologer:SolarFlare","astrologer:Moonlight"],"picked":"astrologer:TheHermit","floor":0},{"not_picked":["astrologer:Premeditation","astrologer:ReadTheStars","astrologer:TheMoon"],"picked":"SKIP","floor":1},{"not_picked":["astrologer:SpaceDust","astrologer:CometStrike"],"picked":"astrologer:ShiningStar","floor":5},{"not_picked":["astrologer:Still","astrologer:TheMoon"],"picked":"astrologer:Conjunction","floor":6},{"not_picked":["astrologer:MeteorShower","astrologer:Shine"],"picked":"astrologer:Opposition","floor":12},{"not_picked":["astrologer:Conjunction","astrologer:TheEmpress"],"picked":"astrologer:TheChariot","floor":13},{"not_picked":["astrologer:Fate","astrologer:Nova"],"picked":"astrologer:Trine","floor":16}],"player_experience":1617174,"relics_obtained":[{"floor":6,"key":"Tiny Chest"},{"floor":9,"key":"Pen Nib"},{"floor":13,"key":"Gambling Chip"}],"event_choices":[{"damage_healed":0,"gold_gain":0,"player_choice":"Box","damage_taken":0,"relics_obtained":["Happy Flower"],"max_hp_gain":0,"max_hp_loss":0,"event_name":"Big Fish","floor":2,"gold_loss":0,"cards_obtained":["Regret"]},{"cards_removed":["Regret"],"damage_healed":0,"gold_gain":0,"player_choice":"Card Removal","damage_taken":0,"max_hp_gain":0,"max_hp_loss":0,"event_name":"The Cleric","floor":3,"gold_loss":50},{"damage_healed":0,"gold_gain":0,"player_choice":"Take Damage","damage_taken":17,"relics_obtained":["Golden Idol"],"max_hp_gain":0,"max_hp_loss":0,"event_name":"Golden Idol","floor":4,"gold_loss":0},{"cards_removed":["astrologer:TheHermit"],"damage_healed":0,"gold_gain":0,"player_choice":"Gave Card","damage_taken":0,"relics_obtained":["Runesmith:AutoHammer"],"max_hp_gain":0,"max_hp_loss":0,"event_name":"WeMeetAgain","floor":11,"gold_loss":0},{"damage_healed":0,"gold_gain":0,"player_choice":"Upgraded","damage_taken":0,"max_hp_gain":0,"max_hp_loss":0,"event_name":"Upgrade Shrine","floor":14,"gold_loss":0,"cards_upgraded":["astrologer:TheChariot"]}],"is_beta":false,"boss_relics":[{"not_picked":["Runic Pyramid","Busted Crown"],"picked":"construct:WeddingRing"}],"items_purged_floors":[8],"is_endless":false,"potions_floor_spawned":[1,5,13],"killed_by":"2 Thieves","ascension_level":0}}