{"host":"aunmuzt9j70r7vun","time":1608170118,"event":{"mods":["BaseMod","Better Altar","Better Third Choice","BetterRewards","Clockwork Mod","Curses Come First","Downfall","Infinite Spire","LagranYue(???·?)","Mad Scientist","Marisa????????","Minty Spire (QoL Compilation)","Rare Cards Sparkle","Relic Sorter","Say the Spire","Shop Mod","Spicy Shops","StSLib","The Cursed","The Disciple","The Edgeheg","The Mystic","The Servant 0.9.4"],"gold_per_floor":[359,434,120,136,154,154,179,191,218,218,218,237,1,21,21,21,21],"floor_reached":16,"playtime":829,"items_purged":[],"score":133,"play_id":"d05aa796-a260-46c1-85b2-6a597a0ee309","local_time":"20201216215518","is_ascension_mode":true,"campfire_choices":[{"data":"Tempest","floor":6,"key":"SMITH"},{"floor":11,"key":"REST"},{"floor":15,"key":"REST"}],"circlet_count":0,"master_deck":["Strike_B","Strike_B","Strike_B","Strike_B","Defend_B","Defend_B+1","Defend_B","Defend_B+1","Zap","Dualcast","Tempest+1","Static Discharge","Capacitor","Self Repair"],"relics":["Cracked Core","LagranYue:RandomDrawCardRelic","MerchantsRug","Letter Opener","Blood Vial","Juzu Bracelet","War Paint"],"acts_visited":["Exordium"],"potions_floor_usage":[5,8,16,16],"damage_taken":[{"damage":7,"enemies":"Jaw Worm","floor":1,"turns":3},{"damage":2,"enemies":"2 Louse","floor":4,"turns":3},{"damage":8,"enemies":"Small Slimes","floor":5,"turns":2},{"damage":35,"enemies":"3 Sentries","floor":7,"turns":5},{"damage":0,"enemies":"Looter","floor":8,"turns":1},{"damage":7,"enemies":"Exordium Thugs","floor":12,"turns":3},{"damage":13,"enemies":"Blue Slaver","floor":14,"turns":3},{"damage":46,"enemies":"Slime Boss","floor":16,"turns":7}],"seed_played":"4307745464144808395","potions_obtained":[{"floor":4,"key":"Energy Potion"},{"floor":7,"key":"DuplicationPotion"},{"floor":12,"key":"Ancient Potion"}],"is_trial":false,"path_per_floor":["M","?","$","M","M","R","E","M","T","?","R","M","$","M","R","B"],"character_chosen":"DEFECT","items_purchased":["MerchantsRug","Static Discharge","Letter Opener","War Paint","Self Repair","Fire Potion"],"campfire_rested":2,"item_purchase_floors":[3,3,3,13,13,13],"current_hp_per_floor":[61,50,50,48,40,40,5,7,7,7,27,22,22,18,38,0,0],"gold":21,"neow_bonus":"TWO_FIFTY_GOLD","is_daily":false,"chose_seed":false,"campfire_upgraded":1,"win_rate":0.0,"timestamp":1608170118,"path_taken":["M","?","$","M","M","R","E","M","T","?","R","M","$","M","R","BOSS"],"items_purchased_type":["Relic","Card","Relic","Relic","Card","Potion"],"build_version":"2020-12-13","purchased_purges":0,"victory":false,"max_hp_per_floor":[68,68,68,68,68,68,68,68,68,68,68,68,68,68,68,68,68],"card_choices":[{"not_picked":["Self Repair","Barrage"],"picked":"Tempest","floor":1},{"not_picked":["Aggregate","Conserve Battery","Glacier"],"picked":"SKIP","floor":4},{"not_picked":["Barrage","Conserve Battery","Redo"],"picked":"SKIP","floor":5},{"not_picked":["Recycle","Gash","Aggregate"],"picked":"SKIP","floor":7},{"not_picked":["Beam Cell","Steam Power","Stack"],"picked":"SKIP","floor":8},{"not_picked":["Ball Lightning","Hologram"],"picked":"Capacitor","floor":12},{"not_picked":["FTL","Fusion","Coolheaded"],"picked":"SKIP","floor":14}],"player_experience":743900,"relics_obtained":[{"floor":7,"key":"Blood Vial"},{"floor":9,"key":"Juzu Bracelet"}],"event_choices":[{"damage_healed":0,"gold_gain":75,"player_choice":"Gold","damage_taken":11,"max_hp_gain":0,"max_hp_loss":0,"event_name":"betterThird:BetterGoop","floor":2,"gold_loss":0},{"damage_healed":0,"gold_gain":0,"player_choice":"Ignored","damage_taken":0,"max_hp_gain":0,"max_hp_loss":0,"event_name":"Golden Wing","floor":10,"gold_loss":0}],"is_beta":false,"boss_relics":[],"items_purged_floors":[],"is_endless":false,"potions_floor_spawned":[4,7,12],"killed_by":"Slime Boss","ascension_level":6}}