{"host":"87lxh7t77p9km8u4","time":1608231865,"event":{"mods":["BaseMod","Bestiary","Block Reminder","Downfall","Lobotomy","Minty Spire (QoL Compilation)","Permanent Neow","StSLib"],"gold_per_floor":[99,99,118,148,165,176,252,284,134,169,179,179,193,193,212,309,309,234,248,281,300,300,300],"floor_reached":22,"playtime":1568,"items_purged":[],"score":237,"play_id":"f6dfd465-939e-41f8-9fe1-77bac34f7ce2","local_time":"20201217200425","is_ascension_mode":true,"campfire_choices":[{"floor":1,"key":"RECALL"},{"data":"champ:Circumvent","floor":9,"key":"SMITH"},{"data":"champ:ShieldThrow","floor":18,"key":"SMITH"}],"circlet_count":0,"master_deck":["champ:Strike","champ:Strike","champ:Strike","champ:Defend","champ:Defend+1","champ:Defend+1","champ:Defend","champ:Execute","champ:Taunt+1","champ:FlashCut","champ:Control","champ:Circumvent+1","champ:ShieldWall","Regret","champ:AdrenalArmor","champ:ShieldWall","champ:ShieldThrow+1","champ:FanOfKnives","champ:EnGarde"],"relics":["champ:ChampionCrown","Smiling Mask","Bag of Marbles","downfall:HeartBlessingBlue","downfall:HeartBlessingRed","Gambling Chip","Runic Pyramid","downfall:HeartBlessingGreen","Darkstone Periapt"],"acts_visited":["Exordium","TheCity"],"potions_floor_usage":[16,20,22,22,22],"damage_taken":[{"damage":8,"enemies":"Jaw Worm","floor":3,"turns":4},{"damage":38,"enemies":"Gremlin Nob","floor":4,"turns":4},{"damage":6,"enemies":"Cultist","floor":5,"turns":3},{"damage":9,"enemies":"2 Louse","floor":6,"turns":2},{"damage":16,"enemies":"3 Sentries","floor":8,"turns":5},{"damage":34,"enemies":"Gremlin Nob","floor":10,"turns":6},{"damage":4,"enemies":"2 Fungi Beasts","floor":11,"turns":3},{"damage":7,"enemies":"Red Slaver","floor":13,"turns":3},{"damage":20,"enemies":"Exordium Wildlife","floor":15,"turns":4},{"damage":46,"enemies":"downfall:Watcher","floor":16,"turns":13},{"damage":16,"enemies":"Chosen","floor":19,"turns":4},{"damage":45,"enemies":"Slavers","floor":20,"turns":4},{"damage":11,"enemies":"Shell Parasite","floor":21,"turns":4},{"damage":37,"enemies":"downfall:CharBossIronclad","floor":22,"turns":4}],"seed_played":"-4862904675629510405","potions_obtained":[{"floor":3,"key":"ColorlessPotion"},{"floor":6,"key":"Weak Potion"},{"floor":11,"key":"Explosive Potion"},{"floor":16,"key":"FearPotion"},{"floor":21,"key":"LiquidBronze"}],"is_trial":false,"path_per_floor":["R","?","M","E","M","M","T","E","R","E","M","?","M","?","M","B",null,"R","M","E","M","?"],"character_chosen":"THE_CHAMP","items_purchased":[],"campfire_rested":0,"item_purchase_floors":[],"current_hp_per_floor":[90,90,87,65,64,64,64,48,58,39,35,35,33,100,92,69,100,100,86,45,36,0,0],"gold":300,"neow_bonus":"UPGRADE_CARD","is_daily":false,"chose_seed":false,"campfire_upgraded":2,"win_rate":0.0,"timestamp":1608231865,"path_taken":["R","?","M","E","M","?","T","E","R","E","?","?","M","?","M","BOSS","R","M","E","M","?"],"items_purchased_type":[],"build_version":"2020-12-13","purchased_purges":0,"victory":false,"max_hp_per_floor":[90,90,90,90,90,90,90,90,100,100,100,100,100,100,100,100,100,100,100,100,100,100,100],"card_choices":[{"not_picked":["champ:CalledShot","champ:BringItOn"],"picked":"champ:Aggression","floor":3},{"not_picked":["champ:CheapShot","champ:PerfectedStrike"],"picked":"champ:FlashCut","floor":4},{"not_picked":["champ:Shatter","champ:RisingSlash"],"picked":"champ:Control","floor":5},{"not_picked":["champ:EndlessRage","champ:PerfectedStrike","champ:ShieldWall"],"picked":"SKIP","floor":6},{"not_picked":["champ:FocusedGladiator","champ:GladiatorsShout"],"picked":"champ:Circumvent","floor":8},{"not_picked":["champ:Duel","champ:DefensiveShout"],"picked":"champ:ShieldWall","floor":10},{"not_picked":["champ:BerserkersShout","champ:Lariat","champ:RapidStrikes"],"picked":"SKIP","floor":11},{"not_picked":["champ:BladeFlurry","champ:Circumvent"],"picked":"champ:AdrenalArmor","floor":13},{"not_picked":["champ:DeathBlow","champ:FlashCut"],"picked":"champ:ShieldWall","floor":15},{"not_picked":["champ:LastStand","champ:HoldFirm"],"picked":"champ:ShieldThrow","floor":16},{"not_picked":["champ:FlashCut","champ:EnragedBash"],"picked":"champ:FanOfKnives","floor":19},{"not_picked":["champ:EndlessRage","champ:PerfectedStrike+1"],"picked":"champ:EnGarde","floor":20},{"not_picked":["champ:FanOfKnives+1","champ:SteelEdge","champ:Haymaker"],"picked":"SKIP","floor":21}],"player_experience":321518,"relics_obtained":[{"floor":4,"key":"Smiling Mask"},{"floor":8,"key":"Bag of Marbles"},{"floor":10,"key":"Gambling Chip"},{"floor":20,"key":"Darkstone Periapt"}],"event_choices":[{"cards_removed":["champ:Strike"],"damage_healed":0,"gold_gain":0,"player_choice":"Purged","damage_taken":0,"max_hp_gain":0,"max_hp_loss":0,"event_name":"Purifier","floor":2,"gold_loss":0},{"cards_removed":["champ:Aggression"],"damage_healed":67,"gold_gain":0,"player_choice":"Offered Uncommon","damage_taken":0,"max_hp_gain":0,"max_hp_loss":0,"event_name":"Bonfire Elementals","floor":14,"gold_loss":0}],"is_beta":false,"boss_relics":[{"not_picked":["SlaversCollar","Velvet Choker"],"picked":"Runic Pyramid"}],"items_purged_floors":[],"is_endless":false,"potions_floor_spawned":[3,6,11,13,15,16,21],"killed_by":"downfall:CharBossIronclad","ascension_level":1}}