{"host":"2461dio7vetlq1z3","time":1608239772,"event":{"mods":["2.2 Compatiblity","AchievementEnabler","BaseMod","Better Third Choice","Hermit","Marisa????????","Minty Spire (QoL Compilation)","Relic Stats","Spicy Shops","StSLib","Waifu the Spire"],"gold_per_floor":[116,136,154,154,8,8,8,8,8,23,42,58,58,83,83,186,186,199,199,68,81,97,97,111,128,179,179,193,205,205,223,223,319,319,332,332,351,370,370,386,386,386,386,398,423,423,441,453,453,453,453,453,53,84,84],"floor_reached":56,"playtime":2219,"items_purged":["Strike_R","Strike_R","Strike_R"],"score":1262,"play_id":"098bc0d2-4268-4ad5-a300-13ea6f46b175","local_time":"20201217221612","is_ascension_mode":false,"campfire_choices":[{"data":"Searing Blow","floor":6.0,"key":"SMITH"},{"data":"Searing Blow+1","floor":8.0,"key":"SMITH"},{"data":"Searing Blow+2","floor":13.0,"key":"SMITH"},{"data":"Searing Blow+3","floor":15,"key":"SMITH"},{"data":"Searing Blow+4","floor":23,"key":"SMITH"},{"data":"Searing Blow+5","floor":27,"key":"SMITH"},{"data":"Searing Blow+6","floor":30,"key":"SMITH"},{"data":"Searing Blow+7","floor":32,"key":"SMITH"},{"data":"Searing Blow+8","floor":42,"key":"SMITH"},{"data":"Searing Blow+9","floor":46,"key":"SMITH"},{"floor":49,"key":"RECALL"},{"data":"Searing Blow+10","floor":52,"key":"SMITH"}],"circlet_count":0,"master_deck":["Strike_R","Defend_R","Defend_R","Defend_R","Defend_R","Bash","Carnage","Searing Blow+11","Immolate","Battle Trance","True Grit","Feel No Pain","Reaper","Feel No Pain","True Grit","Battle Trance","Impervious","Armaments+1","Shockwave","True Grit+1","Feed","Disarm+1","Disarm","Feel No Pain","True Grit+1","Burning Pact","Exhume"],"relics":["Coffee Dripper"],"acts_visited":["Exordium","TheCity","TheBeyond","TheEnding"],"potions_floor_usage":[21,33,33,45,50,50,55,55],"damage_taken":[{"damage":0.0,"enemies":"Cultist","floor":1.0,"turns":3.0},{"damage":6.0,"enemies":"Jaw Worm","floor":2.0,"turns":2.0},{"damage":0.0,"enemies":"2 Louse","floor":3.0,"turns":2.0},{"damage":2.0,"enemies":"Blue Slaver","floor":10.0,"turns":2.0},{"damage":0.0,"enemies":"Looter","floor":11.0,"turns":3.0},{"damage":0.0,"enemies":"Large Slime","floor":12.0,"turns":3.0},{"damage":0.0,"enemies":"Gremlin Nob","floor":14.0,"turns":2.0},{"damage":35,"enemies":"The Guardian","floor":16,"turns":8},{"damage":5,"enemies":"Chosen","floor":18,"turns":4},{"damage":21,"enemies":"2 Thieves","floor":21,"turns":4},{"damage":16,"enemies":"3 Cultists","floor":22,"turns":4},{"damage":15,"enemies":"Shelled Parasite and Fungi","floor":24,"turns":6},{"damage":7,"enemies":"Chosen and Byrds","floor":25,"turns":6},{"damage":0,"enemies":"3 Cultists","floor":28,"turns":6},{"damage":15,"enemies":"Snecko","floor":29,"turns":4},{"damage":5,"enemies":"Cultist and Chosen","floor":31,"turns":5},{"damage":75,"enemies":"Automaton","floor":33,"turns":8},{"damage":2,"enemies":"Orb Walker","floor":35,"turns":2},{"damage":3,"enemies":"3 Shapes","floor":37,"turns":6},{"damage":19,"enemies":"Spire Growth","floor":38,"turns":5},{"damage":15,"enemies":"Writhing Mass","floor":40,"turns":6},{"damage":2,"enemies":"3 Darklings","floor":44,"turns":5},{"damage":42,"enemies":"Reptomancer","floor":45,"turns":9},{"damage":48,"enemies":"Transient","floor":47,"turns":5},{"damage":0,"enemies":"Maw","floor":48,"turns":9},{"damage":14,"enemies":"Time Eater","floor":50,"turns":12},{"damage":1,"enemies":"Shield and Spear","floor":54,"turns":5},{"damage":83,"enemies":"The Heart","floor":55,"turns":10}],"seed_played":"3452622029045168325","potions_obtained":[{"floor":3.0,"key":"ColorlessPotion"},{"floor":10.0,"key":"FearPotion"},{"floor":11.0,"key":"SneckoOil"},{"floor":21,"key":"FairyPotion"},{"floor":28,"key":"CultistPotion"},{"floor":29,"key":"BloodPotion"},{"floor":38,"key":"AttackPotion"},{"floor":45,"key":"Strength Potion"},{"floor":47,"key":"Dexterity Potion"}],"is_trial":false,"path_per_floor":["M","M","M","?","$","R","?","R","T","M","M","M","R","E","R","B",null,"M","?","$","M","M","R","M","M","T","R","M","M","R","M","R","B",null,"M","?","M","M","?","M","?","R","T","M","E","R","M","M","R","B",null,"R","$","E","B",null],"character_chosen":"IRONCLAD","items_purchased":["Battle Trance","True Grit","Exhume","BloodPotion","PowerPotion","Energy Potion"],"campfire_rested":0,"item_purchase_floors":[5,20,53,53,53,53],"current_hp_per_floor":[80,74,74,74,74,74,79,79,79,77,77,77,77,77,77,42,85,80,80,80,63,59,59,48,44,44,44,54,39,39,41,41,7,85,83,83,89,76,76,61,61,61,61,62,20,20,26,36,36,31,96,96,96,95,18],"gold":84,"neow_bonus":"BOSS_RELIC","is_daily":false,"chose_seed":false,"campfire_upgraded":11,"win_rate":0.0,"timestamp":1608239772,"path_taken":["M","?","M","?","$","R","?","R","T","M","?","M","R","E","R","BOSS","M","?","$","M","M","R","M","M","T","R","M","M","R","M","R","BOSS","M","?","M","M","?","M","?","R","T","M","E","R","M","M","R","BOSS","R","$","E","BOSS"],"items_purchased_type":["Card","Card","Card","Potion","Potion","Potion"],"build_version":"2020-12-13","purchased_purges":3,"victory":true,"max_hp_per_floor":[80,80,80,80,80,80,85,85,85,85,85,85,85,85,85,85,85,85,85,85,85,85,85,85,85,85,85,85,85,85,85,85,85,85,85,85,89,89,89,89,89,89,89,92,92,92,92,96,96,96,96,96,96,96,96],"relic_stats":{"counters":[28,146],"obtain_stats":[{"Coffee Dripper":0,"Burning Blood":0},{"Coffee Dripper":0,"Burning Blood":0},{"Coffee Dripper":0,"Burning Blood":0}]},"card_choices":[{"not_picked":["Clash","Clothesline"],"picked":"Carnage","floor":1.0},{"not_picked":["Flame Barrier","Pommel Strike"],"picked":"Searing Blow","floor":2.0},{"not_picked":["Twin Strike","Rupture"],"picked":"Immolate","floor":3.0},{"not_picked":["Sword Boomerang","Wild Strike"],"picked":"True Grit","floor":10.0},{"not_picked":["Iron Wave","Heavy Blade","Warcry"],"picked":"SKIP","floor":11.0},{"not_picked":["Body Slam","Wild Strike","Twin Strike"],"picked":"SKIP","floor":12.0},{"not_picked":["Headbutt","Exhume"],"picked":"Feel No Pain","floor":14},{"not_picked":["Berserk","Immolate"],"picked":"Reaper","floor":16},{"not_picked":["Intimidate","Clash+1","Havoc"],"picked":"SKIP","floor":18},{"not_picked":["Pommel Strike","Sword Boomerang"],"picked":"Battle Trance","floor":21},{"not_picked":["Wild Strike+1","Pommel Strike","Infernal Blade+1"],"picked":"SKIP","floor":22},{"not_picked":["Havoc","Cleave"],"picked":"Impervious","floor":24},{"not_picked":["Anger+1","Whirlwind+1"],"picked":"Armaments+1","floor":25},{"not_picked":["Sword Boomerang","Evolve","Clash+1"],"picked":"SKIP","floor":28},{"not_picked":["Battle Trance","Clash"],"picked":"Shockwave","floor":29},{"not_picked":["Warcry+1","Sever Soul"],"picked":"True Grit+1","floor":31},{"not_picked":["Bludgeon","Limit Break"],"picked":"Feed","floor":33},{"not_picked":["Twin Strike","Body Slam+1"],"picked":"Disarm+1","floor":35},{"not_picked":["Sword Boomerang","Thunderclap+1"],"picked":"Disarm","floor":37},{"not_picked":["Sword Boomerang","Anger","Pommel Strike"],"picked":"SKIP","floor":38},{"not_picked":["Anger+1","Sword Boomerang","Body Slam+1"],"picked":"SKIP","floor":40},{"not_picked":["Rampage","Bloodletting+1"],"picked":"Feel No Pain","floor":44},{"not_picked":["Twin Strike+1","Fire Breathing","Havoc+1"],"picked":"SKIP","floor":45},{"not_picked":["Shrug It Off","Carnage+1"],"picked":"True Grit+1","floor":47},{"not_picked":["Inflame","Heavy Blade"],"picked":"Burning Pact","floor":48},{"not_picked":["Heavy Blade+1","Power Through+1","Clash"],"picked":"SKIP","floor":54}],"player_experience":802925,"relics_obtained":[],"event_choices":[{"damage_healed":0.0,"max_hp_gain":0.0,"max_hp_loss":0.0,"gold_gain":0.0,"event_name":"betterThird:BetterSerpent","player_choice":"Ignored","floor":4.0,"gold_loss":0.0,"damage_taken":154.0},{"damage_healed":0.0,"max_hp_gain":5.0,"max_hp_loss":0.0,"gold_gain":0.0,"event_name":"Big Fish","player_choice":"Donut","floor":7.0,"gold_loss":0.0,"damage_taken":0.0},{"damage_healed":0,"gold_gain":0,"player_choice":"Read","damage_taken":0,"max_hp_gain":0,"max_hp_loss":0,"event_name":"The Library","floor":19,"gold_loss":0,"cards_obtained":["Feel No Pain"]},{"cards_removed":["Strike_R"],"damage_healed":0,"gold_gain":0,"player_choice":"Removed Attack","damage_taken":0,"max_hp_gain":0,"max_hp_loss":0,"event_name":"Falling","floor":36,"gold_loss":0},{"damage_healed":0,"gold_gain":0,"player_choice":"Ignored","damage_taken":0,"max_hp_gain":0,"max_hp_loss":0,"event_name":"Tomb of Lord Red Mask","floor":39,"gold_loss":0},{"damage_healed":0,"gold_gain":0,"player_choice":"Ignored","damage_taken":0,"max_hp_gain":0,"max_hp_loss":0,"event_name":"Mysterious Sphere","floor":41,"gold_loss":0}],"is_beta":false,"boss_relics":[{"not_picked":["Coffee Dripper","Runic Cube","Snecko Eye"]},{"not_picked":["Philosopher\u0027s Stone","Snecko Eye","Runic Pyramid"]}],"items_purged_floors":[5,20,53],"is_endless":false,"potions_floor_spawned":[3,10,11,18,21,25,28,29,38,45,47],"ascension_level":0}}