{"host":"grli52lbdph2722t","time":1608189331,"event":{"mods":["AchievementEnabler","BaseMod","Downfall","Minty Spire (QoL Compilation)","Quick Restart","StSLib"],"gold_per_floor":[99,112,112,112,147,72,72,83,112,112,132,145,42,60,80,175,175,175,189,223,223,249,264,264,170,201,126,126,144,163,163,176,280,280,280,312,331,331,357,357,357,374,299,326,338,338,387,149,167,167,167,199,9,9,9],"floor_reached":56,"playtime":2892,"items_purged":["champ:Strike","champ:Strike"],"score":1672,"play_id":"d5a9457b-6dfa-4e71-8a5e-4181747eadc9","local_time":"20201217081531","is_ascension_mode":true,"campfire_choices":[{"data":"champ:Taunt","floor":1,"key":"SMITH"},{"floor":3,"key":"RECALL"},{"floor":6,"key":"REST"},{"data":"champ:Improvising","floor":10,"key":"SMITH"},{"data":"champ:VampiricStrike","floor":18,"key":"SMITH"},{"data":"champ:GladiatorStyle","floor":21,"key":"SMITH"},{"data":"Panacea","floor":27,"key":"SMITH"},{"data":"champ:BladeFlurry","floor":35,"key":"SMITH"},{"data":"champ:StanceDance","floor":40,"key":"SMITH"},{"data":"champ:Aggression","floor":43,"key":"SMITH"},{"data":"champ:PreciseThrust","floor":54,"key":"SMITH"}],"circlet_count":0,"master_deck":["champ:Strike","champ:Strike","champ:Defend","champ:Defend","champ:Defend","champ:Execute","champ:Taunt+1","champ:Haymaker","champ:Improvising+1","champ:StanceDance+1","champ:FocusedGladiator","champ:BladeFlurry+1","Panacea+1","champ:ViciousMockery+1","champ:VampiricStrike+1","champ:GladiatorStyle+1","champ:PreciseThrust+1","champ:Riposte+1","champ:SwordSigil+1","champ:Aggression+1","champ:GladiatorsShout+1","champ:Haymaker+1","champ:ShieldSlam","champ:StanceDance+1","Parasite","champ:RecklessLeap+1","champ:GladiatorsShout","champ:IronFortress+1","champ:ArenaPreparation+1","champ:SwordSigil","expansioncontent:ChargeUp","Master of Strategy","champ:BladeFlurry+1","champ:FocusedGladiator+1"],"relics":["Runic Dome","MealTicket","downfall:HeartBlessingRed","Meat on the Bone","Ancient Tea Set","Sozu","Akabeko","Regal Pillow","The Courier","Prayer Wheel","Happy Flower","champ:SpectersHand","downfall:HeartBlessingGreen","Cursed Key","PreservedInsect","champ:DuelingGlove","downfall:HeartBlessingBlue","Shuriken","Du-Vu Doll","Bag of Preparation","Ornamental Fan"],"acts_visited":["Exordium","TheCity","TheBeyond","TheEnding"],"potions_floor_usage":[13,22,26],"damage_taken":[{"damage":7,"enemies":"Jaw Worm","floor":2,"turns":6},{"damage":41,"enemies":"Lagavulin","floor":5,"turns":9},{"damage":4,"enemies":"Cultist","floor":8,"turns":3},{"damage":18,"enemies":"Gremlin Nob","floor":9,"turns":3},{"damage":0,"enemies":"2 Louse","floor":11,"turns":2},{"damage":5,"enemies":"Red Slaver","floor":12,"turns":3},{"damage":15,"enemies":"downfall:FleeingMerchant","floor":13,"turns":4},{"damage":18,"enemies":"Blue Slaver","floor":14,"turns":2},{"damage":12,"enemies":"2 Fungi Beasts","floor":15,"turns":4},{"damage":45,"enemies":"downfall:Watcher","floor":16,"turns":8},{"damage":12,"enemies":"Chosen","floor":19,"turns":3},{"damage":30,"enemies":"Gremlin Leader","floor":20,"turns":5},{"damage":13,"enemies":"Book of Stabbing","floor":22,"turns":5},{"damage":12,"enemies":"Shell Parasite","floor":23,"turns":3},{"damage":8,"enemies":"downfall:FleeingMerchant","floor":25,"turns":4},{"damage":19,"enemies":"Slavers","floor":26,"turns":4},{"damage":2,"enemies":"Cultist and Chosen","floor":29,"turns":2},{"damage":3,"enemies":"Centurion and Healer","floor":30,"turns":2},{"damage":1,"enemies":"Snecko","floor":32,"turns":3},{"damage":29,"enemies":"downfall:Silent","floor":33,"turns":5},{"damage":18,"enemies":"Nemesis","floor":36,"turns":4},{"damage":0,"enemies":"Orb Walker","floor":37,"turns":3},{"damage":34,"enemies":"Reptomancer","floor":39,"turns":4},{"damage":22,"enemies":"3 Shapes","floor":42,"turns":2},{"damage":1,"enemies":"Nemesis","floor":44,"turns":3},{"damage":49,"enemies":"Sphere and 2 Shapes","floor":45,"turns":3},{"damage":32,"enemies":"2 Orb Walkers","floor":47,"turns":2},{"damage":23,"enemies":"Spire Growth","floor":49,"turns":3},{"damage":8,"enemies":"downfall:Defect","floor":50,"turns":3},{"damage":25,"enemies":"downfall:CharBossMerchant","floor":52,"turns":2},{"damage":75,"enemies":"downfall:NeowBoss","floor":55,"turns":16}],"seed_played":"3262480660471342437","potions_obtained":[{"floor":5,"key":"Regen Potion"},{"floor":8,"key":"Block Potion"},{"floor":9,"key":"SneckoOil"}],"is_trial":false,"path_per_floor":["R","M","R","?","E","R","T","M","E","R","M","M","$","M","M","B",null,"R","M","E","R","E","M","T","$","E","R","?","M","M","?","M","B",null,"R","E","M","?","E","R","T","M","R","E","M","?","?","$","M","B",null,"E","$","R","B",null],"character_chosen":"THE_CHAMP","items_purchased":["Panacea","Prayer Wheel","Happy Flower","Master of Strategy","Ornamental Fan"],"campfire_rested":1,"item_purchase_floors":[13,25,25,48,53],"current_hp_per_floor":[81,74,74,59,23,50,50,46,45,45,57,52,62,61,49,16,72,72,78,65,65,84,78,78,90,87,87,87,90,87,87,86,76,87,87,90,90,90,56,56,56,57,67,93,76,66,89,100,82,82,96,84,99,99,100],"gold":9,"neow_bonus":"BOSS_RELIC","is_daily":false,"chose_seed":false,"campfire_upgraded":9,"win_rate":0.0,"timestamp":1608189331,"path_taken":["R","M","R","?","E","R","T","M","E","R","?","M","$","M","M","BOSS","R","M","E","R","E","M","T","$","E","R","?","M","?","?","M","BOSS","R","E","M","?","E","R","T","M","R","E","M","?","?","$","M","BOSS","E","$","R","BOSS"],"items_purchased_type":["Card","Relic","Relic","Card","Relic"],"build_version":"2020-12-13","purchased_purges":2,"victory":true,"max_hp_per_floor":[90,90,90,90,90,90,90,90,90,90,90,90,90,90,90,90,90,90,90,90,90,90,90,90,90,90,90,90,90,90,90,90,90,90,90,90,90,90,90,90,90,90,100,100,100,100,100,100,100,100,100,100,100,100,100],"card_choices":[{"not_picked":["champ:ShieldSigil","champ:RageSigil"],"picked":"champ:Haymaker","floor":2},{"not_picked":["champ:FlashCut","champ:BerserkersShout"],"picked":"champ:Improvising","floor":5},{"not_picked":["champ:BerserkersShout","champ:FocusedDefense"],"picked":"champ:StanceDance","floor":8},{"not_picked":["champ:Aggression","champ:BringItOn"],"picked":"champ:FocusedGladiator","floor":9},{"not_picked":["champ:HeartStrike","champ:EnragedBash","champ:FaceSlap"],"picked":"SKIP","floor":11},{"not_picked":["champ:AdrenalArmor","champ:CheapShot"],"picked":"champ:BladeFlurry","floor":12},{"not_picked":["champ:FaceSlap","champ:ShieldSigil","champ:Encircle"],"picked":"SKIP","floor":13},{"not_picked":["champ:ShieldSigil","champ:AdrenalArmor"],"picked":"champ:ViciousMockery","floor":14},{"not_picked":["champ:DefensiveShout","champ:AdrenalArmor","champ:BringItOn"],"picked":"SKIP","floor":15},{"not_picked":["champ:MurderStrike","champ:CrownThrow"],"picked":"champ:VampiricStrike","floor":16},{"not_picked":["champ:GutPunch","champ:ShieldWall"],"picked":"champ:GladiatorStyle","floor":19},{"not_picked":["champ:TornadoPunch+1","champ:Haymaker"],"picked":"champ:PreciseThrust","floor":20},{"not_picked":["champ:ShieldSigil+1","champ:StanceDance"],"picked":"champ:Riposte+1","floor":22},{"not_picked":["champ:RageSigil","champ:DefensiveShout","champ:EnGarde"],"picked":"SKIP","floor":23},{"not_picked":["champ:StanceDance","champ:ShieldSigil+1","champ:TornadoPunch"],"picked":"SKIP","floor":25},{"not_picked":["champ:DefensiveShout","champ:TornadoPunch"],"picked":"champ:SwordSigil+1","floor":26},{"not_picked":["champ:HeartStrike+1","champ:BerserkersShout","champ:FocusedDefense+1"],"picked":"SKIP","floor":29},{"not_picked":["champ:Riposte","champ:FocusedDefense","champ:EnragedBash"],"picked":"SKIP","floor":29},{"not_picked":["champ:EnGarde+1","champ:AdrenalArmor"],"picked":"champ:Aggression","floor":30},{"not_picked":["champ:FocusedBerserking","champ:FlashCut+1","champ:BringItOn"],"picked":"SKIP","floor":30},{"not_picked":["champ:PerfectedStrike","champ:IgnorePain"],"picked":"champ:GladiatorsShout+1","floor":32},{"not_picked":["champ:RageSigil","champ:FlashCut"],"picked":"champ:Haymaker+1","floor":32},{"not_picked":["champ:LastStand","champ:EnchantSword"],"picked":"champ:ShieldSlam","floor":33},{"not_picked":["champ:Circumvent+1","champ:CrookedStrike+1","champ:StanceDance"],"picked":"SKIP","floor":36},{"not_picked":["champ:ShieldSigil+1","champ:RageSigil+1","champ:BerserkersShout+1"],"picked":"SKIP","floor":37},{"not_picked":["champ:BerserkersShout","champ:PreciseThrust","champ:DefensiveShout"],"picked":"SKIP","floor":37},{"not_picked":["champ:CrookedStrike+1","champ:ShieldSlam"],"picked":"champ:StanceDance+1","floor":39},{"not_picked":["champ:FlashCut","champ:CrookedStrike"],"picked":"champ:RecklessLeap+1","floor":42},{"not_picked":["champ:RageSigil","champ:ShieldSigil"],"picked":"champ:GladiatorsShout","floor":42},{"not_picked":["champ:ShieldWall+1","champ:ShieldSigil"],"picked":"champ:IronFortress+1","floor":44},{"not_picked":["champ:SkillfulDodge+1","champ:IronFortress"],"picked":"champ:ArenaPreparation+1","floor":45},{"not_picked":["champ:IronFortress+1","champ:FocusedBerserking+1"],"picked":"champ:SwordSigil","floor":45},{"not_picked":["expansioncontent:YouAreMine","expansioncontent:DefensiveMode"],"picked":"expansioncontent:ChargeUp","floor":46},{"not_picked":["champ:BerserkersShout","champ:RageSigil"],"picked":"champ:BladeFlurry+1","floor":49},{"not_picked":["champ:BerserkersShout","champ:GutPunch","champ:FalseCounter"],"picked":"SKIP","floor":49},{"not_picked":["champ:BerserkerStyle","champ:CheapShot"],"picked":"champ:FocusedGladiator+1","floor":52}],"player_experience":4820549,"relics_obtained":[{"floor":5,"key":"MealTicket"},{"floor":7,"key":"Meat on the Bone"},{"floor":9,"key":"Ancient Tea Set"},{"floor":20,"key":"Akabeko"},{"floor":22,"key":"Regal Pillow"},{"floor":24,"key":"The Courier"},{"floor":26,"key":"champ:SpectersHand"},{"floor":36,"key":"PreservedInsect"},{"floor":39,"key":"champ:DuelingGlove"},{"floor":44,"key":"Shuriken"},{"floor":47,"key":"Du-Vu Doll"},{"floor":52,"key":"Bag of Preparation"}],"event_choices":[{"damage_healed":0,"gold_gain":0,"player_choice":"Upgraded","damage_taken":0,"max_hp_gain":0,"max_hp_loss":0,"event_name":"Upgrade Shrine","floor":28,"gold_loss":0,"cards_upgraded":["champ:ViciousMockery"]},{"cards_removed":["champ:Defend"],"damage_healed":0,"gold_gain":0,"player_choice":"Removed Skill","damage_taken":0,"max_hp_gain":0,"max_hp_loss":0,"event_name":"Falling","floor":38,"gold_loss":0},{"damage_healed":0,"gold_gain":0,"player_choice":"Fight","damage_taken":0,"max_hp_gain":0,"max_hp_loss":0,"event_name":"Mysterious Sphere","floor":47,"gold_loss":0}],"is_beta":false,"boss_relics":[{"not_picked":["Tiny House","Runic Pyramid"],"picked":"Sozu"},{"not_picked":["Empty Cage","Snecko Eye"],"picked":"Cursed Key"}],"items_purged_floors":[25,48],"is_endless":false,"potions_floor_spawned":[5,8,9,12,19,20,22,26,36,37,39,45,49],"ascension_level":6}}