{"host":"lqtll83nun4jn4k7","time":1608226444,"event":{"mods":["BaseMod","Challenge The Spire","Colored Map","Colored Powertips","Downfall","Highlight Path","KinomotoSakuraMod(Ä¾Ö®±¾Ó£)","Minty Spire (QoL Compilation)","Prisma Mod","Quick Restart","StSLib","SuperFastMode","The Bug Knight","Waifu the Spire"],"gold_per_floor":[99,114,28,28,28,53,53,53,80,5,23,43,143,143,155,254,254,104,124,38,56,76,76,76,76,110,110,95,106,126,253,267,371,371,371,384,384,384,384,417,440,456,235,235,251,262,312,312,331,331,331,331,331],"floor_reached":52,"playtime":4024,"items_purged":["Guardian:Aged"],"score":685,"play_id":"a75edc4c-7581-4f8b-80c2-83d84ed91ae1","local_time":"20201218013404","is_ascension_mode":false,"campfire_choices":[{"floor":1.0,"key":"RECALL"},{"data":"champ:HeavySlash","floor":4.0,"key":"SMITH"},{"data":"champ:Execute","floor":8.0,"key":"SMITH"},{"floor":10.0,"key":"REST"},{"data":"champ:PerfectForm","floor":18.0,"key":"SMITH"},{"data":"champ:HoldFirm","floor":25.0,"key":"SMITH"},{"data":"champ:CalledShot","floor":27.0,"key":"SMITH"},{"data":"champ:VampiricStrike","floor":35.0,"key":"SMITH"},{"data":"champ:Duel","floor":37.0,"key":"SMITH"},{"data":"champ:Shatter","floor":39.0,"key":"SMITH"},{"data":"champ:Control","floor":44.0,"key":"SMITH"}],"circlet_count":0,"master_deck":["champ:Strike","champ:Strike","champ:Strike","champ:Strike","champ:Defend","champ:Defend","champ:Defend","champ:Defend","champ:Execute+1","champ:Taunt+1","champ:CalledShot+1","champ:HeavySlash+1","champ:Shatter+1","champ:EnragedBash","champ:Duel","champ:Control+1","champ:PerfectForm+1","champ:AdrenalArmor+1","champ:RisingSlash+1","champ:BerserkerStyle","champ:HoldFirm+1","champ:EnragedBash+1","champ:Aggression+1","champ:BerserkerStyle+1","champ:Duel+1","champ:DeathBlow","champ:EndlessRage","champ:VampiricStrike+1","champ:Shatter+1","champ:BerserkerStyle+1","champ:Duel+1","champ:PerfectedStrike+1"],"relics":["champ:ChampionCrown","Orichalcum","Lantern","downfall:HeartBlessingRed","Champion Belt","Shuriken","SlaversCollar","downfall:HeartBlessingGreen","downfall:HeartBlessingBlue","Regal Pillow","champ:FightingForDummies","HollowMod:PaleOreRelic","Cursed Key","HollowMod:QueensCombRelic","MealTicket","Omamori","Shovel","Bottled Flame"],"acts_visited":["Exordium","TheCity","TheBeyond","TheEnding"],"potions_floor_usage":[46,52,52],"damage_taken":[{"damage":7.0,"enemies":"Small Slimes","floor":2.0,"turns":5.0},{"damage":5.0,"enemies":"downfall:FleeingMerchant","floor":3.0,"turns":4.0},{"damage":48.0,"enemies":"Gremlin Nob","floor":6.0,"turns":5.0},{"damage":36.0,"enemies":"Lagavulin","floor":9.0,"turns":5.0},{"damage":2.0,"enemies":"Jaw Worm","floor":11.0,"turns":2.0},{"damage":5.0,"enemies":"2 Louse","floor":12.0,"turns":2.0},{"damage":5.0,"enemies":"2 Louse","floor":13.0,"turns":3.0},{"damage":3.0,"enemies":"Exordium Thugs","floor":15.0,"turns":3.0},{"damage":57.0,"enemies":"downfall:Silent","floor":16.0,"turns":7.0},{"damage":36.0,"enemies":"3 Byrds","floor":19.0,"turns":6.0},{"damage":28.0,"enemies":"downfall:FleeingMerchant","floor":20.0,"turns":4.0},{"damage":15.0,"enemies":"Spheric Guardian","floor":21.0,"turns":3.0},{"damage":15.0,"enemies":"Snake Plant","floor":22.0,"turns":3.0},{"damage":19.0,"enemies":"Book of Stabbing","floor":26.0,"turns":3.0},{"damage":28.0,"enemies":"downfall:FleeingMerchant","floor":28.0,"turns":4.0},{"damage":20.0,"enemies":"Centurion and Healer","floor":29.0,"turns":3.0},{"damage":9.0,"enemies":"Snecko","floor":30.0,"turns":5.0},{"damage":21.0,"enemies":"downfall:FleeingMerchant","floor":31.0,"turns":4.0},{"damage":39.0,"enemies":"Snake Plant","floor":32.0,"turns":3.0},{"damage":98.0,"enemies":"downfall:Ironclad","floor":33.0,"turns":5.0},{"damage":38.0,"enemies":"Orb Walker","floor":36.0,"turns":3.0},{"damage":97.0,"enemies":"Nemesis","floor":40.0,"turns":7.0},{"damage":53.0,"enemies":"3 Shapes","floor":42.0,"turns":3.0},{"damage":95,"enemies":"Maw","floor":45,"turns":6},{"damage":46,"enemies":"Jaw Worm Horde","floor":46,"turns":3},{"damage":122,"enemies":"Mind Bloom Boss Battle","floor":47,"turns":6},{"damage":65,"enemies":"Writhing Mass","floor":49,"turns":4},{"damage":89,"enemies":"downfall:Defect","floor":50,"turns":5},{"damage":183,"enemies":"downfall:CharBossMerchant","floor":52,"turns":7}],"seed_played":"-6490920769020360185","potions_obtained":[{"floor":6.0,"key":"Energy Potion"},{"floor":9.0,"key":"Swift Potion"},{"floor":12.0,"key":"Regen Potion"},{"floor":13.0,"key":"FearPotion"},{"floor":16.0,"key":"hexamod:EctoCoolerPotion"},{"floor":22.0,"key":"PowerPotion"},{"floor":29.0,"key":"BlessingOfTheForge"},{"floor":32.0,"key":"ColorlessPotion"},{"floor":33.0,"key":"Block Potion"},{"floor":36.0,"key":"DistilledChaos"},{"floor":45,"key":"DistilledChaos"},{"floor":46,"key":"Block Potion"}],"is_trial":false,"path_per_floor":["R","M","$","R","?","E","T","R","E","R","M","M","?","T","M","B",null,"R","M","$","M","M","?","T","R","E","R","$","M","M","$","M","B",null,"R","M","R","?","R","E","T","M","$","R","M","M","?","?","M","B",null,"E"],"character_chosen":"THE_CHAMP","items_purchased":["champ:Shatter","champ:BerserkerStyle","HollowMod:PaleOreRelic","champ:DeathBlow","Omamori"],"campfire_rested":1,"item_purchase_floors":[3,20,31,31,43],"current_hp_per_floor":[90,88,88,88,88,40,40,40,21,48,48,48,48,48,47,31,90,100,81,72,72,68,53,53,53,51,51,50,50,50,47,39,22,100,100,100,100,100,100,66,66,66,66,66,66,66,66,66,66,62,66,0,0],"gold":331,"neow_bonus":"UPGRADE_CARD","is_daily":false,"chose_seed":false,"campfire_upgraded":9,"win_rate":0.0,"timestamp":1608226444,"path_taken":["R","M","$","R","?","E","T","R","E","R","M","M","?","?","M","BOSS","R","M","$","M","M","?","T","R","E","R","?","M","M","?","M","BOSS","R","M","R","?","R","E","T","M","$","R","M","M","?","?","M","BOSS","E"],"items_purchased_type":["Card","Card","Relic","Card","Relic"],"build_version":"2020-12-13","purchased_purges":1,"victory":false,"max_hp_per_floor":[90,90,90,90,90,90,90,90,90,90,90,90,90,90,90,90,90,100,100,100,100,100,100,100,100,100,100,100,100,100,100,100,100,100,100,100,100,100,100,66,66,66,66,66,66,66,66,66,66,66,66,66,66],"card_choices":[{"not_picked":["champ:HeartStrike","champ:Circumvent"],"picked":"champ:CalledShot","floor":2.0},{"not_picked":["champ:CalledShot","champ:FocusedBerserking"],"picked":"champ:HeavySlash","floor":3.0},{"not_picked":["champ:BladeFlurry","champ:FocusedDefense"],"picked":"champ:EnragedBash","floor":6.0},{"not_picked":["champ:GladiatorsShout","champ:DefensiveShout"],"picked":"champ:Duel","floor":9.0},{"not_picked":["champ:AdrenalArmor","champ:Riposte","champ:FaceSlap"],"picked":"SKIP","floor":11.0},{"not_picked":["champ:AdrenalArmor","champ:Riposte","champ:FaceSlap"],"picked":"SKIP","floor":11.0},{"not_picked":["champ:FlashCut","champ:PerfectedStrike","champ:StanceDance"],"picked":"SKIP","floor":12.0},{"not_picked":["champ:PreciseThrust","champ:GladiatorsShout"],"picked":"champ:Control","floor":13.0},{"not_picked":["champ:Backstep","champ:BringItOn","champ:FalseCounter"],"picked":"SKIP","floor":15.0},{"not_picked":["champ:ShieldThrow","champ:MurderStrike"],"picked":"champ:PerfectForm","floor":16.0},{"not_picked":["champ:FanOfKnives","champ:Encircle"],"picked":"champ:AdrenalArmor+1","floor":19.0},{"not_picked":["champ:Lariat","champ:BringItOn+1"],"picked":"champ:RisingSlash+1","floor":20.0},{"not_picked":["champ:FlashCut+1","champ:RapidStrikes"],"picked":"champ:HoldFirm","floor":21.0},{"not_picked":["champ:CrookedStrike","champ:Circumvent"],"picked":"champ:EnragedBash+1","floor":22.0},{"not_picked":["champ:ShieldWall","champ:AdrenalArmor","champ:GladiatorsShout"],"picked":"SKIP","floor":26.0},{"not_picked":["champ:GladiatorStyle+1","champ:Backstep+1","champ:CrookedStrike"],"picked":"SKIP","floor":28.0},{"not_picked":["champ:Encircle+1","champ:GutPunch"],"picked":"champ:Aggression+1","floor":29.0},{"not_picked":["champ:BringItOn","champ:GladiatorStyle"],"picked":"champ:BerserkerStyle+1","floor":30.0},{"not_picked":["champ:BerserkersShout+1","champ:SkillfulDodge"],"picked":"champ:Duel","floor":31.0},{"not_picked":["champ:BerserkersShout","champ:FlashCut"],"picked":"champ:EndlessRage","floor":32.0},{"not_picked":["champ:ShieldThrow","champ:Improvising"],"picked":"champ:VampiricStrike","floor":33.0},{"not_picked":["champ:FlashCut+1","champ:Circumvent"],"picked":"champ:Shatter","floor":36.0},{"not_picked":["champ:Circumvent+1","champ:DefensiveShout+1"],"picked":"champ:BerserkerStyle+1","floor":40.0},{"not_picked":["champ:GladiatorStyle+1","champ:DefensiveShout+1","champ:Aggression"],"picked":"SKIP","floor":42.0},{"not_picked":["champ:Circumvent","champ:DefensiveShout","champ:Haymaker"],"picked":"SKIP","floor":45},{"not_picked":["champ:FlashCut","champ:BladeFlurry"],"picked":"champ:Duel+1","floor":46},{"not_picked":["champ:BladeFlurry+1","champ:FalseCounter"],"picked":"champ:PerfectedStrike+1","floor":49}],"player_experience":649305,"relics_obtained":[{"floor":6.0,"key":"Orichalcum"},{"floor":9.0,"key":"Lantern"},{"floor":13.0,"key":"Champion Belt"},{"floor":14.0,"key":"Shuriken"},{"floor":24.0,"key":"Regal Pillow"},{"floor":26.0,"key":"champ:FightingForDummies"},{"floor":40.0,"key":"HollowMod:QueensCombRelic"},{"floor":41.0,"key":"MealTicket"},{"floor":47,"key":"Shovel"},{"floor":48,"key":"Bottled Flame"}],"event_choices":[{"damage_healed":0.0,"max_hp_gain":0.0,"max_hp_loss":0.0,"gold_gain":0.0,"event_name":"Living Wall","player_choice":"Grow","floor":5.0,"gold_loss":0.0,"damage_taken":0.0,"cards_upgraded":["champ:Shatter"]}],"is_beta":false,"boss_relics":[{"not_picked":["Calling Bell","Runic Dome"],"picked":"SlaversCollar"},{"not_picked":["Pandora\u0027s Box","Busted Crown"],"picked":"Cursed Key"}],"items_purged_floors":[43],"is_endless":false,"potions_floor_spawned":[6,9,12,13,16,22,29,32,33,36,45,46,49],"killed_by":"downfall:CharBossMerchant","ascension_level":0}}