{"host":"o3b7ow6d1xe49css","time":1608204757,"event":{"mods":["2.2 Compatiblity","Act Like it!","Aspiration","BaseMod","Bestiary","Better Altar","Better Match","Better Note","Better Sensory Stone","Better Skull","Better Third Choice","Colored Powertips","Conspire","Downfall","Elementarium","Energized Spire","Force Act Four","GifTheSpireLib","Halation","Hermit","Hubris","Infinite Spire","Minty Spire (QoL Compilation)","Quick Restart","Replay The Spire","Spicy Shops","Spikes Relics","StSLib","Stuff the Spire","The Blue Laboratory","The Jungle","Wandering Minibosses","vexMod"],"gold_per_floor":[114,124,143,143,143,143,168,200,273,299,329,329,360,383,383,503,503,518,25,25,45,45,81,120,120,120,120,120,156,190,226,226,350,300,321,321,384,398,398,433,433,433,433,280,27,27,71,107,107,109,109,109,58,91,95],"floor_reached":56,"playtime":1989,"items_purged":["Worship","Pain","StuffTheSpire:Perfection","Notoriety"],"score":2145,"play_id":"a2e6db95-a4bb-40d2-96c6-1fa53dab71fd","local_time":"20201217023237","daily_mods":["Heirloom","Flight"],"is_ascension_mode":true,"campfire_choices":[{"data":"Eruption","floor":6,"key":"SMITH"},{"data":"CrushJoints","floor":15,"key":"SMITH"},{"floor":27,"key":"RECALL"},{"data":"Vault","floor":28,"key":"SMITH"},{"data":"ForeignInfluence","floor":32,"key":"SMITH"},{"floor":41,"key":"REST"},{"data":"WindmillStrike","floor":42,"key":"SMITH"},{"data":"Defend_P","floor":42,"key":"SMITH"},{"data":"DeusExMachina","floor":49,"key":"SMITH"},{"data":"MentalFortress","floor":49,"key":"SMITH"},{"data":"DevaForm","floor":52,"key":"SMITH"},{"data":"ClearTheMind","floor":52,"key":"SMITH"}],"circlet_count":0,"master_deck":["Strike_P","Strike_P","Strike_P+1","Strike_P","Defend_P","Defend_P+1","Defend_P","Defend_P+1","Eruption+1","Vigilance","ClearTheMind+1","CrushJoints+1","BowlingBash","Fasting2+1","Replay:BluntJabs+1","FlurryOfBlows+1","ForeignInfluence+1","MentalFortress+1","Vault+1","Consecrate+1","WindmillStrike+1","Tantrum","ReplayTheSpireMod:Haul","DevaForm+1","DeusExMachina+1","Strike_P","WreathOfFlame","infinitespire:Oblivion"],"relics":["PureWater","Ring of Chaos","Incense Burner","PreservedInsect","StuffTheSpire:Expresso","TeardropLocket","vexMod:FocusSash","vexMod:InvisibilityCloak","Golden Idol","Lantern","wanderingMiniBosses:Blackblade","halation:Prosthetics","Bag of Marbles","Centennial Puzzle","Anchor","halation:KoshaPiece","infinitespire:Midas Blood","Omamori","halation:BottledLove","Kunai","energizedSpire:HugeHouse","Replay:Arrowhead","vexMod:BigBerry","TungstenRod","Pocketwatch","Blue Candle","Gremlin Food","ReplayTheSpireMod:CursedCoin","champ:Barbells","Bronze Scales","conspire:Dentures","ZombieTooth","StuffTheSpire:CocoNut"],"acts_visited":["Exordium","TheCity","TheBeyond","TheEnding"],"potions_floor_usage":[8,13,13,31,33,38,55,55],"damage_taken":[{"damage":0,"enemies":"Small Slimes","floor":1,"turns":5},{"damage":0,"enemies":"Jaw Worm","floor":2,"turns":4},{"damage":2,"enemies":"2 Louse","floor":3,"turns":5},{"damage":0,"enemies":"Gremlin Nob","floor":7,"turns":2},{"damage":0,"enemies":"Replay:BlueRogue","floor":8,"turns":3},{"damage":2,"enemies":"Gremlin Nob","floor":10,"turns":3},{"damage":5,"enemies":"3 Sentries","floor":11,"turns":3},{"damage":0,"enemies":"Gremlin Nob","floor":13,"turns":2},{"damage":7,"enemies":"Large Slime","floor":14,"turns":7},{"damage":26,"enemies":"The Guardian","floor":16,"turns":5},{"damage":0,"enemies":"Spheric Guardian","floor":18,"turns":2},{"damage":0,"enemies":"3 Byrds","floor":21,"turns":4},{"damage":3,"enemies":"Slavers","floor":23,"turns":2},{"damage":0,"enemies":"Gremlin Leader","floor":24,"turns":3},{"damage":0,"enemies":"Book of Stabbing","floor":29,"turns":2},{"damage":0,"enemies":"Gremlin Leader","floor":30,"turns":1},{"damage":0,"enemies":"Nightmare","floor":31,"turns":2},{"damage":0,"enemies":"conspire:MysteriousRune","floor":33,"turns":2},{"damage":0,"enemies":"3 Shapes","floor":35,"turns":1},{"damage":0,"enemies":"Mind Bloom Boss Battle","floor":37,"turns":4},{"damage":0,"enemies":"3 Darklings","floor":38,"turns":3},{"damage":19,"enemies":"Nightmare","floor":40,"turns":4},{"damage":0,"enemies":"R_Hoarder","floor":47,"turns":2},{"damage":0,"enemies":"Nemesis","floor":48,"turns":1},{"damage":2,"enemies":"Time Eater","floor":50,"turns":3},{"damage":3,"enemies":"Shield and Spear","floor":54,"turns":2},{"damage":33,"enemies":"The Heart","floor":55,"turns":4}],"seed_played":"991128270593854439","potions_obtained":[{"floor":1,"key":"blueLaboratory:ImpenetrablePotion"},{"floor":8,"key":"blueLaboratory:PressurePotion"},{"floor":11,"key":"blueLaboratory:MidnightOil"},{"floor":18,"key":"Dexterity Potion"},{"floor":29,"key":"blueLaboratory:PolymorphPotion"},{"floor":31,"key":"blueLaboratory:NullPotion"},{"floor":33,"key":"sneckomod:MuddlingPotion"},{"floor":37,"key":"Flashbang"},{"floor":38,"key":"Ambrosia"}],"is_trial":true,"path_per_floor":["M","M","M","?","?","R","E","E","T","E","E","?","E","M","R","B",null,"M","$","?","M","?","E","E","AVR","T","R","R","E","E","NM","R","B",null,"M","AVR","?","M","?","NM","R","R","T","$","$","?","E","E","R","B",null,"R","$","E","B",null],"character_chosen":"WATCHER","items_purchased":["WindmillStrike","Bag of Marbles","Centennial Puzzle","Gremlin Food","ReplayTheSpireMod:CursedCoin","champ:Barbells","Bronze Scales","Dexterity Potion"],"campfire_rested":1,"item_purchase_floors":[19,19,19,44,45,45,45,53],"current_hp_per_floor":[72,72,70,70,70,70,70,70,70,68,63,63,63,56,56,30,32,32,32,32,32,32,29,29,29,29,29,29,29,29,29,29,29,27,27,57,57,57,57,38,55,55,55,55,55,55,55,55,55,53,56,56,56,60,27],"gold":95,"neow_bonus":"","is_daily":false,"chose_seed":false,"campfire_upgraded":10,"win_rate":0.0,"timestamp":1608204757,"path_taken":["M","M","M","?","?","R","E","E","T","E","E","?","E","M","R","BOSS","M","$","?","M","?","E","E","AVR","T","R","R","E","E","NM","R","BOSS","M","AVR","?","M","?","NM","R","R","T","$","$","?","E","E","R","BOSS","R","$","E","BOSS"],"items_purchased_type":["Card","Relic","Relic","Relic","Relic","Relic","Relic","Potion"],"build_version":"2020-12-13","purchased_purges":4,"victory":true,"max_hp_per_floor":[72,72,72,72,72,72,72,72,72,72,72,67,67,67,67,67,32,32,32,32,32,32,32,32,32,32,32,32,32,32,32,32,32,27,27,57,57,57,57,57,57,57,57,57,57,57,57,57,57,57,57,57,57,64,64],"card_choices":[{"not_picked":["ThirdEye","WindmillStrike"],"picked":"ClearTheMind","floor":1},{"not_picked":["Replay:BluntJabs","Vengeance"],"picked":"CrushJoints","floor":2},{"not_picked":["Replay:ManipulateFuture","ThirdEye"],"picked":"BowlingBash","floor":3},{"not_picked":["Replay:LoomingThreat","SashWhip"],"picked":"Fasting2","floor":7},{"not_picked":["MentalFortress","DeceiveReality"],"picked":"Replay:BluntJabs","floor":8},{"not_picked":["DeceiveReality","Replay:ManipulateFuture"],"picked":"FlurryOfBlows","floor":10},{"not_picked":["Halt","FearNoEvil"],"picked":"ForeignInfluence","floor":11},{"not_picked":["Replay:BluntJabs","Prostrate"],"picked":"Worship","floor":13},{"not_picked":["Replay:AtTheReady","EmptyFist"],"picked":"MentalFortress","floor":14},{"not_picked":["wanderingMiniBosses:FinaleOfPromise"],"picked":"SKIP","floor":14},{"not_picked":["Brilliance","Devotion"],"picked":"Vault","floor":16},{"not_picked":["WaveOfTheHand","FlurryOfBlows+1"],"picked":"Consecrate+1","floor":18},{"not_picked":["Halt+1","Crescendo+1"],"picked":"FlyingSleeves+1","floor":21},{"not_picked":["Consecrate+1","CutThroughFate"],"picked":"Tantrum","floor":23},{"not_picked":["Replay:Battleflow","MasterReality","Nirvana"],"picked":"SKIP","floor":24},{"not_picked":["Fasting2+1","Protect"],"picked":"DevaForm","floor":29},{"not_picked":["FollowUp","BowlingBash"],"picked":"DeusExMachina","floor":30},{"not_picked":["Replay:AtTheReady","ReachHeaven","ThirdEye+1"],"picked":"SKIP","floor":31},{"not_picked":["BowlingBash+1","Nirvana","Evaluate+1"],"picked":"SKIP","floor":35},{"not_picked":["JustLucky","EmptyFist","PathToVictory"],"picked":"SKIP","floor":38},{"not_picked":["ReplayTheSpireMod:??????????????????????","ReplayTheSpireMod:Black Plague"],"picked":"infinitespire:Oblivion","floor":39},{"not_picked":["FlurryOfBlows","SashWhip","FollowUp"],"picked":"SKIP","floor":40},{"not_picked":["Fasting2+1","ClearTheMind","FollowUp"],"picked":"SKIP","floor":47},{"not_picked":["Adaptation","Replay:ManipulateFuture","FlyingSleeves"],"picked":"SKIP","floor":48},{"not_picked":["Replay:Vibes+1","CrushJoints","FlyingSleeves"],"picked":"SKIP","floor":54}],"player_experience":1721233,"relics_obtained":[{"floor":7,"key":"PreservedInsect"},{"floor":8,"key":"StuffTheSpire:Expresso"},{"floor":9,"key":"TeardropLocket"},{"floor":10,"key":"vexMod:FocusSash"},{"floor":11,"key":"vexMod:InvisibilityCloak"},{"floor":13,"key":"Lantern"},{"floor":14,"key":"wanderingMiniBosses:Blackblade"},{"floor":23,"key":"Anchor"},{"floor":24,"key":"halation:KoshaPiece"},{"floor":29,"key":"Omamori"},{"floor":30,"key":"halation:BottledLove"},{"floor":31,"key":"Kunai"},{"floor":37,"key":"TungstenRod"},{"floor":40,"key":"Pocketwatch"},{"floor":43,"key":"Blue Candle"},{"floor":47,"key":"conspire:Dentures"},{"floor":48,"key":"ZombieTooth"},{"floor":54,"key":"StuffTheSpire:CocoNut"}],"event_choices":[{"damage_healed":0,"gold_gain":0,"player_choice":"Leave","damage_taken":0,"max_hp_gain":0,"max_hp_loss":0,"event_name":"conspire:Investor","floor":5,"gold_loss":0},{"damage_healed":0,"gold_gain":0,"player_choice":"Lose Max HP","damage_taken":0,"relics_obtained":["Golden Idol"],"max_hp_gain":0,"max_hp_loss":5,"event_name":"Golden Idol","floor":12,"gold_loss":0},{"damage_healed":0,"gold_gain":0,"player_choice":"Ignored","damage_taken":0,"max_hp_gain":0,"max_hp_loss":0,"event_name":"betterNote:BetterNote","floor":20,"gold_loss":0,"cards_obtained":["Strike_R"]},{"damage_healed":0,"gold_gain":0,"player_choice":"Fight","damage_taken":0,"max_hp_gain":0,"max_hp_loss":0,"event_name":"MindBloom","floor":37,"gold_loss":0},{"damage_healed":0,"gold_gain":3,"player_choice":"1","damage_taken":0,"max_hp_gain":0,"max_hp_loss":0,"event_name":"betterStone:BetterStone","floor":46,"gold_loss":0}],"is_beta":false,"boss_relics":[{"not_picked":["Sozu","infinitespire:Cupcake"],"picked":"halation:Prosthetics"},{"not_picked":["halation:HeavySnake","vexMod:EndlessSickness"],"picked":"energizedSpire:HugeHouse"}],"items_purged_floors":[19,25,36,45],"is_endless":false,"potions_floor_spawned":[1,8,11,18,29,31,33,37,38],"ascension_level":5}}