{"host":"90jl2h70xtuoeg0i","time":1608197643,"event":{"mods":["AchievementEnabler","BaseMod","Colored Map","Colored Powertips","Minty Spire (QoL Compilation)","Relic Stats","ojb\u0027s Better Paths Mod","ojb\u0027s Info Mod"],"gold_per_floor":[109,125,136,136,148,174,174,199,199,199,230,230,230,244,244,318,318,333,333,248,248,261,261,274,305,332,332,332,21,21,52,52,129,129,148,161,161,86,111,143,153,166,191,191,191,211,239,258,258,258,258,258,258,12,44,44,44],"floor_reached":56,"playtime":14957,"items_purged":["Strike_G"],"score":2001,"play_id":"000f655e-e143-48c1-808d-6ea3853ecc06","local_time":"20201217043403","is_ascension_mode":true,"campfire_choices":[{"floor":7.0,"key":"REST"},{"floor":10.0,"key":"REST"},{"floor":12.0,"key":"REST"},{"data":"Phantasmal Killer","floor":15.0,"key":"SMITH"},{"data":"Venomology","floor":23.0,"key":"SMITH"},{"data":"Venomology","floor":28.0,"key":"SMITH"},{"data":"Cloak And Dagger","floor":30.0,"key":"SMITH"},{"data":"Terror","floor":32.0,"key":"SMITH"},{"floor":45.0,"key":"RECALL"},{"data":"Footwork","floor":49.0,"key":"SMITH"},{"data":"Storm of Steel","floor":53.0,"key":"SMITH"}],"circlet_count":0,"master_deck":["AscendersBane","Strike_G+1","Defend_G","Defend_G","Defend_G","Defend_G+1","Defend_G","Survivor+1","Neutralize","Accuracy+1","Cloak And Dagger+1","Dash","Phantasmal Killer+1","Phantasmal Killer+1","Venomology+1","Prepared","Venomology+1","Burst+1","Venomology+1","Skewer+1","Blade Dance","Terror+1","Corpse Explosion","Storm of Steel+1","Footwork+1","Panache","Accuracy+1","Burst+1","Leg Sweep","Leg Sweep"],"relics":["Runic Pyramid","Nunchaku","Blue Candle","HornCleat","War Paint","Astrolabe","Nilry\u0027s Codex","Lizard Tail","Centennial Puzzle","PreservedInsect","Mummified Hand","Singing Bowl","Question Card","Coffee Dripper","Ginger","Kunai","Strawberry","DollysMirror","Bag of Preparation"],"acts_visited":["Exordium","TheCity","TheBeyond","TheEnding"],"potions_floor_usage":[56,56,56,56,56],"damage_taken":[{"damage":3.0,"enemies":"Cultist","floor":1.0,"turns":5.0},{"damage":0.0,"enemies":"Jaw Worm","floor":2.0,"turns":5.0},{"damage":3.0,"enemies":"2 Louse","floor":3.0,"turns":3.0},{"damage":12.0,"enemies":"Exordium Wildlife","floor":5.0,"turns":4.0},{"damage":12.0,"enemies":"Lagavulin","floor":6.0,"turns":7.0},{"damage":11.0,"enemies":"3 Sentries","floor":8.0,"turns":7.0},{"damage":35.0,"enemies":"Gremlin Nob","floor":11.0,"turns":5.0},{"damage":0.0,"enemies":"2 Fungi Beasts","floor":14.0,"turns":3.0},{"damage":13.0,"enemies":"Hexaghost","floor":16.0,"turns":13.0},{"damage":2.0,"enemies":"Spheric Guardian","floor":18.0,"turns":4.0},{"damage":9.0,"enemies":"Shell Parasite","floor":22.0,"turns":6.0},{"damage":20.0,"enemies":"Cultist and Chosen","floor":24.0,"turns":8.0},{"damage":26.0,"enemies":"Book of Stabbing","floor":25.0,"turns":5.0},{"damage":0.0,"enemies":"Gremlin Leader","floor":31.0,"turns":5.0},{"damage":40.0,"enemies":"Automaton","floor":33.0,"turns":8.0},{"damage":5.0,"enemies":"3 Shapes","floor":35.0,"turns":2.0},{"damage":3.0,"enemies":"3 Darklings","floor":36.0,"turns":3.0},{"damage":0.0,"enemies":"Mind Bloom Boss Battle","floor":39.0,"turns":3.0},{"damage":4.0,"enemies":"Giant Head","floor":40.0,"turns":3.0},{"damage":4.0,"enemies":"Sphere and 2 Shapes","floor":41.0,"turns":5.0},{"damage":1.0,"enemies":"Writhing Mass","floor":42.0,"turns":4.0},{"damage":5.0,"enemies":"Transient","floor":46.0,"turns":6.0},{"damage":5.0,"enemies":"Reptomancer","floor":47.0,"turns":3.0},{"damage":1.0,"enemies":"Sphere and 2 Shapes","floor":48.0,"turns":4.0},{"damage":34.0,"enemies":"Time Eater","floor":50.0,"turns":11.0},{"damage":20.0,"enemies":"Donu and Deca","floor":51.0,"turns":8.0},{"damage":12,"enemies":"Shield and Spear","floor":55,"turns":6},{"damage":55,"enemies":"The Heart","floor":56,"turns":5}],"seed_played":"4570927191942679195","potions_obtained":[{"floor":1.0,"key":"AttackPotion"},{"floor":2.0,"key":"LiquidMemories"},{"floor":6.0,"key":"Block Potion"},{"floor":14.0,"key":"Block Potion"},{"floor":24.0,"key":"SpeedPotion"},{"floor":31.0,"key":"DuplicationPotion"},{"floor":35.0,"key":"LiquidBronze"},{"floor":55,"key":"Weak Potion"}],"is_trial":false,"path_per_floor":["M","M","M","?","M","E","R","E","T","R","E","R","?","M","R","B",null,"M","?","?","?","M","R","M","E","T","T","R","$","R","E","R","B",null,"M","M","?","$","?","E","M","M","T","?","R","M","E","M","R","B","B",null,"R","$","E","B"],"character_chosen":"THE_SILENT","items_purchased":["Terror","Singing Bowl","DollysMirror","Leg Sweep"],"campfire_rested":3,"item_purchase_floors":[29,29,54,54],"current_hp_per_floor":[56,56,53,33,21,9,28,17,17,36,1,20,25,25,25,12,56,54,33,33,33,24,24,4,21,21,21,21,21,21,21,21,35,62,59,56,56,56,58,56,54,55,55,55,55,52,54,55,55,21,1,66,66,66,54,0,0],"gold":44,"neow_bonus":"BOSS_RELIC","is_daily":false,"chose_seed":false,"campfire_upgraded":7,"win_rate":0.0,"timestamp":1608197643,"path_taken":["M","M","M","?","M","E","R","E","T","R","E","R","?","M","R","BOSS","M","?","?","?","M","R","?","E","T","?","R","$","R","E","R","BOSS","M","M","?","?","?","E","M","M","T","?","R","M","E","M","R","BOSS","BOSS","R","$","E","BOSS"],"items_purchased_type":["Card","Relic","Relic","Card"],"build_version":"2020-12-13","purchased_purges":1,"victory":false,"max_hp_per_floor":[66,66,66,66,66,66,66,66,66,66,66,66,71,71,71,71,71,71,71,71,71,71,71,71,71,71,71,71,71,71,71,71,71,71,73,73,69,69,71,73,75,77,77,77,77,79,86,88,88,88,88,88,88,88,88,88,88],"relic_stats":{"Singing Bowl":14,"counters":[28,151],"Blue Candle":[0],"Astrolabe":["Burst","Venomology","Skewer"],"PreservedInsect":315,"Bag of Preparation":[2],"Ginger":[4],"War Paint":["Defend_G","Survivor"],"Question Card":12,"Nunchaku":[21],"Lizard Tail":35,"Centennial Puzzle":[39],"Mummified Hand":[50],"Kunai":[18],"obtain_stats":[{"Singing Bowl":29,"Nilry\u0027s Codex":19,"Blue Candle":8,"Astrolabe":17,"PreservedInsect":26,"Bag of Preparation":55,"Ginger":39,"War Paint":11,"Question Card":31,"Nunchaku":6,"Lizard Tail":20,"Centennial Puzzle":25,"HornCleat":9,"Mummified Hand":27,"DollysMirror":54,"Strawberry":47,"Coffee Dripper":34,"Kunai":40,"Ring of the Snake":0,"Runic Pyramid":0},{"Singing Bowl":13,"Nilry\u0027s Codex":10,"Blue Candle":6,"Astrolabe":9,"PreservedInsect":13,"Bag of Preparation":27,"Ginger":18,"War Paint":7,"Question Card":14,"Nunchaku":5,"Lizard Tail":10,"Centennial Puzzle":13,"HornCleat":6,"Mummified Hand":13,"DollysMirror":26,"Strawberry":23,"Coffee Dripper":15,"Kunai":19,"Ring of the Snake":0,"Runic Pyramid":0},{"Singing Bowl":75,"Nilry\u0027s Codex":56,"Blue Candle":31,"Astrolabe":52,"PreservedInsect":75,"Bag of Preparation":146,"Ginger":96,"War Paint":36,"Question Card":80,"Nunchaku":24,"Lizard Tail":56,"Centennial Puzzle":75,"HornCleat":31,"Mummified Hand":75,"DollysMirror":140,"Strawberry":117,"Coffee Dripper":88,"Kunai":99,"Ring of the Snake":0,"Runic Pyramid":0}]},"card_choices":[{"not_picked":["Deadly Poison","Acrobatics"],"picked":"Accuracy","floor":1.0},{"not_picked":["Slice","Tactician"],"picked":"Cloak And Dagger","floor":2.0},{"not_picked":["Dagger Spray","Tactician"],"picked":"Dash","floor":3.0},{"not_picked":["Deadly Poison","Endless Agony"],"picked":"Phantasmal Killer","floor":5.0},{"not_picked":["Backstab","PiercingWail"],"picked":"Phantasmal Killer","floor":6.0},{"not_picked":["Underhanded Strike","Acrobatics","Dodge and Roll"],"picked":"SKIP","floor":8.0},{"not_picked":["Crippling Poison","Quick Slash"],"picked":"Venomology","floor":11.0},{"not_picked":["Underhanded Strike","Eviscerate"],"picked":"Prepared","floor":14.0},{"not_picked":["Malaise","After Image"],"picked":"Venomology","floor":16.0},{"not_picked":["Flying Knee","Finisher","Prepared"],"picked":"SKIP","floor":18.0},{"not_picked":["Quick Slash","Cloak And Dagger"],"picked":"Blade Dance","floor":22.0},{"not_picked":["Acrobatics","Finisher","Deadly Poison+1"],"picked":"SKIP","floor":24.0},{"not_picked":["Acrobatics+1","Deadly Poison","Backflip"],"picked":"SKIP","floor":25.0},{"not_picked":["Escape Plan","Bane"],"picked":"Corpse Explosion","floor":31.0},{"not_picked":["Die Die Die","Adrenaline","Venomology"],"picked":"Storm of Steel","floor":33.0},{"not_picked":["Leg Sweep","Slice+1","Deadly Poison","Flying Knee"],"picked":"Singing Bowl","floor":35.0},{"not_picked":["Deflect+1","Poisoned Stab+1","All Out Attack"],"picked":"Footwork","floor":36.0},{"not_picked":["Blade Dance","Sucker Punch","Underhanded Strike+1","Dagger Throw"],"picked":"Singing Bowl","floor":39.0},{"not_picked":["Quick Slash","Flying Knee","Escape Plan","Envenom"],"picked":"Singing Bowl","floor":40.0},{"not_picked":["Prepared","Underhanded Strike","Backstab+1","Cloak And Dagger"],"picked":"Singing Bowl","floor":41.0},{"not_picked":["Caltrops","Prepared+1","Acrobatics","Poisoned Stab"],"picked":"Singing Bowl","floor":42.0},{"not_picked":["Trip","Chrysalis","Sadistic Nature"],"picked":"Panache","floor":44.0},{"not_picked":["Flying Knee","Quick Slash","Bane","Dodge and Roll"],"picked":"Singing Bowl","floor":46.0},{"not_picked":["Footwork","Underhanded Strike","Slice"],"picked":"Accuracy+1","floor":47.0},{"not_picked":["Noxious Fumes","Finisher+1","Deadly Poison+1","Bane"],"picked":"Singing Bowl","floor":48.0},{"not_picked":["Sucker Punch","Skewer+1","Crippling Poison+1"],"picked":"Leg Sweep","floor":55}],"player_experience":1341531,"relics_obtained":[{"floor":6.0,"key":"Nunchaku"},{"floor":8.0,"key":"Blue Candle"},{"floor":9.0,"key":"HornCleat"},{"floor":11.0,"key":"War Paint"},{"floor":19.0,"key":"Nilry\u0027s Codex"},{"floor":25.0,"key":"Centennial Puzzle"},{"floor":26.0,"key":"PreservedInsect"},{"floor":27.0,"key":"Mummified Hand"},{"floor":31.0,"key":"Question Card"},{"floor":39.0,"key":"Ginger"},{"floor":40.0,"key":"Kunai"},{"floor":47.0,"key":"Strawberry"},{"floor":55,"key":"Bag of Preparation"}],"event_choices":[{"damage_healed":0.0,"max_hp_gain":0.0,"max_hp_loss":0.0,"gold_gain":0.0,"event_name":"Shining Light","player_choice":"Entered Light","floor":4.0,"gold_loss":0.0,"damage_taken":20.0,"cards_upgraded":["Strike_G","Accuracy"]},{"damage_healed":0.0,"max_hp_gain":5.0,"max_hp_loss":0.0,"gold_gain":0.0,"event_name":"Big Fish","player_choice":"Donut","floor":13.0,"gold_loss":0.0,"damage_taken":0.0},{"damage_healed":0.0,"max_hp_gain":0.0,"max_hp_loss":0.0,"gold_gain":0.0,"event_name":"Cursed Tome","player_choice":"Obtained Book","floor":19.0,"gold_loss":0.0,"damage_taken":21.0},{"damage_healed":0.0,"max_hp_gain":0.0,"max_hp_loss":0.0,"gold_gain":0.0,"event_name":"Addict","player_choice":"Obtained Relic","floor":20.0,"gold_loss":85.0,"damage_taken":0.0,"relics_obtained":["Lizard Tail"]},{"damage_healed":0.0,"max_hp_gain":0.0,"max_hp_loss":0.0,"gold_gain":0.0,"event_name":"Accursed Blacksmith","player_choice":"Forge","floor":21.0,"gold_loss":0.0,"damage_taken":0.0,"cards_upgraded":["Phantasmal Killer"]},{"damage_healed":0.0,"max_hp_gain":0.0,"max_hp_loss":4.0,"gold_gain":0.0,"event_name":"Winding Halls","player_choice":"Max HP","floor":37.0,"gold_loss":0.0,"damage_taken":0.0},{"damage_healed":0.0,"max_hp_gain":0.0,"max_hp_loss":0.0,"gold_gain":0.0,"event_name":"MindBloom","player_choice":"Fight","floor":39.0,"gold_loss":0.0,"damage_taken":0.0},{"damage_healed":0.0,"max_hp_gain":0.0,"max_hp_loss":0.0,"gold_gain":0.0,"event_name":"SensoryStone","player_choice":"Memory 1","floor":44.0,"gold_loss":0.0,"damage_taken":0.0}],"is_beta":false,"boss_relics":[{"not_picked":["Snecko Eye","Runic Dome"],"picked":"Astrolabe"},{"not_picked":["Tiny House","Empty Cage"],"picked":"Coffee Dripper"}],"items_purged_floors":[38],"is_endless":false,"potions_floor_spawned":[1,2,6,14,24,31,33,35,39,41,42,55],"killed_by":"The Heart","ascension_level":20}}