{"host":"7t8rqoeeopyy0nh0","time":1608222808,"event":{"mods":["AchievementEnabler","BaseMod","Better Third Choice","BetterRewards","Colored Map","Colored Powertips","Downfall","Hubris","Infinite Spire","Minty Spire (QoL Compilation)","Replay The Spire","StSLib"],"gold_per_floor":[111,130,130,145,126,126,155,155,155,167,184,209,10,10,10,107,107,118,58,77,93,113,113,148,164,164,164,195,195,220,240,240,336,336,353,35,55,75,75,103,121,132,132,145,173,173,202,219,219,219],"floor_reached":51,"playtime":3934,"items_purged":["Defend_G","Leg Sweep","Well Laid Plans"],"score":1614,"play_id":"3812364f-2715-449d-8eff-2c4e407e1935","local_time":"20201217113328","is_ascension_mode":true,"campfire_choices":[{"floor":6,"key":"REST"},{"data":"Neutralize","floor":8,"key":"SMITH"},{"data":"Noxious Fumes","floor":15,"key":"SMITH"},{"data":"Adrenaline","floor":23,"key":"SMITH"},{"data":"Burst","floor":29,"key":"SMITH"},{"data":"Footwork","floor":32,"key":"SMITH"},{"data":"After Image","floor":46,"key":"SMITH"},{"data":"Calculated Gamble","floor":49,"key":"SMITH"}],"circlet_count":0,"master_deck":["Survivor","Neutralize+1","Backstab+1","Footwork+1","Poisoned Stab","PiercingWail","Leg Sweep","Backflip","Dodge and Roll","Noxious Fumes+1","Deflect","Adrenaline+1","Dagger Throw","Burst+1","Cloak And Dagger","Venomology","Poisoned Stab","Unload","Calculated Gamble+1","hubris:TrickCloak","Deadly Poison","Cloak And Dagger+1","Blur+1","Toxin Wave+1","Bane+1","After Image+1","Bouncing Flask+1","Caltrops","Wraith Form v2","Parasite","Catalyst+1"],"relics":["Ring of the Snake","Matryoshka","MealTicket","Replay:Wax Seal","Oddly Smooth Stone","Onion Ring","ReplayTheSpireMod:Lightbulb","Blood Vial","Blue Doll","Pandora\u0027s Box","Gremlin Food","infinitespire:Lychee Nut","Ring of the Serpent","Torii","hubris:DeckOfHolding","hubris:TinFlute","hubris:VirtuousBlindfold","infinitespire:Bottled Soul","BargainBundle","hubris:TenFootPole","infinitespire:WardingShard","Bag of Preparation","StrikeDummy"],"acts_visited":["Exordium","TheCity","TheBeyond"],"potions_floor_usage":[7,12,16,20,22,22,24,33,33,40,40,41,42,45,47,50],"damage_taken":[{"damage":0,"enemies":"2 Louse","floor":1,"turns":2},{"damage":23,"enemies":"infinitespire:Voidling","floor":2,"turns":5},{"damage":0,"enemies":"Cultist","floor":4,"turns":3},{"damage":1,"enemies":"Exordium Thugs","floor":5,"turns":4},{"damage":14,"enemies":"Replay:BlueRogue","floor":7,"turns":9},{"damage":0,"enemies":"Gremlin Gang","floor":10,"turns":9},{"damage":1,"enemies":"3 Louse","floor":11,"turns":3},{"damage":10,"enemies":"Gremlin Nob","floor":12,"turns":4},{"damage":19,"enemies":"Slime Boss","floor":16,"turns":14},{"damage":5,"enemies":"Shell Parasite","floor":18,"turns":4},{"damage":6,"enemies":"2 Thieves","floor":20,"turns":5},{"damage":0,"enemies":"Chosen and Byrds","floor":21,"turns":7},{"damage":6,"enemies":"3 Cultists","floor":22,"turns":6},{"damage":24,"enemies":"Book of Stabbing","floor":24,"turns":8},{"damage":0,"enemies":"Centurion and Healer","floor":25,"turns":7},{"damage":0,"enemies":"Gremlin Leader","floor":28,"turns":6},{"damage":3,"enemies":"Book of Stabbing","floor":30,"turns":6},{"damage":1,"enemies":"Sentry and Sphere","floor":31,"turns":4},{"damage":0,"enemies":"Collector","floor":33,"turns":8},{"damage":0,"enemies":"3 Shapes","floor":35,"turns":4},{"damage":0,"enemies":"Orb Walker","floor":37,"turns":3},{"damage":9,"enemies":"Spire Growth","floor":38,"turns":5},{"damage":8,"enemies":"Reptomancer","floor":40,"turns":6},{"damage":1,"enemies":"Writhing Mass","floor":41,"turns":6},{"damage":1,"enemies":"Sphere and 2 Shapes","floor":42,"turns":4},{"damage":0,"enemies":"Maw","floor":44,"turns":6},{"damage":1,"enemies":"R_Hoarder","floor":45,"turns":7},{"damage":0,"enemies":"Reptomancer","floor":47,"turns":6},{"damage":0,"enemies":"Transient","floor":48,"turns":5},{"damage":28,"enemies":"hubris:GrandSnecko","floor":50,"turns":8}],"seed_played":"-4079758367611983543","potions_obtained":[{"floor":1,"key":"SkillPotion"},{"floor":2,"key":"Fruit Juice"},{"floor":5,"key":"Milkshake"},{"floor":7,"key":"Swift Potion"},{"floor":16,"key":"SpeedPotion"},{"floor":18,"key":"Weak Potion"},{"floor":24,"key":"LiquidBronze"},{"floor":30,"key":"infinitespire:BlackPotion"},{"floor":33,"key":"SpeedPotion"},{"floor":47,"key":"Slimebound:ThreeZeroPotion"}],"is_trial":false,"path_per_floor":["M","M","?","M","M","R","E","R","T","M","M","E","$","T","R","B",null,"M","?","M","M","M","R","E","M","T","AVR","E","R","E","M","R","B",null,"M","$","M","M","AVR","E","M","M","T","M","E","R","E","M","R_BF","B",null],"character_chosen":"THE_SILENT","items_purchased":["Backstab","Matryoshka","MealTicket","Noxious Fumes","Deflect","infinitespire:Bottled Soul","Caltrops"],"campfire_rested":1,"item_purchase_floors":[0,0,0,13,13,36,36],"current_hp_per_floor":[42,36,36,36,35,56,42,42,42,42,41,31,46,46,46,29,60,57,57,53,55,56,56,34,36,36,36,44,44,49,55,55,56,56,56,56,56,47,47,47,54,55,55,56,55,55,56,56,56,28],"gold":219,"neow_bonus":"","is_daily":false,"chose_seed":false,"campfire_upgraded":7,"win_rate":0.0,"timestamp":1608222808,"path_taken":["M","M","?","M","M","R","E","R","T","M","?","E","$","?","R","BOSS","M","?","M","M","M","R","E","M","T","AVR","E","R","E","M","R","BOSS","M","$","M","M","AVR","E","M","?","T","M","E","R","E","M","R_BF","BOSS"],"items_purchased_type":["Card","Relic","Relic","Card","Card","Relic","Card"],"build_version":"2020-12-13","purchased_purges":3,"victory":true,"max_hp_per_floor":[70,70,70,70,70,70,70,70,70,70,70,70,70,70,70,70,70,70,70,70,70,75,75,75,75,56,56,56,56,56,56,56,56,56,56,56,56,56,56,56,56,56,56,56,56,56,56,56,56,56],"card_choices":[{"not_picked":["Quick Slash","Replay:Poison Smokescreen"],"picked":"Footwork","floor":1},{"not_picked":["Dodge and Roll","Dagger Spray"],"picked":"Poisoned Stab","floor":2},{"not_picked":["Leg Sweep","Underhanded Strike"],"picked":"PiercingWail","floor":4},{"not_picked":["Predator","Bane"],"picked":"Leg Sweep","floor":5},{"not_picked":["Quick Slash","Dagger Spray"],"picked":"Backflip","floor":7},{"not_picked":["Endless Agony","ReplayTheSpireMod:Shiv Toss"],"picked":"Dodge and Roll","floor":10},{"not_picked":["Concentrate","PiercingWail","Eviscerate"],"picked":"SKIP","floor":11},{"not_picked":["Reflex","hubris:TrickCloak","ReplayTheSpireMod:The Works"],"picked":"SKIP","floor":12},{"not_picked":["Glass Knife","ReplayTheSpireMod:From All Sides"],"picked":"Adrenaline","floor":16},{"not_picked":["Concentrate","Dagger Spray+1"],"picked":"Calculated Gamble","floor":18},{"not_picked":["Well Laid Plans","Dash","Prepared"],"picked":"SKIP","floor":20},{"not_picked":["Dodge and Roll","Dagger Spray","Draining Mist+1"],"picked":"SKIP","floor":21},{"not_picked":["All Out Attack","Cloak And Dagger"],"picked":"Deadly Poison","floor":22},{"not_picked":["Eviscerate","ReplayTheSpireMod:The Works+1","Deadly Poison"],"picked":"SKIP","floor":24},{"not_picked":["Deflect","Acrobatics"],"picked":"Cloak And Dagger+1","floor":25},{"not_picked":["Flying Knee","Accuracy+1"],"picked":"Blur+1","floor":28},{"not_picked":["Dodge and Roll","hubris:SlightOfHand"],"picked":"Toxin Wave+1","floor":30},{"not_picked":["Endless Agony","Prepared"],"picked":"Bane+1","floor":31},{"not_picked":["ReplayTheSpireMod:From All Sides","Venomology"],"picked":"After Image","floor":33},{"not_picked":["hubris:SlightOfHand+1","Dodge and Roll+1"],"picked":"Bouncing Flask+1","floor":35},{"not_picked":["Dagger Throw","Deflect","Heel Hook"],"picked":"SKIP","floor":37},{"not_picked":["Slice+1","Deflect","Flying Knee+1"],"picked":"SKIP","floor":38},{"not_picked":["Slice+1","Terror+1"],"picked":"Wraith Form v2","floor":40},{"not_picked":["Slice+1","hubris:Counter"],"picked":"Catalyst+1","floor":41},{"not_picked":["Hidden Blade","Tactician","Dagger Throw+1"],"picked":"SKIP","floor":42},{"not_picked":["Masterful Stab","Sucker Punch+1","Quick Slash+1"],"picked":"SKIP","floor":44},{"not_picked":["Sucker Punch","Dash","Dagger Throw"],"picked":"SKIP","floor":45},{"not_picked":["PiercingWail","ReplayTheSpireMod:Speed Training+1","Reflex+1"],"picked":"SKIP","floor":47},{"not_picked":["Reflex+1","Deflect+1","Terror"],"picked":"SKIP","floor":48}],"player_experience":332110,"relics_obtained":[{"floor":7,"key":"Oddly Smooth Stone"},{"floor":9,"key":"Onion Ring"},{"floor":12,"key":"ReplayTheSpireMod:Lightbulb"},{"floor":14,"key":"Blood Vial"},{"floor":14,"key":"Blue Doll"},{"floor":24,"key":"Gremlin Food"},{"floor":26,"key":"infinitespire:Lychee Nut"},{"floor":28,"key":"hubris:DeckOfHolding"},{"floor":30,"key":"hubris:TinFlute"},{"floor":40,"key":"hubris:TenFootPole"},{"floor":43,"key":"infinitespire:WardingShard"},{"floor":45,"key":"Bag of Preparation"},{"floor":47,"key":"StrikeDummy"}],"event_choices":[{"damage_healed":0,"gold_gain":0,"player_choice":"Forge","damage_taken":0,"max_hp_gain":0,"max_hp_loss":0,"event_name":"Accursed Blacksmith","floor":3,"gold_loss":0,"cards_upgraded":["Backstab"]},{"damage_healed":0,"gold_gain":0,"cards_transformed":["Concentrate","Concentrate"],"player_choice":"Transformed Cards","damage_taken":0,"max_hp_gain":0,"max_hp_loss":0,"event_name":"Designer","floor":19,"gold_loss":60,"cards_obtained":["Leg Sweep","hubris:TrickCloak"]}],"is_beta":false,"boss_relics":[{"not_picked":["hubris:Backtick","ChewingGum"],"picked":"Pandora\u0027s Box"},{"not_picked":["hubris:BlackHole","infinitespire:Cupcake"],"picked":"hubris:VirtuousBlindfold"}],"items_purged_floors":[13,27,39],"is_endless":false,"potions_floor_spawned":[1,2,5,7,16,18,24,30,33,37,38,40,47,48],"ascension_level":9}}