{"host":"ih7ofq2zpufcoifs","time":1608176097,"event":{"mods":["BaseMod","Colored Map","Minty Spire (QoL Compilation)"],"gold_per_floor":[99,63,63,63,63,63,63,63,63,63,63,63,63,14,14,14,14,0,0,0,0,0,0,0,0,0,0,0,0,0,0,0,0,0,0,0,0,0,0,0,0,0,0,0,0,0,0,0,0,0,0,0,0,0,0],"floor_reached":56,"playtime":5214,"items_purged":[],"score":2263,"play_id":"a739a310-f3aa-4bf8-9ae8-9ef95beb23eb","local_time":"20201217133457","is_ascension_mode":true,"campfire_choices":[{"data":"Neutralize","floor":6.0,"key":"SMITH"},{"data":"Finisher","floor":8.0,"key":"SMITH"},{"data":"Acrobatics","floor":10.0,"key":"SMITH"},{"floor":12.0,"key":"REST"},{"data":"Adrenaline","floor":15.0,"key":"SMITH"},{"data":"Blade Dance","floor":23.0,"key":"SMITH"},{"data":"Caltrops","floor":29.0,"key":"SMITH"},{"data":"Finisher","floor":32.0,"key":"SMITH"},{"floor":40,"key":"REST"},{"floor":42,"key":"RECALL"},{"data":"Burst","floor":49,"key":"SMITH"},{"data":"Adrenaline","floor":52,"key":"SMITH"}],"circlet_count":0,"master_deck":["AscendersBane","Strike_G","Strike_G","Strike_G","Strike_G","Defend_G","Defend_G","Defend_G","Defend_G","Defend_G+1","Survivor+1","Neutralize+1","Dagger Throw+1","Acrobatics+1","Finisher+1","Adrenaline+1","Acrobatics","Adrenaline+1","Leg Sweep","Cloak And Dagger+1","Blade Dance+1","Caltrops+1","Blur","PiercingWail+1","PiercingWail","Finisher+1","Burst+1","Reflex","Night Terror","Tactician+1","Acrobatics","Flechettes+1","Blade Dance","Leg Sweep","Escape Plan+1","Bullet Time","Footwork+1"],"relics":["Ectoplasm","HornCleat","War Paint","Kunai","MealTicket","SlaversCollar","PreservedInsect","Dream Catcher","Mercury Hourglass","MawBank","Runic Pyramid","StoneCalendar","Bronze Scales","Ninja Scroll","FossilizedHelix","Pantograph","Boot"],"acts_visited":["Exordium","TheCity","TheBeyond","TheEnding"],"potions_floor_usage":[55,55],"damage_taken":[{"damage":3.0,"enemies":"2 Louse","floor":1.0,"turns":4.0},{"damage":0.0,"enemies":"Jaw Worm","floor":3.0,"turns":5.0},{"damage":2.0,"enemies":"3 Sentries","floor":7.0,"turns":3.0},{"damage":9.0,"enemies":"Lagavulin","floor":11.0,"turns":6.0},{"damage":16.0,"enemies":"Gremlin Nob","floor":13.0,"turns":4.0},{"damage":32.0,"enemies":"Slime Boss","floor":16.0,"turns":14.0},{"damage":6.0,"enemies":"2 Thieves","floor":18.0,"turns":4.0},{"damage":0.0,"enemies":"3 Byrds","floor":20.0,"turns":5.0},{"damage":1.0,"enemies":"Centurion and Healer","floor":21.0,"turns":9.0},{"damage":0.0,"enemies":"Sentry and Sphere","floor":22.0,"turns":4.0},{"damage":4.0,"enemies":"Gremlin Leader","floor":24.0,"turns":8.0},{"damage":0.0,"enemies":"Snake Plant","floor":27.0,"turns":5.0},{"damage":5.0,"enemies":"Slavers","floor":28.0,"turns":4.0},{"damage":0.0,"enemies":"Book of Stabbing","floor":30.0,"turns":3.0},{"damage":4.0,"enemies":"Chosen and Byrds","floor":31.0,"turns":6.0},{"damage":29.0,"enemies":"Champ","floor":33.0,"turns":12.0},{"damage":9.0,"enemies":"3 Darklings","floor":35.0,"turns":4.0},{"damage":0.0,"enemies":"3 Shapes","floor":37.0,"turns":5.0},{"damage":0.0,"enemies":"Maw","floor":38.0,"turns":6.0},{"damage":22,"enemies":"2 Orb Walkers","floor":39,"turns":5},{"damage":0,"enemies":"Reptomancer","floor":41,"turns":4},{"damage":0,"enemies":"Giant Head","floor":44,"turns":5},{"damage":0,"enemies":"Reptomancer","floor":46,"turns":5},{"damage":0,"enemies":"Jaw Worm Horde","floor":47,"turns":3},{"damage":0,"enemies":"Sphere and 2 Shapes","floor":48,"turns":5},{"damage":15,"enemies":"Donu and Deca","floor":50,"turns":7},{"damage":0,"enemies":"Shield and Spear","floor":54,"turns":5},{"damage":17,"enemies":"The Heart","floor":55,"turns":8}],"seed_played":"-8181735532114084895","potions_obtained":[{"floor":1.0,"key":"Weak Potion"},{"floor":3.0,"key":"ColorlessPotion"},{"floor":13.0,"key":"Regen Potion"},{"floor":20.0,"key":"SteroidPotion"},{"floor":24.0,"key":"AttackPotion"},{"floor":30.0,"key":"SteroidPotion"},{"floor":37.0,"key":"DuplicationPotion"}],"is_trial":false,"path_per_floor":["M","?","M","?","?","R","E","R","T","R","E","R","E","$","R","B",null,"M","T","M","M","M","R","E","$","T","M","E","R","E","M","R","B",null,"M","?","M","M","?","R","E","R","T","E","?","E","M","M","R","B",null,"R","$","E","B",null],"character_chosen":"THE_SILENT","items_purchased":["Acrobatics"],"campfire_rested":2,"item_purchase_floors":[14],"current_hp_per_floor":[56,56,56,56,56,56,54,54,54,54,45,64,48,63,63,31,57,51,51,51,50,50,50,46,61,61,61,56,56,56,52,52,23,55,46,46,46,46,24,43,43,43,43,43,43,43,43,43,43,51,62,62,66,66,49],"gold":0,"neow_bonus":"BOSS_RELIC","is_daily":false,"chose_seed":false,"campfire_upgraded":9,"win_rate":0.0,"timestamp":1608176097,"path_taken":["M","?","M","?","?","R","E","R","T","R","E","R","E","$","R","BOSS","M","?","M","M","M","R","E","$","T","M","E","R","E","M","R","BOSS","M","?","?","M","?","R","E","R","T","E","?","E","M","M","R","BOSS","R","$","E","BOSS"],"items_purchased_type":["Card"],"build_version":"2020-12-13","purchased_purges":0,"victory":true,"max_hp_per_floor":[66,66,66,66,66,66,66,66,66,66,66,66,66,66,66,66,66,66,66,66,66,66,66,66,66,66,66,66,66,66,66,66,66,66,66,66,66,66,66,66,66,66,66,66,66,66,66,66,66,66,66,66,66,66,66],"card_choices":[{"not_picked":["Footwork","Sucker Punch"],"picked":"Dagger Throw","floor":1.0},{"not_picked":["Dagger Spray","Distraction"],"picked":"Acrobatics","floor":3.0},{"not_picked":["All Out Attack","Choke"],"picked":"Finisher","floor":7.0},{"not_picked":["Prepared","Underhanded Strike"],"picked":"Adrenaline","floor":11.0},{"not_picked":["Deadly Poison","Distraction","Flying Knee"],"picked":"SKIP","floor":13.0},{"not_picked":["Doppelganger","Venomology"],"picked":"Adrenaline","floor":16.0},{"not_picked":["Distraction","Bane"],"picked":"Leg Sweep","floor":18.0},{"not_picked":["Deflect+1","Outmaneuver"],"picked":"Cloak And Dagger+1","floor":20.0},{"not_picked":["Eviscerate","Prepared"],"picked":"Blade Dance","floor":21.0},{"not_picked":["Masterful Stab","Skewer","Flying Knee"],"picked":"SKIP","floor":22.0},{"not_picked":["Flying Knee","All Out Attack"],"picked":"Caltrops","floor":24.0},{"not_picked":["Bouncing Flask","Finisher"],"picked":"Blur","floor":27.0},{"not_picked":["Eviscerate","Footwork"],"picked":"PiercingWail+1","floor":28.0},{"not_picked":["Quick Slash","Distraction"],"picked":"PiercingWail","floor":30.0},{"not_picked":["Distraction","Dagger Spray"],"picked":"Finisher","floor":31.0},{"not_picked":["Storm of Steel","Adrenaline"],"picked":"Burst","floor":33.0},{"not_picked":["Flying Knee+1","Finisher+1","Poisoned Stab"],"picked":"SKIP","floor":35.0},{"not_picked":["Predator","Flying Knee"],"picked":"Tactician+1","floor":37.0},{"not_picked":["Dash+1","Blade Dance"],"picked":"Acrobatics","floor":38.0},{"not_picked":["Flying Knee","Deflect"],"picked":"Flechettes+1","floor":39},{"not_picked":["Finisher","Deflect"],"picked":"Blade Dance","floor":40},{"not_picked":["Bane+1","Expertise"],"picked":"Leg Sweep","floor":41},{"not_picked":["Poisoned Stab+1","Sucker Punch"],"picked":"Escape Plan+1","floor":44},{"not_picked":["Dagger Spray+1","Predator","Distraction"],"picked":"SKIP","floor":46},{"not_picked":["Dash","Leg Sweep+1"],"picked":"Bullet Time","floor":47},{"not_picked":["Outmaneuver","Bane","Flying Knee+1"],"picked":"SKIP","floor":48},{"not_picked":["Phantasmal Killer","Glass Knife"],"picked":"Footwork+1","floor":54}],"player_experience":378207,"relics_obtained":[{"floor":7.0,"key":"HornCleat"},{"floor":9.0,"key":"War Paint"},{"floor":11.0,"key":"Kunai"},{"floor":13.0,"key":"MealTicket"},{"floor":24.0,"key":"PreservedInsect"},{"floor":26.0,"key":"Dream Catcher"},{"floor":28.0,"key":"Mercury Hourglass"},{"floor":30.0,"key":"MawBank"},{"floor":39,"key":"StoneCalendar"},{"floor":41,"key":"Bronze Scales"},{"floor":43,"key":"Ninja Scroll"},{"floor":44,"key":"FossilizedHelix"},{"floor":46,"key":"Pantograph"},{"floor":54,"key":"Boot"}],"event_choices":[{"damage_healed":0.0,"max_hp_gain":0.0,"max_hp_loss":0.0,"gold_gain":0.0,"event_name":"World of Goop","player_choice":"Left Gold","floor":2.0,"gold_loss":36.0,"damage_taken":0.0},{"damage_healed":0.0,"max_hp_gain":0.0,"max_hp_loss":0.0,"gold_gain":0.0,"event_name":"Liars Game","player_choice":"Ignored","floor":4.0,"gold_loss":0.0,"damage_taken":0.0},{"damage_healed":0.0,"max_hp_gain":0.0,"max_hp_loss":0.0,"gold_gain":0.0,"event_name":"Upgrade Shrine","player_choice":"Upgraded","floor":5.0,"gold_loss":0.0,"damage_taken":0.0,"cards_upgraded":["Dagger Throw"]},{"damage_healed":0.0,"max_hp_gain":0.0,"max_hp_loss":0.0,"gold_gain":0.0,"event_name":"Match and Keep!","player_choice":"2 cards matched","floor":36.0,"gold_loss":0.0,"damage_taken":0.0,"cards_obtained":["Reflex","Night Terror"]},{"damage_healed":0,"gold_gain":0,"player_choice":"Fight","damage_taken":0,"max_hp_gain":0,"max_hp_loss":0,"event_name":"Mysterious Sphere","floor":39,"gold_loss":0},{"cards_removed":["Strike_G"],"damage_healed":0,"gold_gain":0,"player_choice":"Removed Attack","damage_taken":0,"max_hp_gain":0,"max_hp_loss":0,"event_name":"Falling","floor":45,"gold_loss":0}],"is_beta":false,"boss_relics":[{"not_picked":["Calling Bell","Empty Cage"],"picked":"SlaversCollar"},{"not_picked":["Tiny House","Black Star"],"picked":"Runic Pyramid"}],"items_purged_floors":[],"is_endless":false,"potions_floor_spawned":[1,3,13,16,20,21,24,30,37,38,39,46,48,54],"ascension_level":15}}