{"host":"3j2m8n0ywf988fwb","time":1608242174,"event":{"mods":["Act Like it!","Aspiration","BaseMod","Beaked The Cultist","Better Altar","Better Match","Better Note","Better Sensory Stone","Better Skull","Better Third Choice","CCEM","Colored Map","Colored Powertips","Conspire","Energized Spire","GifTheSpireLib","Googly Eyes","Halation","Hallownest","Highlight Path","Hubris","Jedi Mod","Marisa????????","Marked Mod","Mimic Mod","Minty Spire (QoL Compilation)","Random Character Button","Relic Stats","Replay The Spire","Robot Space Explorer","Shop Mod","Somnambulant","StSLib","Stuff the Spire","The Bug Knight","The Hierophant","The Runesmith","TheFirefly","Unceasing Turn Reminder","everything is the same but u backflip on backflip"],"gold_per_floor":[114,114,114,125,145,145,145],"floor_reached":6,"playtime":467,"items_purged":[],"score":54,"play_id":"31570a35-7bcf-4fec-a994-5c6296a0a9a4","local_time":"20201217155614","is_ascension_mode":true,"campfire_choices":[],"circlet_count":0,"master_deck":["AscendersBane","Strike_G","Strike_G","Strike_G","Strike_G","Strike_G","Defend_G","Defend_G","Defend_G","Defend_G","Defend_G","Survivor","Neutralize","conspire:DoublingDagger","Terror","hubris:Sniper"],"relics":["halation:SimulatedSpire","halation:EternalFortune","FaceOfCleric"],"acts_visited":["Exordium"],"potions_floor_usage":[],"damage_taken":[{"damage":7,"enemies":"Small Slimes","floor":1,"turns":5},{"damage":2,"enemies":"2 Louse","floor":4,"turns":3},{"damage":3,"enemies":"Cultist","floor":5,"turns":5},{"damage":58,"enemies":"HollowMod:MossKnight","floor":6,"turns":10}],"seed_played":"1847698423267288427","potions_obtained":[{"floor":1,"key":"Dexterity Potion"}],"is_trial":false,"path_per_floor":["M","?","?","M","M","E"],"character_chosen":"THE_SILENT","items_purchased":[],"campfire_rested":0,"item_purchase_floors":[],"current_hp_per_floor":[56,59,59,58,56,0,0],"gold":145,"neow_bonus":"SIMULATED_SPIRE","is_daily":false,"chose_seed":false,"campfire_upgraded":0,"win_rate":0.0,"timestamp":1608242174,"path_taken":["M","?","?","?","M","E"],"items_purchased_type":[],"build_version":"2020-12-13","purchased_purges":0,"victory":false,"max_hp_per_floor":[70,73,73,74,75,75,75],"relic_stats":{"FaceOfCleric":2,"counters":[4,23],"obtain_stats":[{"FaceOfCleric":3,"halation:SimulatedSpire":0,"halation:EternalFortune":2,"Ring of the Snake":0},{"FaceOfCleric":1,"halation:SimulatedSpire":0,"halation:EternalFortune":1,"Ring of the Snake":0},{"FaceOfCleric":5,"halation:SimulatedSpire":0,"halation:EternalFortune":5,"Ring of the Snake":0}]},"card_choices":[{"not_picked":["Blade Dance","Prepared"],"picked":"conspire:DoublingDagger","floor":1},{"not_picked":["Backflip","jedi:pocketpoison"],"picked":"Terror","floor":4},{"not_picked":["Poisoned Stab","Backflip"],"picked":"hubris:Sniper","floor":5},{"not_picked":["jedi:acidrain","Dagger Throw","Skewer"],"picked":"SKIP","floor":5}],"player_experience":984304,"relics_obtained":[],"event_choices":[{"damage_healed":0,"gold_gain":0,"player_choice":"Trade","damage_taken":0,"relics_obtained":["FaceOfCleric"],"max_hp_gain":0,"max_hp_loss":0,"event_name":"FaceTrader","floor":3,"gold_loss":0}],"is_beta":false,"boss_relics":[],"items_purged_floors":[],"is_endless":false,"potions_floor_spawned":[1],"killed_by":"HollowMod:MossKnight","ascension_level":10}}