{"host":"sum4dy402bbv9y4o","time":1608232610,"event":{"mods":["Aspiration","BaseMod","Conspire","Highlight Path","Minty Spire (QoL Compilation)","StSLib"],"gold_per_floor":[116,116,132,143,293,293,327,327,327,355,355,397,416,416,416],"floor_reached":14,"playtime":333,"items_purged":[],"score":200,"play_id":"0cef1017-0353-42c2-8810-51cf6db4b41b","local_time":"20201217221650","is_ascension_mode":true,"campfire_choices":[{"data":"Dash","floor":6,"key":"SMITH"},{"data":"Dagger Spray","floor":8,"key":"SMITH"},{"data":"Neutralize","floor":11,"key":"SMITH"}],"circlet_count":0,"master_deck":["AscendersBane","Strike_G","Strike_G","Strike_G","Strike_G","Defend_G","Defend_G","Defend_G","Defend_G","Defend_G","Survivor","Neutralize+1","Infinite Blades","Infinite Blades","Masterful Stab","Dash+1","Doubt","Dagger Spray+1","Quick Slash","conspire:PoisonWeapons","Slice"],"relics":["Ring of the Snake","NeowsBlessing","CeramicFish","Eternal Feather","Anchor"],"acts_visited":["Exordium"],"potions_floor_usage":[7,12,12],"damage_taken":[{"damage":0,"enemies":"2 Louse","floor":1,"turns":1},{"damage":0,"enemies":"Cultist","floor":3,"turns":1},{"damage":0,"enemies":"Small Slimes","floor":4,"turns":1},{"damage":18,"enemies":"Gremlin Nob","floor":7,"turns":4},{"damage":0,"enemies":"3 Louse","floor":10,"turns":2},{"damage":17,"enemies":"Lagavulin","floor":12,"turns":7},{"damage":16,"enemies":"Large Slime","floor":13,"turns":6},{"damage":41,"enemies":"Gremlin Nob","floor":14,"turns":4}],"seed_played":"8771451730422925153","potions_obtained":[{"floor":1,"key":"Strength Potion"},{"floor":4,"key":"Regen Potion"},{"floor":7,"key":"DistilledChaos"}],"is_trial":false,"path_per_floor":["M","?","M","M","?","R","E","R","T","M","R","E","M","E"],"character_chosen":"THE_SILENT","items_purchased":[],"campfire_rested":0,"item_purchase_floors":[],"current_hp_per_floor":[59,59,59,59,59,59,41,41,41,41,50,48,32,0,0],"gold":416,"neow_bonus":"THREE_ENEMY_KILL","is_daily":false,"chose_seed":false,"campfire_upgraded":3,"win_rate":0.0,"timestamp":1608232610,"path_taken":["M","?","?","M","?","R","E","R","T","M","R","E","M","E"],"items_purchased_type":[],"build_version":"2020-12-13","purchased_purges":0,"victory":false,"max_hp_per_floor":[66,66,66,66,66,66,66,66,66,66,66,66,66,66,66],"card_choices":[{"not_picked":["Riddle With Holes","Outmaneuver"],"picked":"Infinite Blades","floor":1},{"not_picked":["Noxious Fumes","Quick Slash"],"picked":"Masterful Stab","floor":3},{"not_picked":["Crippling Poison","Dagger Spray"],"picked":"Dash","floor":4},{"not_picked":["Acrobatics","Dash"],"picked":"Dagger Spray","floor":7},{"not_picked":["Prepared","Reflex"],"picked":"Quick Slash","floor":10},{"not_picked":["Wraith Form v2","Catalyst"],"picked":"conspire:PoisonWeapons","floor":12},{"not_picked":["Bouncing Flask","Acrobatics"],"picked":"Slice","floor":13}],"player_experience":2816135,"relics_obtained":[{"floor":7,"key":"CeramicFish"},{"floor":9,"key":"Eternal Feather"},{"floor":12,"key":"Anchor"}],"event_choices":[{"damage_healed":0,"gold_gain":0,"cards_transformed":["Strike_G"],"player_choice":"Transformed","damage_taken":0,"max_hp_gain":0,"max_hp_loss":0,"event_name":"Transmorgrifier","floor":2,"gold_loss":0,"cards_obtained":["Infinite Blades"]},{"damage_healed":0,"gold_gain":150,"player_choice":"AGREE","damage_taken":0,"max_hp_gain":0,"max_hp_loss":0,"event_name":"Liars Game","floor":5,"gold_loss":0,"cards_obtained":["Doubt"]}],"is_beta":false,"boss_relics":[],"items_purged_floors":[],"is_endless":false,"potions_floor_spawned":[1,4,7,10],"killed_by":"Gremlin Nob","ascension_level":20}}