{"host":"y76clbnovzmw9ubx","time":1608212777,"event":{"mods":["AchievementEnabler","BaseMod","Minty Spire (QoL Compilation)","Permanent Neow","Relic Stats"],"gold_per_floor":[114,124,137,137,147,177,177,503,572,588,588,607,607,633,633,711,711,723,638,638,93,106,132,132,132,132],"floor_reached":25,"playtime":1577,"items_purged":["Strike_R"],"score":482,"play_id":"648744a0-a03c-4b4f-9fa0-ef9b345d4991","local_time":"20201217084617","is_ascension_mode":true,"campfire_choices":[{"floor":7,"key":"REST"},{"data":"Bludgeon","floor":11,"key":"SMITH"},{"data":"Bash","floor":13,"key":"SMITH"},{"data":"Offering","floor":15,"key":"SMITH"},{"floor":24,"key":"REST"}],"circlet_count":0,"master_deck":["AscendersBane","Strike_R","Strike_R","Strike_R","Strike_R","Defend_R","Defend_R","Defend_R","Defend_R","Bash+1","Double Tap","Sword Boomerang","Wild Strike","Bludgeon+1","Heavy Blade","Flame Barrier","Offering+1","Feed","Uppercut","Impervious","Shrug It Off+1"],"relics":["Burning Blood","Old Coin","Gremlin Horn","Nunchaku","Philosopher\u0027s Stone","Letter Opener","Pen Nib","Darkstone Periapt"],"acts_visited":["Exordium","TheCity"],"potions_floor_usage":[10,18,23,23],"damage_taken":[{"damage":14,"enemies":"Jaw Worm","floor":1,"turns":3},{"damage":1,"enemies":"2 Louse","floor":2,"turns":4},{"damage":1,"enemies":"Small Slimes","floor":3,"turns":3},{"damage":19,"enemies":"3 Louse","floor":5,"turns":4},{"damage":35,"enemies":"Lagavulin","floor":6,"turns":6},{"damage":40,"enemies":"3 Sentries","floor":8,"turns":9},{"damage":0,"enemies":"Large Slime","floor":10,"turns":4},{"damage":11,"enemies":"Blue Slaver","floor":12,"turns":4},{"damage":8,"enemies":"Gremlin Nob","floor":14,"turns":3},{"damage":38,"enemies":"Slime Boss","floor":16,"turns":6},{"damage":49,"enemies":"3 Byrds","floor":18,"turns":4},{"damage":12,"enemies":"2 Thieves","floor":22,"turns":3},{"damage":38,"enemies":"Slavers","floor":23,"turns":5},{"damage":38,"enemies":"Book of Stabbing","floor":25,"turns":5}],"seed_played":"6785948054295495325","potions_obtained":[{"floor":1,"key":"BloodPotion"},{"floor":6,"key":"ElixirPotion"},{"floor":10,"key":"ColorlessPotion"},{"floor":12,"key":"FairyPotion"},{"floor":16,"key":"Regen Potion"},{"floor":18,"key":"SteroidPotion"},{"floor":22,"key":"BloodPotion"}],"is_trial":false,"path_per_floor":["M","M","M","?","M","E","R","E","T","M","R","M","R","E","R","B",null,"M","?","?","$","M","E","R","E"],"character_chosen":"IRONCLAD","items_purchased":["Uppercut","Impervious","Pen Nib","PowerPotion"],"campfire_rested":2,"item_purchase_floors":[21,21,21,21],"current_hp_per_floor":[60,65,70,70,57,28,50,16,16,37,37,32,32,30,30,28,63,32,32,32,32,29,12,35,0,0],"gold":132,"neow_bonus":"ONE_RANDOM_RARE_CARD","is_daily":false,"chose_seed":false,"campfire_upgraded":3,"win_rate":0.0,"timestamp":1608212777,"path_taken":["M","M","M","?","M","E","R","E","T","M","R","M","R","E","R","BOSS","M","?","?","$","M","E","R","E"],"items_purchased_type":["Card","Card","Relic","Potion"],"build_version":"2020-12-13","purchased_purges":1,"victory":false,"max_hp_per_floor":[75,75,75,75,75,75,75,75,75,75,75,75,75,75,75,75,75,75,75,75,75,78,78,78,78,78],"relic_stats":{"Darkstone Periapt":0,"Nunchaku":[4],"Gremlin Horn":[8,8],"counters":[14,63],"Pen Nib":[2],"Letter Opener":[30],"obtain_stats":[{"Darkstone Periapt":23,"Nunchaku":14,"Gremlin Horn":9,"Philosopher\u0027s Stone":17,"Pen Nib":21,"Letter Opener":19,"Burning Blood":0,"Old Coin":8},{"Darkstone Periapt":13,"Nunchaku":9,"Gremlin Horn":6,"Philosopher\u0027s Stone":10,"Pen Nib":11,"Letter Opener":11,"Burning Blood":0,"Old Coin":6},{"Darkstone Periapt":58,"Nunchaku":40,"Gremlin Horn":29,"Philosopher\u0027s Stone":46,"Pen Nib":50,"Letter Opener":50,"Burning Blood":0,"Old Coin":29}],"Burning Blood":78},"card_choices":[{"not_picked":["Intimidate","Spot Weakness","Flex"],"picked":"SKIP","floor":1},{"not_picked":["Clash","Havoc"],"picked":"Sword Boomerang","floor":2},{"not_picked":["Fire Breathing","Flex"],"picked":"Wild Strike","floor":3},{"not_picked":["Combust","Warcry"],"picked":"Bludgeon","floor":5},{"not_picked":["Rampage","Havoc","Blood for Blood"],"picked":"SKIP","floor":6},{"not_picked":["Flex","Spot Weakness"],"picked":"Heavy Blade","floor":8},{"not_picked":["Clothesline","Heavy Blade"],"picked":"Flame Barrier","floor":10},{"not_picked":["Thunderclap","Burning Pact","Warcry"],"picked":"SKIP","floor":12},{"not_picked":["Thunderclap","Wild Strike"],"picked":"Offering","floor":14},{"not_picked":["Offering","Corruption"],"picked":"Feed","floor":16},{"not_picked":["Dropkick","Thunderclap","Spot Weakness"],"picked":"SKIP","floor":18},{"not_picked":["Disarm","Combust+1"],"picked":"Shrug It Off+1","floor":22},{"not_picked":["Heavy Blade","Uppercut","Intimidate"],"picked":"SKIP","floor":23}],"player_experience":2888966,"relics_obtained":[{"floor":8,"key":"Old Coin"},{"floor":9,"key":"Gremlin Horn"},{"floor":14,"key":"Nunchaku"},{"floor":23,"key":"Darkstone Periapt"}],"event_choices":[{"damage_healed":0,"gold_gain":0,"player_choice":"Fled","damage_taken":0,"max_hp_gain":0,"max_hp_loss":0,"event_name":"Scrap Ooze","floor":4,"gold_loss":0},{"damage_healed":0,"gold_gain":0,"player_choice":"Obtained Relic","damage_taken":0,"relics_obtained":["Letter Opener"],"max_hp_gain":0,"max_hp_loss":0,"event_name":"Addict","floor":19,"gold_loss":85},{"damage_healed":0,"gold_gain":0,"player_choice":"Ignored","damage_taken":0,"max_hp_gain":0,"max_hp_loss":0,"event_name":"Ghosts","floor":20,"gold_loss":0}],"is_beta":false,"boss_relics":[{"not_picked":["Black Blood","Runic Dome"],"picked":"Philosopher\u0027s Stone"}],"items_purged_floors":[21],"is_endless":false,"potions_floor_spawned":[1,6,10,12,16,18,22],"killed_by":"Book of Stabbing","ascension_level":20}}