{"host":"jgyoyy5iuhtvyvtg","time":1608192696,"event":{"mods":["2.2 Compatiblity","BaseMod","Challenge The Spire","Colored Map","Conspire","Downfall","Hermit","Highlight Path","Infinite Spire","Lobotomy","LobotomyExtend","Minty Spire (QoL Compilation)","Quick Restart","Replay The Spire","Spikes Relics","StSLib","The Construct","The Disciple","The Jungle","Yuri Mod"],"gold_per_floor":[99,119,119,150,150,150,150],"floor_reached":6,"playtime":197,"items_purged":[],"score":84,"play_id":"097b5b1f-76ab-40ba-8f4b-fc115fa03231","local_time":"20201217001136","is_ascension_mode":true,"campfire_choices":[{"data":"Slimebound:CorrosiveSpit","floor":1,"key":"SMITH"},{"data":"Slimebound:LeadByExample","floor":3,"key":"SMITH"}],"circlet_count":0,"master_deck":["AscendersBane","Slimebound:Strike_Slimebound","Slimebound:Strike_Slimebound","Slimebound:Strike_Slimebound","Slimebound:Tackle+1","Slimebound:Defend_Slimebound","Slimebound:Defend_Slimebound","Slimebound:Defend_Slimebound","Slimebound:Defend_Slimebound","Slimebound:Split+1","Slimebound:CorrosiveSpit+1","Slimebound:LeadByExample+1","Slimebound:FirmFortitude"],"relics":["Slimebound:AbsorbEndCombat","LetterFromLob","Counterbalance"],"acts_visited":["Exordium"],"potions_floor_usage":[],"damage_taken":[{"damage":8,"enemies":"Cultist","floor":2,"turns":4},{"damage":43,"enemies":"3 Sentries","floor":4,"turns":8},{"damage":38,"enemies":"Gremlin Nob","floor":6,"turns":3}],"seed_played":"-6301569860693414930","potions_obtained":[{"floor":2,"key":"Dexterity Potion"}],"is_trial":false,"path_per_floor":["R","M","R","E","?","E"],"character_chosen":"SLIMEBOUND","items_purchased":[],"campfire_rested":0,"item_purchase_floors":[],"current_hp_per_floor":[49,54,54,19,19,0,0],"gold":150,"neow_bonus":"UPGRADE_CARD","is_daily":false,"chose_seed":false,"campfire_upgraded":2,"win_rate":0.0,"timestamp":1608192696,"path_taken":["R","M","R","E","?","E"],"items_purchased_type":[],"build_version":"2020-12-13","purchased_purges":0,"victory":false,"max_hp_per_floor":[54,54,54,54,54,54,54],"card_choices":[{"not_picked":["Slimebound:GrowthPunch","Slimebound:Schlurp"],"picked":"Slimebound:LeadByExample","floor":2},{"not_picked":["Slimebound:FormOfPuddle","Slimebound:SlimeTap"],"picked":"Slimebound:FirmFortitude","floor":4}],"player_experience":3138608,"relics_obtained":[{"floor":2,"key":"LetterFromLob"},{"floor":4,"key":"Counterbalance"}],"event_choices":[{"damage_healed":0,"gold_gain":0,"player_choice":"Forge","damage_taken":0,"max_hp_gain":0,"max_hp_loss":0,"event_name":"Accursed Blacksmith","floor":5,"gold_loss":0,"cards_upgraded":["Slimebound:Tackle"]}],"is_beta":false,"boss_relics":[],"items_purged_floors":[],"is_endless":false,"potions_floor_spawned":[2],"killed_by":"Gremlin Nob","ascension_level":20}}