{"host":"8o45mh5p3pp1o2mi","time":1608219750,"event":{"mods":["BaseMod","Downfall","Minty Spire (QoL Compilation)","Replay The Spire","StSLib"],"gold_per_floor":[99,124,124,158,178,103,103,121,121,150,150,162,106,120,132,227,227,227,241,11,22,7,34,34,65,65,65],"floor_reached":26,"playtime":2304,"items_purged":[],"score":277,"play_id":"5a3fb17b-b20d-4f72-a599-c11bc4acbf2f","local_time":"20201217154230","is_ascension_mode":true,"campfire_choices":[{"data":"Guardian:TwinSlam","floor":1.0,"key":"SMITH"},{"floor":3.0,"key":"RECALL"},{"data":"Guardian:StasisStrike","floor":6.0,"key":"SMITH"},{"floor":9.0,"key":"REST"},{"data":"Guardian:PolyBeam","floor":18.0,"key":"SMITH"}],"circlet_count":0,"master_deck":["Guardian:Strike_Guardian","Guardian:Strike_Guardian","Guardian:Strike_Guardian","Guardian:Defend_Guardian","Guardian:Defend_Guardian","Guardian:Defend_Guardian","Guardian:Defend_Guardian","Guardian:CurlUp","Guardian:TwinSlam+1","Guardian:WalkerClaw","Guardian:StasisStrike+1","Guardian:SentryBeam","Guardian:PolyBeam+1","Guardian:BronzeArmor","Guardian:Preprogram","Guardian:Preprogram","Guardian:ExploitGems","Guardian:EvasiveProtocol","Guardian:RollAttack+1","Guardian:Orbwalk","Guardian:Gem_Green","Guardian:ChargeUp","Guardian:DecasProtection","Guardian:BaubleBeam","Guardian:FloatingOrbs+1"],"relics":["Guardian:ModeShifter","Peace Pipe","Oddly Smooth Stone","Pear","downfall:HeartBlessingRed","StoneCalendar","Black Star","Membership Card","Sundial","Centennial Puzzle","Nunchaku","Boot","Mummified Hand"],"acts_visited":["Exordium","TheCity"],"potions_floor_usage":[],"damage_taken":[{"damage":23.0,"enemies":"Replay:BlueRogue","floor":2.0,"turns":7.0},{"damage":12.0,"enemies":"3 Sentries","floor":4.0,"turns":11.0},{"damage":4.0,"enemies":"Small Slimes","floor":5.0,"turns":3.0},{"damage":3.0,"enemies":"Jaw Worm","floor":8.0,"turns":3.0},{"damage":11.0,"enemies":"Replay:BlueRogue","floor":10.0,"turns":4.0},{"damage":0.0,"enemies":"2 Louse","floor":12.0,"turns":2.0},{"damage":0.0,"enemies":"downfall:FleeingMerchant","floor":13.0,"turns":4.0},{"damage":8.0,"enemies":"Exordium Thugs","floor":14.0,"turns":4.0},{"damage":5.0,"enemies":"3 Louse","floor":15.0,"turns":3.0},{"damage":12.0,"enemies":"downfall:Ironclad","floor":16.0,"turns":6.0},{"damage":2.0,"enemies":"Chosen","floor":19.0,"turns":4.0},{"damage":0.0,"enemies":"downfall:FleeingMerchant","floor":20.0,"turns":4.0},{"damage":13.0,"enemies":"Shelled Parasite and Fungi","floor":21.0,"turns":5.0},{"damage":15.0,"enemies":"downfall:FleeingMerchant","floor":22.0,"turns":4.0},{"damage":26.0,"enemies":"Replay:Snechameleon","floor":23.0,"turns":5.0},{"damage":32.0,"enemies":"Slavers","floor":25.0,"turns":6.0},{"damage":10,"enemies":"3 Cultists","floor":26,"turns":4}],"seed_played":"-3469187419517083355","potions_obtained":[{"floor":4.0,"key":"SpeedPotion"},{"floor":8.0,"key":"Dexterity Potion"},{"floor":10.0,"key":"AttackPotion"},{"floor":15.0,"key":"Swift Potion"},{"floor":19.0,"key":"EssenceOfSteel"}],"is_trial":false,"path_per_floor":["R","E","R","E","M","R","T","M","R","E","?","M","$","M","M","B",null,"R","M","$","M","$","E","T","E","M"],"character_chosen":"GUARDIAN","items_purchased":["Guardian:Preprogram","Membership Card","Guardian:Orbwalk","Guardian:Gem_Green"],"campfire_rested":1,"item_purchase_floors":[13,20,20,20],"current_hp_per_floor":[56,33,33,31,27,27,27,24,51,40,40,40,40,32,27,15,90,90,88,88,75,60,34,34,2,0,0],"gold":65,"neow_bonus":"ONE_RARE_RELIC","is_daily":false,"chose_seed":false,"campfire_upgraded":3,"win_rate":0.0,"timestamp":1608219750,"path_taken":["R","E","R","E","M","R","T","M","R","E","?","M","$","M","M","BOSS","R","M","$","M","$","E","T","E","M"],"items_purchased_type":["Card","Relic","Card","Card"],"build_version":"2020-12-13","purchased_purges":0,"victory":false,"max_hp_per_floor":[80,80,80,90,90,90,90,90,90,90,90,90,90,90,90,90,90,90,90,90,90,90,90,90,90,90,90],"card_choices":[{"not_picked":["Guardian:PrimingBeam","Guardian:Suspension"],"picked":"Guardian:WalkerClaw","floor":2.0},{"not_picked":["Guardian:Repulse","Guardian:Gem_Cyan"],"picked":"Guardian:Gem_Purple","floor":4.0},{"not_picked":["Guardian:ChargeCore","Guardian:CrystalBeam"],"picked":"Guardian:StasisStrike","floor":5.0},{"not_picked":["Guardian:PrismaticBarrier","Guardian:Suspension"],"picked":"Guardian:SentryBeam","floor":8.0},{"not_picked":["Guardian:Gem_Green","Guardian:GuardianWhirl"],"picked":"Guardian:Gem_Synthetic","floor":10.0},{"not_picked":["Guardian:VentSteam","Guardian:CrystalBeam"],"picked":"Guardian:PolyBeam","floor":12.0},{"not_picked":["Guardian:ShieldCharger","Guardian:Gem_Cyan"],"picked":"Guardian:BronzeArmor","floor":13.0},{"not_picked":["Guardian:GuardianWhirl","Guardian:WalkerClaw"],"picked":"Guardian:Preprogram","floor":14.0},{"not_picked":["Guardian:TemporalShield","Guardian:Gem_Green"],"picked":"Guardian:Gem_Red","floor":15.0},{"not_picked":["Guardian:ConstructionForm","Guardian:FierceBash"],"picked":"Guardian:ExploitGems","floor":16.0},{"not_picked":["Guardian:ShieldCharger","Guardian:ChargeCore"],"picked":"Guardian:EvasiveProtocol","floor":19.0},{"not_picked":["Guardian:FloatingOrbs","Guardian:Repulse"],"picked":"Guardian:RollAttack+1","floor":20.0},{"not_picked":["Guardian:Clone","Guardian:Gem_Green"],"picked":"Guardian:ChargeUp","floor":21.0},{"not_picked":["Guardian:ShieldSpikes","Guardian:VentSteam"],"picked":"Guardian:DecasProtection","floor":22.0},{"not_picked":["Guardian:PrismaticBarrier","Guardian:EvasiveProtocol"],"picked":"Guardian:BaubleBeam","floor":23.0},{"not_picked":["Guardian:DecasProtection","Guardian:RollAttack"],"picked":"Guardian:FloatingOrbs+1","floor":25}],"player_experience":16942,"relics_obtained":[{"floor":2.0,"key":"Oddly Smooth Stone"},{"floor":4.0,"key":"Pear"},{"floor":10.0,"key":"StoneCalendar"},{"floor":23.0,"key":"Sundial"},{"floor":23.0,"key":"Centennial Puzzle"},{"floor":24.0,"key":"Nunchaku"},{"floor":25,"key":"Boot"},{"floor":25,"key":"Mummified Hand"}],"event_choices":[],"is_beta":false,"boss_relics":[{"not_picked":["Runic Dome","Ring of Chaos"],"picked":"Black Star"}],"items_purged_floors":[],"is_endless":false,"potions_floor_spawned":[4,8,10,15,19],"killed_by":"3 Cultists","ascension_level":1}}