{"host":"ShadowRapture","time":1608174325,"event":{"mods":["AchievementEnabler","BaseMod","Better Altar","Better Match","Better Note","Better Sensory Stone","Better Skull","Better Third Choice","BetterRewards","CCEM","Colored Map","Colored Powertips","Conspire","Downfall","Friendly Minions","GifTheSpireLib","Googly Eyes","Halation","Highlight Path","Hubris","Infinite Spire","Marked Mod","Minty Spire (QoL Compilation)","Permanent Neow","Replay The Spire","Shop Mod","Spicy Shops","StSLib","Stuff the Spire","Unceasing Turn Reminder","Waifu the Spire","everything is the same but u backflip on backflip"],"gold_per_floor":[115,130,72,72,91,122,122,152,177,177,208,223,223,188,188,286,286,303,402,402,420,440,440,453,485,485,485,515,533,87,87,87,87],"floor_reached":33,"playtime":2807,"items_purged":["Strike_G"],"score":371,"play_id":"ed5e9d91-65b6-4c85-be5c-64d6d506728d","local_time":"20201217140525","is_ascension_mode":true,"campfire_choices":[{"data":"StuffTheSpire:DoubleShiv","floor":10,"key":"SMITH"},{"floor":13,"key":"REST"},{"data":"Blade Dance","floor":15,"key":"SMITH"},{"data":"Phantasmal Killer","floor":23,"key":"SMITH"}],"circlet_count":0,"master_deck":["Strike_G","Strike_G","Strike_G","Strike_G","Defend_G","Defend_G","Defend_G","Defend_G","Defend_G","Survivor","Neutralize","Infinite Blades+1","Slice","StuffTheSpire:DoubleShiv+1","Slice+1","Blade Dance+1","Phantasmal Killer+1","ReplayTheSpireMod:Shiv Toss"],"relics":["Ring of the Snake","Nunchaku","infinitespire:Beetle Shell","HornCleat","Potion Belt","infinitespire:Satchel","CCEMRelics:Pendulum","hubris:Teleporter","hubris:Towel","FossilizedHelix","Snack Pack","MerchantsRug"],"acts_visited":["Exordium","TheCity"],"potions_floor_usage":[8,11,12,16,18,18,24,29,33],"damage_taken":[{"damage":0,"enemies":"Jaw Worm","floor":1,"turns":6},{"damage":0,"enemies":"Small Slimes","floor":2,"turns":4},{"damage":7,"enemies":"infinitespire:Voidling","floor":5,"turns":4},{"damage":21,"enemies":"Lagavulin","floor":6,"turns":7},{"damage":4,"enemies":"Gremlin Nob","floor":8,"turns":4},{"damage":17,"enemies":"3 Sentries","floor":11,"turns":6},{"damage":9,"enemies":"3 Louse","floor":12,"turns":2},{"damage":0,"enemies":"Slime Boss","floor":16,"turns":7},{"damage":0,"enemies":"conspire:FuzzyDice","floor":18,"turns":4},{"damage":0,"enemies":"Spheric Guardian","floor":21,"turns":2},{"damage":7,"enemies":"Centurion and Healer","floor":22,"turns":6},{"damage":20,"enemies":"conspire:HollyBat","floor":24,"turns":5},{"damage":4,"enemies":"conspire:Head Lice","floor":25,"turns":4},{"damage":33,"enemies":"conspire:SneckoGhost","floor":28,"turns":7},{"damage":0,"enemies":"Sentry and Sphere","floor":29,"turns":4},{"damage":46,"enemies":"Champ","floor":33,"turns":7}],"seed_played":"-6276019310166405056","potions_obtained":[{"floor":7,"key":"champ:CounterPotion"},{"floor":7,"key":"champ:CounterPotion"},{"floor":7,"key":"Flashbang"},{"floor":8,"key":"Languid Potion"},{"floor":11,"key":"FearPotion"},{"floor":12,"key":"Death Potion"},{"floor":16,"key":"Ancient Potion"},{"floor":22,"key":"Adrenaline Potion"},{"floor":28,"key":"Reflective Coating"},{"floor":29,"key":"CunningPotion"}],"is_trial":false,"path_per_floor":["M","M","$","?","M","E","?","E","T","R","E","M","R","?","R","B",null,"M","?","AVR","M","M","R","M","E","T","?","E","M","$","R_BF","B"],"character_chosen":"THE_SILENT","items_purchased":["Slice","Snack Pack","MerchantsRug"],"campfire_rested":1,"item_purchase_floors":[3,30,30],"current_hp_per_floor":[70,70,70,70,67,46,46,42,42,42,25,16,37,54,54,54,70,70,70,70,70,63,63,43,39,39,39,6,6,6,27,0,0],"gold":87,"neow_bonus":"RANDOM_COMMON_RELIC","is_daily":false,"chose_seed":false,"campfire_upgraded":3,"win_rate":0.0,"timestamp":1608174325,"path_taken":["M","M","$","?","M","E","?","E","T","R","E","?","R","?","R","BOSS","M","?","AVR","M","M","R","M","E","T","?","E","M","$","R_BF","BOSS"],"items_purchased_type":["Card","Relic","Relic"],"build_version":"2020-12-07","purchased_purges":1,"victory":false,"max_hp_per_floor":[70,70,70,70,70,70,70,70,70,70,70,70,70,70,70,70,70,70,70,70,70,70,70,70,70,70,70,70,70,70,70,70,70],"card_choices":[{"not_picked":["Deflect","Setup"],"picked":"Infinite Blades","floor":1},{"not_picked":["Acrobatics","Flechettes","Dagger Throw"],"picked":"SKIP","floor":2},{"not_picked":["Acrobatics","Endless Agony"],"picked":"StuffTheSpire:DoubleShiv","floor":5},{"not_picked":["Atom Bomb","Outmaneuver","StuffTheSpire:Python"],"picked":"SKIP","floor":6},{"not_picked":["Corpse Explosion","Expertise"],"picked":"Slice","floor":8},{"not_picked":["Underhanded Strike","Burst"],"picked":"Blade Dance","floor":11},{"not_picked":["hubris:SlightOfHand","Leg Sweep","Poisoned Stab"],"picked":"SKIP","floor":12},{"not_picked":["Atom Bomb","StuffTheSpire:FinalStruggle"],"picked":"Phantasmal Killer","floor":16},{"not_picked":["All Out Attack","Tactician","Choke"],"picked":"SKIP","floor":18},{"not_picked":["hubris:SlightOfHand+1","Dagger Spray","StuffTheSpire:Python"],"picked":"SKIP","floor":21},{"not_picked":["Replay:Bag of Tricks","StuffTheSpire:Injection","Dagger Throw+1"],"picked":"SKIP","floor":22},{"not_picked":["StuffTheSpire:ReptileScales","PiercingWail","Footwork"],"picked":"SKIP","floor":24},{"not_picked":["Die Die Die","hubris:SlightOfHand"],"picked":"ReplayTheSpireMod:Shiv Toss","floor":25},{"not_picked":["Flechettes","Masterful Stab","StuffTheSpire:Incantation"],"picked":"SKIP","floor":28},{"not_picked":["Quick Slash","All Out Attack","Outmaneuver"],"picked":"SKIP","floor":29}],"player_experience":198314,"relics_obtained":[{"floor":6,"key":"infinitespire:Beetle Shell"},{"floor":8,"key":"HornCleat"},{"floor":9,"key":"Potion Belt"},{"floor":11,"key":"infinitespire:Satchel"},{"floor":25,"key":"CCEMRelics:Pendulum"},{"floor":26,"key":"hubris:Teleporter"},{"floor":28,"key":"FossilizedHelix"}],"event_choices":[{"damage_healed":0,"gold_gain":0,"player_choice":"Grow","damage_taken":0,"max_hp_gain":0,"max_hp_loss":0,"event_name":"Living Wall","floor":4,"gold_loss":0,"cards_upgraded":["Infinite Blades"]},{"damage_healed":0,"gold_gain":0,"player_choice":"Got Potions","damage_taken":0,"max_hp_gain":0,"max_hp_loss":0,"event_name":"Lab","floor":7,"gold_loss":0},{"damage_healed":17,"gold_gain":0,"player_choice":"Healed","damage_taken":0,"max_hp_gain":0,"max_hp_loss":0,"event_name":"The Cleric","floor":14,"gold_loss":35},{"damage_healed":0,"gold_gain":99,"player_choice":"Steal","damage_taken":0,"max_hp_gain":0,"max_hp_loss":0,"event_name":"betterThird:BetterNest","floor":19,"gold_loss":0}],"is_beta":true,"boss_relics":[{"not_picked":["CCEMRelics:GreenEgg","halation:LoveArrow","StuffTheSpire:RunicHypercube"]}],"items_purged_floors":[30],"is_endless":false,"potions_floor_spawned":[8,11,12,16,22,28,29],"killed_by":"Champ","ascension_level":1}}