{"host":"r2b8ojg4o4pyvjvq","time":1608226727,"event":{"mods":["BaseMod","Colored Map","Downfall","Highlight Path","Hubris","Marisa????????","Minty Spire (QoL Compilation)","Quick Restart","Replay The Spire","StSLib","SuperFastMode"],"gold_per_floor":[115,190,190,190,500,500,500,500,500,500,500,500,500,500,500,500,500,500,500,500,500,500,500,500,500,500,500,500,500,500,500,500,500,500,500,500,500,500,500,500,500,500,500,500,500,500,500,500,500,500,500,500,500,500,500],"floor_reached":56,"playtime":3969,"items_purged":["Injury","Strike_MRS","Strike_MRS","Strike_MRS","Strike_MRS"],"score":2226,"play_id":"8ad5cebc-fc3a-4d4e-a173-b536124b5101","local_time":"20201217183847","is_ascension_mode":true,"campfire_choices":[{"data":"PropBag","floor":10,"key":"SMITH"},{"floor":13,"key":"REST"},{"data":"Pot Of Greed","floor":15,"key":"SMITH"},{"data":"MillisecondPulsars","floor":23,"key":"SMITH"},{"floor":25,"key":"REST"},{"floor":32,"key":"REST"},{"floor":45,"key":"RECALL"},{"data":"EventHorizon","floor":47,"key":"SMITH"},{"data":"Pot Of Greed","floor":49,"key":"SMITH"},{"data":"Pot Of Greed","floor":52,"key":"SMITH"}],"circlet_count":0,"master_deck":["Defend_MRS","Defend_MRS","Defend_MRS","Defend_MRS","MasterSpark","UpSweep","Pot Of Greed+1","SuperPerseids","Pot Of Greed","SporeBomb","MachineGunSpark+1","expansioncontent:CaCaw+1","FairyDestructionRay","PropBag+1","EarthLightRay","Acceleration","ChargeUpSpray+1","GravityBeat+1","MilkyWay","MillisecondPulsars+1","ShootingEcho+1","Pot Of Greed+1","GrandCross+1","AlicesGift+1","StarDustReverie","AsteroidBelt+1","MagicAbsorber","OrrerysSun","DeepEcoloBomb+1","ShootTheMoon+1","LuminesStrike+1","BlazingStar+1","BlazeAway+1","EventHorizon+1","Pot Of Greed+1","ManaConvection+1","MysteriousBeam+1","MysteriousBeam+1"],"relics":["MiniHakkero","Grinning Jar","Golden Idol","hubris:Icosahedron","Nunchaku","Mango","Replay:Mystery Machine","Molten Egg 2","OrangePellets","Omamori","Snecko Eye","Pen Nib","hubris:SlimyHat","SimpleLauncher","ReplayTheSpireMod:Ninjato","Question Card","Pantograph","Ancient Tea Set","Replay:Bronze Core","Bag of Preparation","Blue Candle","ClockworkSouvenir","Quantum Egg","hubris:PeanutButter","Ornamental Fan","Art of War","hubris:Metronome","Frozen Eye","Anchor"],"acts_visited":["Exordium","TheCity","TheBeyond","TheEnding"],"potions_floor_usage":[22,24,29,55],"damage_taken":[{"damage":2,"enemies":"2 Louse","floor":1,"turns":2},{"damage":30,"enemies":"3 Sentries","floor":7,"turns":6},{"damage":6,"enemies":"Jaw Worm","floor":8,"turns":4},{"damage":3,"enemies":"Small Slimes","floor":11,"turns":3},{"damage":7,"enemies":"Looter","floor":12,"turns":3},{"damage":0,"enemies":"Fading Forest","floor":16,"turns":11},{"damage":22,"enemies":"3 Byrds","floor":18,"turns":3},{"damage":0,"enemies":"Spheric Guardian","floor":20,"turns":3},{"damage":1,"enemies":"Cultist and Chosen","floor":22,"turns":3},{"damage":49,"enemies":"Gremlin Leader","floor":24,"turns":5},{"damage":15,"enemies":"Snake Plant","floor":27,"turns":4},{"damage":0,"enemies":"Snecko","floor":28,"turns":3},{"damage":23,"enemies":"Book of Stabbing","floor":29,"turns":5},{"damage":0,"enemies":"3 Cultists","floor":30,"turns":3},{"damage":23,"enemies":"Gremlin Leader","floor":31,"turns":3},{"damage":8,"enemies":"Pondfish","floor":33,"turns":5},{"damage":7,"enemies":"Orb Walker","floor":35,"turns":2},{"damage":10,"enemies":"3 Darklings","floor":38,"turns":3},{"damage":13,"enemies":"Sphere and 2 Shapes","floor":39,"turns":3},{"damage":0,"enemies":"Jaw Worm Horde","floor":40,"turns":1},{"damage":12,"enemies":"Reptomancer","floor":41,"turns":3},{"damage":5,"enemies":"Writhing Mass","floor":44,"turns":4},{"damage":0,"enemies":"R_Hoarder","floor":46,"turns":3},{"damage":0,"enemies":"hubris:GrandSnecko","floor":50,"turns":4},{"damage":36,"enemies":"Shield and Spear","floor":54,"turns":4},{"damage":58,"enemies":"The Heart","floor":55,"turns":6}],"seed_played":"443320938862901349","potions_obtained":[{"floor":1,"key":"FairyPotion"},{"floor":7,"key":"SkillPotion"},{"floor":11,"key":"EssenceOfSteel"},{"floor":24,"key":"StarNLove"},{"floor":27,"key":"AttackPotion"},{"floor":31,"key":"StarNLove"},{"floor":44,"key":"Energy Potion"}],"is_trial":false,"path_per_floor":["M","?","?","?","$","?","E","M","T","R","M","M","R","$","R","B",null,"M","?","M","$","M","R","E","R","T","M","M","E","M","E","R","B",null,"M","?","$","M","M","M","E","?","T","M","R","E","R","?","R","B",null,"R","$","E","B",null],"character_chosen":"MARISA","items_purchased":["Nunchaku","Mango","SporeBomb","MachineGunSpark+1","expansioncontent:CaCaw","Molten Egg 2","OrangePellets","Omamori","ChargeUpSpray+1","GravityBeat+1","MilkyWay","Pen Nib","hubris:SlimyHat","SimpleLauncher","AlicesGift+1","StarDustReverie","Bag of Preparation","Blue Candle","ClockworkSouvenir","Art of War","hubris:Metronome","Frozen Eye"],"campfire_rested":3,"item_purchase_floors":[5,5,5,5,5,14,14,14,14,14,14,21,21,21,21,21,37,37,37,53,53,53],"current_hp_per_floor":[66,55,55,55,69,69,39,33,33,33,30,27,53,53,53,65,83,65,65,65,65,64,64,31,57,57,46,50,31,31,8,34,55,81,74,89,89,79,70,70,58,78,78,73,73,77,77,77,77,78,78,78,78,46,29],"gold":500,"neow_bonus":"RANDOM_COMMON_RELIC","is_daily":false,"chose_seed":false,"campfire_upgraded":6,"win_rate":0.0,"timestamp":1608226727,"path_taken":["M","?","?","?","$","?","E","M","T","R","M","M","R","?","R","BOSS","M","?","M","$","M","R","E","R","T","M","?","E","M","E","R","BOSS","M","?","$","M","M","M","E","?","T","M","R","E","R","?","R","BOSS","R","$","E","BOSS"],"items_purchased_type":["Relic","Relic","Card","Card","Card","Relic","Relic","Relic","Card","Card","Card","Relic","Relic","Relic","Card","Card","Relic","Relic","Relic","Relic","Relic","Relic"],"build_version":"2020-12-13","purchased_purges":5,"victory":true,"max_hp_per_floor":[75,75,75,75,89,89,89,89,89,89,89,89,89,89,89,89,89,89,89,89,89,89,89,89,89,89,89,89,89,89,89,89,89,89,89,89,89,89,89,89,89,78,78,78,78,78,78,78,78,78,78,78,78,78,78],"card_choices":[{"not_picked":["ShootTheMoon","MagicChant"],"picked":"SuperPerseids","floor":1},{"not_picked":["MeteoricShower","PowerUp"],"picked":"FairyDestructionRay","floor":7},{"not_picked":["GravityBeat","MilkyWay"],"picked":"PropBag","floor":8},{"not_picked":["DeepEcoloBomb","MagicChant"],"picked":"EarthLightRay","floor":11},{"not_picked":["IllusionStar","DoubleSpark"],"picked":"Acceleration","floor":12},{"not_picked":["SatelliteIllusion","TreasureHunter+1"],"picked":"MillisecondPulsars","floor":16},{"not_picked":["FairyDestructionRay+1","Robbery+1"],"picked":"ShootingEcho+1","floor":18},{"not_picked":["AsteroidBelt","SprinkleStarSeal"],"picked":"GrandCross+1","floor":20},{"not_picked":["NonDirectionalLaser+1","UnstableBomb+1"],"picked":"AsteroidBelt+1","floor":22},{"not_picked":["SporeBomb","PowerUp"],"picked":"MagicAbsorber","floor":24},{"not_picked":["DoubleSpark+1","IllusionStar+1","AsteroidBelt"],"picked":"OrrerysSun","floor":27},{"not_picked":["DoubleSpark+1","MachineGunSpark+1","Acceleration"],"picked":"DeepEcoloBomb+1","floor":28},{"not_picked":["StarDustReverie","WitchOfGreed","BigCrunch"],"picked":"ShootTheMoon+1","floor":29},{"not_picked":["EnergyFlow","OpenUniverse+1","EarthLightRay"],"picked":"LuminesStrike+1","floor":30},{"not_picked":["DC+1","OpenUniverse","PropBag","SuperPerseids"],"picked":"SKIP","floor":31},{"not_picked":["AbsoluteMagnitude+1","JA+1","BigCrunch"],"picked":"BlazingStar+1","floor":33},{"not_picked":["NonDirectionalLaser+1","AsteroidBelt","SuperPerseids+1","ShootingEcho+1"],"picked":"SKIP","floor":35},{"not_picked":["LuminesStrike+1","GravityBeat+1","NonDirectionalLaser+1"],"picked":"BlazeAway+1","floor":38},{"not_picked":["WitchLeyline+1","StarlightTyphoon","UnstableBomb+1"],"picked":"EventHorizon","floor":39},{"not_picked":["EnergyRecoil","MagicChant+1","NonDirectionalLaser+1","SuperPerseids+1"],"picked":"SKIP","floor":40},{"not_picked":["StarlightTyphoon","OpenUniverse+1","JA+1"],"picked":"ManaConvection+1","floor":41},{"not_picked":["SprinkleStarSeal","DeepEcoloBomb+1","DC+1","Acceleration+1"],"picked":"SKIP","floor":44},{"not_picked":["6A+1","MilkyWay+1","ManaConvection"],"picked":"MysteriousBeam+1","floor":46},{"not_picked":["GalacticHalo","Acceleration","SporeBomb+1"],"picked":"MysteriousBeam+1","floor":54}],"player_experience":447063,"relics_obtained":[{"floor":7,"key":"Replay:Mystery Machine"},{"floor":24,"key":"ReplayTheSpireMod:Ninjato"},{"floor":26,"key":"Question Card"},{"floor":29,"key":"Pantograph"},{"floor":31,"key":"Ancient Tea Set"},{"floor":41,"key":"Quantum Egg"},{"floor":43,"key":"hubris:PeanutButter"},{"floor":46,"key":"Ornamental Fan"},{"floor":54,"key":"Anchor"}],"event_choices":[{"damage_healed":0,"gold_gain":75,"player_choice":"Gather Gold","damage_taken":11,"max_hp_gain":0,"max_hp_loss":0,"event_name":"World of Goop","floor":2,"gold_loss":0},{"damage_healed":0,"gold_gain":0,"player_choice":"Take Wound","damage_taken":0,"relics_obtained":["Golden Idol"],"max_hp_gain":0,"max_hp_loss":0,"event_name":"Golden Idol","floor":3,"gold_loss":0,"cards_obtained":["Injury"]},{"damage_healed":0,"gold_gain":0,"player_choice":"Grow","damage_taken":0,"max_hp_gain":0,"max_hp_loss":0,"event_name":"Living Wall","floor":6,"gold_loss":0,"cards_upgraded":["expansioncontent:CaCaw"]},{"damage_healed":0,"gold_gain":0,"player_choice":"0 cards matched","damage_taken":0,"max_hp_gain":0,"max_hp_loss":0,"event_name":"Match and Keep!","floor":19,"gold_loss":0,"cards_obtained":[]},{"damage_healed":22,"gold_gain":0,"player_choice":"Writhe","damage_taken":0,"max_hp_gain":0,"max_hp_loss":0,"event_name":"Winding Halls","floor":36,"gold_loss":0,"cards_obtained":["Writhe"]},{"damage_healed":78,"gold_gain":0,"player_choice":"Heal","damage_taken":0,"max_hp_gain":0,"max_hp_loss":11,"event_name":"The Moai Head","floor":42,"gold_loss":0},{"damage_healed":0,"gold_gain":0,"player_choice":"Memory 1","damage_taken":0,"max_hp_gain":0,"max_hp_loss":0,"event_name":"SensoryStone","floor":48,"gold_loss":0}],"is_beta":false,"boss_relics":[{"not_picked":["hubris:Stopwatch","Runic Pyramid"],"picked":"Snecko Eye"},{"not_picked":["Replay:Grab Bag","Honey Jar"],"picked":"Replay:Bronze Core"}],"items_purged_floors":[5,14,21,37,53],"is_endless":false,"potions_floor_spawned":[1,7,11,18,24,27,28,31,33,38,40,44,46],"ascension_level":8}}