{"host":"syfd7bej9fmvsdy8","time":1608246856,"event":{"mods":["Act Like it!","BaseMod","BetterRewards","Colored Map","Colored Powertips","Downfall","Elementarium","Gensokyo","Hallownest","Hubris","Infinite Spire","Minty Spire (QoL Compilation)","Quick Restart","Rare Cards Sparkle","Replay The Spire","Shade Mod","Shop Mod","Spikes Relics","StSLib"],"gold_per_floor":[99,99,99,99,274,274,300,300,300,334,334,350,350,363,374,374,374],"floor_reached":16,"playtime":638,"items_purged":[],"score":121,"play_id":"8f9e1959-127e-44b7-8b5e-fbcc17d5057f","local_time":"20201217231416","is_ascension_mode":false,"campfire_choices":[{"data":"Guardian:TwinSlam","floor":1,"key":"SMITH"},{"data":"Guardian:Strike_Guardian","floor":3,"key":"SMITH"},{"floor":9,"key":"RECALL"}],"circlet_count":0,"master_deck":["Guardian:Strike_Guardian+1","Guardian:Strike_Guardian","Guardian:Strike_Guardian","Guardian:Strike_Guardian","Guardian:Defend_Guardian","Guardian:Defend_Guardian","Guardian:Defend_Guardian","Guardian:Defend_Guardian","Guardian:CurlUp","Guardian:TwinSlam+1","Guardian:CrystalBeam+1","Doubt","Guardian:ShieldSpikes","Guardian:BronzeOrb","Guardian:Suspension"],"relics":["Guardian:ModeShifter","downfall:HeartsMalice","Unceasing Top","downfall:BrokenWingStatue"],"acts_visited":["Exordium"],"potions_floor_usage":[16,16],"damage_taken":[{"damage":0,"enemies":"2 Louse","floor":4,"turns":1},{"damage":0,"enemies":"Jaw Worm","floor":8,"turns":1},{"damage":0,"enemies":"3 Sentries","floor":10,"turns":1},{"damage":7,"enemies":"Cultist","floor":12,"turns":5},{"damage":9,"enemies":"Blue Slaver","floor":14,"turns":4},{"damage":6,"enemies":"3 Louse","floor":15,"turns":4},{"damage":61,"enemies":"downfall:Watcher","floor":16,"turns":12}],"seed_played":"-5834439238296122026","potions_obtained":[{"floor":10,"key":"DuplicationPotion"},{"floor":15,"key":"champ:CounterPotion"}],"is_trial":false,"path_per_floor":["R","?","R","M","?","?","T","M","R","E","?","M","?","M","M","B"],"character_chosen":"GUARDIAN","items_purchased":[],"campfire_rested":0,"item_purchase_floors":[],"current_hp_per_floor":[80,80,80,80,80,80,80,80,80,80,80,73,73,64,58,0,0],"gold":374,"neow_bonus":"THREE_ENEMY_KILL","is_daily":false,"chose_seed":false,"campfire_upgraded":2,"win_rate":0.0,"timestamp":1608246856,"path_taken":["R","?","R","M","?","?","T","?","R","E","?","M","?","M","M","BOSS"],"items_purchased_type":[],"build_version":"2020-12-13","purchased_purges":0,"victory":false,"max_hp_per_floor":[80,80,80,80,80,80,80,80,80,80,80,80,80,80,80,80,80],"card_choices":[{"not_picked":["Guardian:ShieldCharger","Guardian:Gem_Green"],"picked":"Guardian:CrystalBeam","floor":4},{"not_picked":["Guardian:ShieldSpikes","Guardian:ShieldCharger","Guardian:Gem_Green"],"picked":"SKIP","floor":8},{"not_picked":["Guardian:TemporalShield","Guardian:Suspension"],"picked":"Guardian:ShieldSpikes","floor":10},{"not_picked":["Guardian:Recover","Guardian:Gem_Lightblue","Guardian:AncientConstruct"],"picked":"SKIP","floor":12},{"not_picked":["Guardian:DonusPower","Guardian:Recover"],"picked":"Guardian:BronzeOrb","floor":14},{"not_picked":["Guardian:PrismaticBeam","Guardian:ChargeCore"],"picked":"Guardian:Suspension","floor":15}],"player_experience":170066,"relics_obtained":[{"floor":10,"key":"Unceasing Top"}],"event_choices":[{"damage_healed":0,"gold_gain":0,"player_choice":"Upgraded","damage_taken":0,"max_hp_gain":0,"max_hp_loss":0,"event_name":"Upgrade Shrine","floor":6,"gold_loss":0,"cards_upgraded":["Guardian:CrystalBeam"]},{"damage_healed":0,"gold_gain":0,"player_choice":"Fled","damage_taken":0,"max_hp_gain":0,"max_hp_loss":0,"event_name":"Scrap Ooze","floor":11,"gold_loss":0}],"is_beta":false,"boss_relics":[],"items_purged_floors":[],"is_endless":false,"potions_floor_spawned":[10,15],"killed_by":"downfall:Watcher","ascension_level":0}}