{"host":"qgwlv9366poilr0p","time":1608196312,"event":{"mods":["BaseMod","Colored Powertips","Dota2Spire","Friendly Minions","Halation","Hubris","Infinite Spire","Minty Spire (QoL Compilation)","Relic Stats","Replay The Spire","Shop Mod","StSLib","The Blue Laboratory","vexMod"],"gold_per_floor":[113,38,38,117,43,71,71,97,97,129,140,140,140,10,10,86,86,103,103,103,103,113,145,164,164,242,258,270,270,295,314,314,391,391,407,424,435,452,452,452],"floor_reached":39,"playtime":1786,"items_purged":["Strike_B"],"score":987,"play_id":"cddec161-e0f4-40ec-954d-7a4e27cac8f0","local_time":"20201217101152","is_ascension_mode":true,"campfire_choices":[{"data":"Barrage","floor":7,"key":"SMITH"},{"floor":15,"key":"REST"},{"data":"infinitespire:Collect","floor":25,"key":"SMITH"},{"data":"Capacitor","floor":29,"key":"SMITH"},{"data":"Defragment","floor":32,"key":"SMITH"}],"circlet_count":0,"master_deck":["AscendersBane","Strike_B","Strike_B","Strike_B","Defend_B","Defend_B","Defend_B","Zap","Dualcast","Coolheaded","Genetic Algorithm","Barrage+1","Loop","Ball Lightning","Biased Cognition+1","Hologram","Capacitor+1","Conserve Battery","Echo Form+1","infinitespire:Collect+1","Chaos+1","Compile Driver","Defragment+1","Echo Form","Steam Power","Leap"],"relics":["Cracked Core","NeowsBlessing","hubris:Icosahedron","hubris:BallOfYels","Toy Ornithopter","Letter Opener","Garlic","Dota2Spire:DrumOfEndurance","Dota2Spire:EtherealBlade","Dota2Spire:MagicBottle","halation:Prosthetics","vexMod:PaidLearning","halation:EternalFortune","Oddly Smooth Stone","vexMod:Dragonfruit","infinitespire:Eraser","Nuclear Battery"],"acts_visited":["Exordium","TheCity","TheBeyond"],"potions_floor_usage":[36,36,39],"damage_taken":[{"damage":0,"enemies":"Jaw Worm","floor":1,"turns":1},{"damage":0,"enemies":"Lagavulin","floor":6,"turns":1},{"damage":0,"enemies":"3 Sentries","floor":8,"turns":1},{"damage":14,"enemies":"Gremlin Nob","floor":10,"turns":3},{"damage":0,"enemies":"2 Louse","floor":11,"turns":2},{"damage":16,"enemies":"The Guardian","floor":16,"turns":8},{"damage":0,"enemies":"3 Byrds","floor":18,"turns":4},{"damage":2,"enemies":"Spheric Guardian","floor":22,"turns":4},{"damage":4,"enemies":"Replay:Snechameleon","floor":23,"turns":4},{"damage":0,"enemies":"Cultist and Chosen","floor":24,"turns":4},{"damage":2,"enemies":"Chosen and Byrds","floor":27,"turns":4},{"damage":0,"enemies":"Centurion and Healer","floor":28,"turns":5},{"damage":0,"enemies":"Gremlin Leader","floor":30,"turns":6},{"damage":5,"enemies":"Shelled Parasite and Fungi","floor":31,"turns":6},{"damage":0,"enemies":"Automaton","floor":33,"turns":6},{"damage":0,"enemies":"Orb Walker","floor":35,"turns":4},{"damage":42,"enemies":"3 Darklings","floor":36,"turns":4},{"damage":4,"enemies":"Maw","floor":37,"turns":3},{"damage":0,"enemies":"Spire Growth","floor":38,"turns":4},{"damage":18,"enemies":"Sphere and 2 Shapes","floor":39,"turns":3}],"seed_played":"-3844289782775028296","potions_obtained":[{"floor":10,"key":"blueLaboratory:NullPotion"},{"floor":11,"key":"Fire Potion"},{"floor":30,"key":"PowerPotion"},{"floor":36,"key":"blueLaboratory:LouseDecoction"},{"floor":37,"key":"blueLaboratory:SystemWipe"}],"is_trial":false,"path_per_floor":["M","?","?","?","$","E","R","E","T","E","M","T","?","$","R","B",null,"M","AVR","?","?","M","E","M","R","T","M","M","R","E","M","R","B",null,"M","M","M","M","M"],"character_chosen":"DEFECT","items_purchased":["Loop","Capacitor","Conserve Battery"],"campfire_rested":1,"item_purchase_floors":[5,14,14],"current_hp_per_floor":[64,64,64,36,36,36,36,36,36,22,22,22,4,4,25,18,32,32,32,32,35,33,29,29,29,34,32,32,32,35,30,30,33,46,49,17,13,13,0,0],"gold":452,"neow_bonus":"THREE_ENEMY_KILL","is_daily":false,"chose_seed":false,"campfire_upgraded":4,"win_rate":0.0,"timestamp":1608196312,"path_taken":["M","?","?","?","?","E","R","E","T","E","M","?","?","$","R","BOSS","M","AVR","?","?","M","E","M","R","T","M","M","R","E","?","R","BOSS","M","M","M","M","M"],"items_purchased_type":["Card","Card","Card"],"build_version":"2020-12-13","purchased_purges":1,"victory":false,"max_hp_per_floor":[71,71,71,71,71,71,71,71,71,71,71,71,71,71,71,71,36,36,36,36,39,39,39,39,39,44,44,44,44,47,47,47,50,50,53,53,53,53,53,53],"relic_stats":{"counters":[20,76],"Letter Opener":[171],"obtain_stats":[{"hubris:BallOfYels":4,"NeowsBlessing":0,"Oddly Smooth Stone":23,"Dota2Spire:DrumOfEndurance":10,"vexMod:PaidLearning":19,"Letter Opener":8,"Dota2Spire:EtherealBlade":12,"halation:Prosthetics":17,"Nuclear Battery":34,"Dota2Spire:MagicBottle":13,"vexMod:Dragonfruit":26,"hubris:Icosahedron":3,"halation:EternalFortune":21,"Garlic":9,"infinitespire:Eraser":30,"Cracked Core":0,"Toy Ornithopter":6},{"hubris:BallOfYels":1,"NeowsBlessing":0,"Oddly Smooth Stone":9,"Dota2Spire:DrumOfEndurance":4,"vexMod:PaidLearning":7,"Letter Opener":3,"Dota2Spire:EtherealBlade":5,"halation:Prosthetics":6,"Nuclear Battery":15,"Dota2Spire:MagicBottle":5,"vexMod:Dragonfruit":10,"hubris:Icosahedron":1,"halation:EternalFortune":7,"Garlic":3,"infinitespire:Eraser":13,"Cracked Core":0,"Toy Ornithopter":2},{"hubris:BallOfYels":1,"NeowsBlessing":0,"Oddly Smooth Stone":27,"Dota2Spire:DrumOfEndurance":6,"vexMod:PaidLearning":20,"Letter Opener":3,"Dota2Spire:EtherealBlade":8,"halation:Prosthetics":16,"Nuclear Battery":58,"Dota2Spire:MagicBottle":8,"vexMod:Dragonfruit":31,"hubris:Icosahedron":1,"halation:EternalFortune":20,"Garlic":3,"infinitespire:Eraser":46,"Cracked Core":0,"Toy Ornithopter":2}],"Toy Ornithopter":15},"card_choices":[{"not_picked":["hubris:Ukulele","Steam"],"picked":"Coolheaded","floor":1},{"not_picked":["Go for the Eyes","Turbo"],"picked":"Genetic Algorithm","floor":4},{"not_picked":["ReplayTheSpireMod:Calculation Training","Blizzard"],"picked":"Barrage","floor":4},{"not_picked":["Redo","Reinforced Body"],"picked":"Ball Lightning","floor":6},{"not_picked":["Steam","Multi-Cast"],"picked":"Biased Cognition","floor":8},{"not_picked":["Compile Driver","Reprogram"],"picked":"Hologram","floor":10},{"not_picked":["Go for the Eyes","Rebound","Hologram"],"picked":"SKIP","floor":11},{"not_picked":["Multi-Cast","Amplify"],"picked":"Echo Form","floor":16},{"not_picked":["Lockon","Leap","Sweeping Beam"],"picked":"SKIP","floor":18},{"not_picked":["Hello World","Heatsinks","Turbo+1"],"picked":"SKIP","floor":22},{"not_picked":["Compile Driver","Sweeping Beam+1"],"picked":"Chaos+1","floor":23},{"not_picked":["Auto Shields","Coolheaded"],"picked":"Compile Driver","floor":24},{"not_picked":["Genetic Algorithm","Compile Driver","Rebound"],"picked":"SKIP","floor":27},{"not_picked":["Reinforced Body","Compile Driver"],"picked":"Defragment","floor":28},{"not_picked":["Fusion","Stack","Lockon"],"picked":"SKIP","floor":30},{"not_picked":["Go for the Eyes","Turbo","Scrape"],"picked":"SKIP","floor":31},{"not_picked":["Rainbow","hubris:Prefetch"],"picked":"Echo Form","floor":33},{"not_picked":["Go for the Eyes","Steam+1","Rebound+1"],"picked":"SKIP","floor":35},{"not_picked":["Auto Shields","Beam Cell"],"picked":"Steam Power","floor":36},{"not_picked":["Double Energy","Sunder","Stack"],"picked":"SKIP","floor":37},{"not_picked":["Defragment","ReplayTheSpireMod:Calculation Training"],"picked":"Leap","floor":38}],"player_experience":1054843,"relics_obtained":[{"floor":4,"key":"hubris:BallOfYels"},{"floor":6,"key":"Toy Ornithopter"},{"floor":8,"key":"Letter Opener"},{"floor":9,"key":"Garlic"},{"floor":10,"key":"Dota2Spire:DrumOfEndurance"},{"floor":12,"key":"Dota2Spire:EtherealBlade"},{"floor":23,"key":"Oddly Smooth Stone"},{"floor":26,"key":"vexMod:Dragonfruit"},{"floor":30,"key":"halation:EternalFortune"},{"floor":30,"key":"infinitespire:Eraser"},{"floor":33,"key":"halation:EternalFortune"},{"floor":35,"key":"halation:EternalFortune"}],"event_choices":[{"cards_removed":["Defend_B"],"damage_healed":0,"gold_gain":0,"player_choice":"Card Removal","damage_taken":0,"max_hp_gain":0,"max_hp_loss":0,"event_name":"The Cleric","floor":2,"gold_loss":75},{"damage_healed":0,"gold_gain":0,"player_choice":"Success","damage_taken":18,"relics_obtained":["Dota2Spire:MagicBottle"],"max_hp_gain":0,"max_hp_loss":0,"event_name":"Scrap Ooze","floor":13,"gold_loss":0},{"damage_healed":0,"gold_gain":0,"player_choice":"Ignored","damage_taken":0,"max_hp_gain":0,"max_hp_loss":0,"event_name":"Vampires","floor":20,"gold_loss":0}],"is_beta":false,"boss_relics":[{"not_picked":["halation:ForbiddenBikini","hubris:Stopwatch"],"picked":"halation:Prosthetics"},{"not_picked":["hubris:CrackedHourglass","halation:Yufonium"],"picked":"Nuclear Battery"}],"items_purged_floors":[19],"is_endless":false,"potions_floor_spawned":[10,11,22,24,27,28,30,36,37],"killed_by":"Sphere and 2 Shapes","ascension_level":15}}