{"host":"znvnxllcillb3rtw","time":1608209729,"event":{"mods":["BaseMod","DeckTracker","Minty Spire (QoL Compilation)","Relic Stats","StSLib","SuperFastMode","everything is the same but u backflip on backflip"],"gold_per_floor":[110,129,144,163,180,180,209,221,246,276,276,276,276,296,296,367,367,377,397,156,172,190,190,219,238,290,319,329,349,349,365,365,440,440,451,469,483,272,286,286,313,171,171,191,204,204,48,75,75,75,75,75,75,18,53,53],"floor_reached":57,"playtime":2985,"items_purged":["Strike_B","Defend_B","Defend_B","Zap"],"score":2969,"play_id":"6573070d-fa42-45b0-9871-8defb337ecc4","local_time":"20201217215529","is_ascension_mode":true,"campfire_choices":[{"floor":6,"key":"REST"},{"floor":13,"key":"REST"},{"data":"Capacitor","floor":15,"key":"SMITH"},{"data":"Blizzard","floor":23,"key":"SMITH"},{"data":"Turbo","floor":30,"key":"SMITH"},{"data":"Heatsinks","floor":32,"key":"SMITH"},{"floor":40,"key":"REST"},{"floor":46,"key":"RECALL"},{"data":"Fusion","floor":49,"key":"SMITH"},{"data":"Creative AI","floor":53,"key":"SMITH"}],"circlet_count":0,"master_deck":["AscendersBane","Dualcast","Biased Cognition+1","Fission+1","Electrodynamics+1","White Noise","Glacier","Double Energy","Self Repair","Capacitor+1","Creative AI+1","Coolheaded+1","Fusion+1","Blizzard+1","Turbo+1","Hologram","BootSequence","Core Surge","Heatsinks+1","Core Surge","Coolheaded+1"],"relics":["Astrolabe","Thread and Needle","Regal Pillow","Vajra","Empty Cage","Orrery","Boot","Happy Flower","Bag of Marbles","Busted Crown","Membership Card","Centennial Puzzle","Art of War","Potion Belt","OrangePellets","Toxic Egg 2","Akabeko"],"acts_visited":["Exordium","TheCity","TheBeyond","TheEnding"],"potions_floor_usage":[24,33,56,56,56],"damage_taken":[{"damage":1,"enemies":"Cultist","floor":1,"turns":3},{"damage":5,"enemies":"2 Louse","floor":2,"turns":3},{"damage":7,"enemies":"Jaw Worm","floor":3,"turns":2},{"damage":13,"enemies":"Lots of Slimes","floor":4,"turns":2},{"damage":15,"enemies":"Gremlin Gang","floor":5,"turns":2},{"damage":0,"enemies":"Lagavulin","floor":7,"turns":6},{"damage":0,"enemies":"Red Slaver","floor":8,"turns":3},{"damage":3,"enemies":"3 Sentries","floor":10,"turns":3},{"damage":10,"enemies":"Exordium Thugs","floor":14,"turns":2},{"damage":23,"enemies":"Slime Boss","floor":16,"turns":7},{"damage":3,"enemies":"3 Byrds","floor":18,"turns":3},{"damage":2,"enemies":"2 Thieves","floor":19,"turns":3},{"damage":15,"enemies":"Snake Plant","floor":21,"turns":4},{"damage":0,"enemies":"Sentry and Sphere","floor":22,"turns":8},{"damage":21,"enemies":"Slavers","floor":24,"turns":3},{"damage":0,"enemies":"3 Cultists","floor":25,"turns":3},{"damage":17,"enemies":"Gremlin Leader","floor":27,"turns":5},{"damage":4,"enemies":"Cultist and Chosen","floor":28,"turns":5},{"damage":6,"enemies":"Snake Plant","floor":29,"turns":4},{"damage":0,"enemies":"3 Cultists","floor":31,"turns":2},{"damage":48,"enemies":"Collector","floor":33,"turns":10},{"damage":0,"enemies":"3 Darklings","floor":35,"turns":5},{"damage":9,"enemies":"Orb Walker","floor":36,"turns":4},{"damage":35,"enemies":"Jaw Worm Horde","floor":37,"turns":3},{"damage":27,"enemies":"3 Darklings","floor":39,"turns":6},{"damage":6,"enemies":"Nemesis","floor":41,"turns":11},{"damage":6,"enemies":"Sphere and 2 Shapes","floor":44,"turns":5},{"damage":0,"enemies":"Spire Growth","floor":45,"turns":5},{"damage":0,"enemies":"Reptomancer","floor":48,"turns":5},{"damage":0,"enemies":"Awakened One","floor":50,"turns":14},{"damage":10,"enemies":"Donu and Deca","floor":51,"turns":5},{"damage":15,"enemies":"Shield and Spear","floor":55,"turns":6},{"damage":25,"enemies":"The Heart","floor":56,"turns":8}],"seed_played":"-4532992327165049345","potions_obtained":[{"floor":1,"key":"Energy Potion"},{"floor":2,"key":"PotionOfCapacity"},{"floor":14,"key":"Weak Potion"},{"floor":25,"key":"Regen Potion"},{"floor":35,"key":"LiquidBronze"},{"floor":48,"key":"Fire Potion"}],"is_trial":false,"path_per_floor":["M","M","M","M","M","R","E","M","T","E","?","?","R","M","R","B",null,"M","M","$","M","M","R","E","M","T","E","M","M","R","M","R","B",null,"M","M","M","$","M","R","E","$","T","M","M","R","$","E","R","B","B",null,"R","$","E","B",null],"character_chosen":"DEFECT","items_purchased":["Orrery","Membership Card","Art of War","OrangePellets","FairyPotion"],"campfire_rested":3,"item_purchase_floors":[20,38,42,47,54],"current_hp_per_floor":[63,58,51,38,23,44,44,44,44,41,15,5,41,38,38,22,59,63,68,68,60,67,67,46,53,53,43,46,47,47,47,47,21,59,66,64,36,36,16,52,53,53,53,54,61,61,61,68,68,71,68,70,70,70,62,44],"gold":53,"neow_bonus":"BOSS_RELIC","is_daily":false,"chose_seed":false,"campfire_upgraded":6,"win_rate":0.0,"timestamp":1608209729,"path_taken":["M","M","M","?","M","R","E","M","T","E","?","?","R","M","R","BOSS","M","M","$","M","?","R","E","M","T","E","M","M","R","M","R","BOSS","M","M","M","$","?","R","E","$","T","M","M","R","?","E","R","BOSS","BOSS","R","$","E","BOSS"],"items_purchased_type":["Relic","Relic","Relic","Relic","Potion"],"build_version":"2020-12-13","purchased_purges":4,"victory":true,"max_hp_per_floor":[71,71,71,71,71,71,71,71,71,71,71,71,71,71,71,71,71,71,71,71,71,71,71,71,71,71,71,71,71,71,71,71,71,71,71,71,71,71,71,71,71,71,71,71,71,71,71,71,71,71,71,71,71,71,71,71],"relic_stats":{"OrangePellets":[6],"Regal Pillow":30,"Centennial Puzzle":[12],"Busted Crown":18,"Happy Flower":[34],"counters":[33,160],"Astrolabe":["Biased Cognition","Fission","Electrodynamics"],"Art of War":[11],"Boot":[36],"obtain_stats":[{"Potion Belt":43,"Regal Pillow":10,"Happy Flower":26,"Astrolabe":0,"Vajra":11,"Thread and Needle":7,"Empty Cage":17,"Boot":24,"Akabeko":55,"OrangePellets":47,"Centennial Puzzle":41,"Busted Crown":34,"Orrery":20,"Bag of Marbles":27,"Art of War":42,"Membership Card":38,"Toxic Egg 2":48,"Cracked Core":0},{"Potion Belt":26,"Regal Pillow":8,"Happy Flower":16,"Astrolabe":0,"Vajra":8,"Thread and Needle":6,"Empty Cage":10,"Boot":15,"Akabeko":32,"OrangePellets":28,"Centennial Puzzle":26,"Busted Crown":21,"Orrery":12,"Bag of Marbles":17,"Art of War":26,"Membership Card":24,"Toxic Egg 2":29,"Cracked Core":0},{"Potion Belt":112,"Regal Pillow":24,"Happy Flower":57,"Astrolabe":0,"Vajra":24,"Thread and Needle":18,"Empty Cage":33,"Boot":54,"Akabeko":152,"OrangePellets":122,"Centennial Puzzle":112,"Busted Crown":83,"Orrery":39,"Bag of Marbles":62,"Art of War":112,"Membership Card":95,"Toxic Egg 2":127,"Cracked Core":0}]},"card_choices":[{"not_picked":["Rip and Tear","Steam","Rebound"],"picked":"SKIP","floor":1},{"not_picked":["Barrage","Compile Driver"],"picked":"White Noise","floor":2},{"not_picked":["Compile Driver","Redo","Steam"],"picked":"SKIP","floor":3},{"not_picked":["Skim","Genetic Algorithm"],"picked":"Glacier","floor":4},{"not_picked":["Sweeping Beam","White Noise","Streamline"],"picked":"SKIP","floor":5},{"not_picked":["Steam","All For One","Streamline"],"picked":"SKIP","floor":7},{"not_picked":["Melter","Steam"],"picked":"Double Energy","floor":8},{"not_picked":["Sweeping Beam","Meteor Strike"],"picked":"Self Repair","floor":10},{"not_picked":["Leap","Compile Driver"],"picked":"Capacitor","floor":14},{"not_picked":["Biased Cognition","Buffer"],"picked":"Creative AI","floor":16},{"not_picked":["BootSequence","Beam Cell"],"picked":"Coolheaded+1","floor":18},{"not_picked":["Barrage","Conserve Battery"],"picked":"Fusion","floor":19},{"not_picked":["Coolheaded","Melter"],"picked":"Blizzard","floor":20},{"not_picked":["Tempest","Conserve Battery"],"picked":"Turbo","floor":20},{"not_picked":["Conserve Battery","Leap"],"picked":"Hologram","floor":21},{"not_picked":["Tempest+1","Ball Lightning","Compile Driver"],"picked":"SKIP","floor":22},{"not_picked":["Tempest+1","Ball Lightning","Compile Driver"],"picked":"SKIP","floor":22},{"not_picked":["Tempest+1","Ball Lightning","Compile Driver"],"picked":"SKIP","floor":22},{"not_picked":["Gash","Barrage","Double Energy"],"picked":"SKIP","floor":24},{"not_picked":["Stack","Streamline"],"picked":"BootSequence","floor":25},{"not_picked":["Sunder","Sweeping Beam"],"picked":"Core Surge","floor":27},{"not_picked":["Loop","Coolheaded","Lockon"],"picked":"SKIP","floor":28},{"not_picked":["Loop","Coolheaded","Lockon"],"picked":"SKIP","floor":28},{"not_picked":["Scrape","Turbo"],"picked":"Heatsinks","floor":29},{"not_picked":["Sunder","Compile Driver+1","Sweeping Beam+1"],"picked":"SKIP","floor":31},{"not_picked":["Biased Cognition","Multi-Cast"],"picked":"Core Surge","floor":33},{"not_picked":["White Noise+1"],"picked":"SKIP","floor":35},{"not_picked":["Lockon"],"picked":"SKIP","floor":36},{"not_picked":[],"picked":"Coolheaded+1","floor":37},{"not_picked":["Turbo"],"picked":"SKIP","floor":39},{"not_picked":["Streamline"],"picked":"SKIP","floor":41},{"not_picked":["BootSequence"],"picked":"SKIP","floor":44},{"not_picked":["Turbo"],"picked":"SKIP","floor":45},{"not_picked":["Hologram+1"],"picked":"SKIP","floor":48},{"not_picked":["FTL+1"],"picked":"SKIP","floor":55}],"player_experience":2869618,"relics_obtained":[{"floor":7,"key":"Thread and Needle"},{"floor":10,"key":"Regal Pillow"},{"floor":24,"key":"Boot"},{"floor":26,"key":"Happy Flower"},{"floor":27,"key":"Bag of Marbles"},{"floor":41,"key":"Centennial Puzzle"},{"floor":43,"key":"Potion Belt"},{"floor":48,"key":"Toxic Egg 2"},{"floor":55,"key":"Akabeko"}],"event_choices":[{"damage_healed":0,"gold_gain":0,"player_choice":"Success","damage_taken":26,"relics_obtained":["Vajra"],"max_hp_gain":0,"max_hp_loss":0,"event_name":"Scrap Ooze","floor":11,"gold_loss":0},{"damage_healed":0,"gold_gain":0,"player_choice":"Damaged","damage_taken":10,"max_hp_gain":0,"max_hp_loss":0,"event_name":"Wheel of Change","floor":12,"gold_loss":0}],"is_beta":false,"boss_relics":[{"not_picked":["Snecko Eye","Calling Bell"],"picked":"Empty Cage"},{"not_picked":["Pandora\u0027s Box","Velvet Choker"],"picked":"Busted Crown"}],"items_purged_floors":[20,38,42,47],"is_endless":false,"potions_floor_spawned":[1,2,7,8,14,18,22,25,29,35,41,48],"ascension_level":20}}