{"host":"n91txuwnyvkdwz99","time":1608166847,"event":{"mods":["AchievementEnabler","Act Like it!","BaseMod","Bestiary","Better Altar","Better Sensory Stone","Better Third Choice","Block Reminder","CapriCore","Colored Map","Colored Powertips","Downfall","Hallownest","Hermit","Infinite Spire","Minty Spire (QoL Compilation)","Rare Cards Sparkle","Relic Stats","Replay The Spire","Spicy Shops","StSLib","The Blue Laboratory","The Immortal","TheSwordswoman","Waifu the Spire"],"gold_per_floor":[109,127,164,164,164,164,180,180,203,203,236,236,5,15,15,118,118,131,146,146,146,176,227,227,4,29,57,81,125,125,181,181,302,302,335,28,28,62,62,62,62,104,104,145,145,145,145,184,184,299],"floor_reached":51,"playtime":3430,"items_purged":["blazmod:Kyokasuigetsu","blazmod:ButterflyEffect","blazmod:Strike","Amnesia"],"score":765,"play_id":"9c9c03bf-8f59-4e5d-8ee4-f6979c44ce93","local_time":"20201216200047","is_ascension_mode":true,"campfire_choices":[{"data":"infinitespire:TheBestDefense","floor":6,"key":"SMITH"},{"data":"blazmod:Defend","floor":15,"key":"SMITH"},{"data":"blazmod:OneWithNature","floor":24,"key":"SMITH"},{"data":"blazmod:TandenKatsu","floor":30,"key":"SMITH"},{"data":"infinitespire:Gouge","floor":32,"key":"SMITH"},{"data":"blazmod:TrueOfHeart","floor":40,"key":"SMITH"},{"data":"blazmod:InLoveAndWar","floor":45,"key":"SMITH"},{"data":"infinitespire:Execution","floor":49,"key":"SMITH"}],"circlet_count":0,"master_deck":["blazmod:Strike","blazmod:Strike","blazmod:Strike","blazmod:Defend","blazmod:Defend","blazmod:Defend","blazmod:Defend+1","blazmod:TandenKatsu+1","infinitespire:TheBestDefense+1","blazmod:StanceChange+1","blazmod:InLoveAndWar+1","blazmod:StanceChange+1","infinitespire:Gouge+1","blazmod:TrueOfHeart+1","blazmod:OneWithNature+1","blazmod:Setsuna","blazmod:PhysicalEndurance+1","infinitespire:Execution+1","blazmod:OneWithNature"],"relics":["blazmod:Venustas","Replay:Kaleidoscope","Blue Doll","ReplayFunnel","Hallownest:DreamNailRelic","Bag of Preparation","Replay:Bandana","infinitespire:Cupcake","Replay:Towering Pillar of Hats","Chameleon Ring","Anchor","Replay:Baseball","Unceasing Top","Cursed Key","FossilizedHelix","Hallownest:BeastSealRelic","Frozen Egg 2","ReplayTheSpireMod:TigerMarble"],"acts_visited":["Exordium","Hallownest:Greenpath","Hallownest:CityofTears"],"potions_floor_usage":[11,11,16,23,33,33,33,50],"damage_taken":[{"damage":0,"enemies":"Hallownest:2_Tiktiks_and_1_Crawlid","floor":1,"turns":5},{"damage":0,"enemies":"Hallownest:monsterHuskWarrior","floor":2,"turns":6},{"damage":0,"enemies":"2_ Uuma","floor":7,"turns":4},{"damage":2,"enemies":"Hallownest:monsterAspidMother","floor":8,"turns":4},{"damage":9,"enemies":"Hallownest:eliteVengeflyKing","floor":11,"turns":5},{"damage":1,"enemies":"Hallownest:Wandering_and_Horned","floor":14,"turns":5},{"damage":17,"enemies":"Hallownest:BossBrokenVessel","floor":16,"turns":7},{"damage":25,"enemies":"Hallownest:Guard_and_Sentry","floor":18,"turns":7},{"damage":2,"enemies":"Hallownest:Flukemon_and_Top","floor":19,"turns":6},{"damage":2,"enemies":"Hallownest:Master_and_Novice","floor":22,"turns":4},{"damage":0,"enemies":"Nightmare","floor":23,"turns":6},{"damage":2,"enemies":"Hallownest:2_Flukemon","floor":27,"turns":5},{"damage":0,"enemies":"Hallownest:Nosk","floor":29,"turns":4},{"damage":0,"enemies":"Hallownest:Glutton_and_Coward","floor":31,"turns":2},{"damage":5,"enemies":"Hallownest:BossGrimm","floor":33,"turns":6},{"damage":11,"enemies":"Hallownest:2_Littles","floor":35,"turns":4},{"damage":0,"enemies":"Hallownest:3_Siblings","floor":38,"turns":4},{"damage":0,"enemies":"Hallownest:2_Wandering_and_1_Horned","floor":42,"turns":5},{"damage":0,"enemies":"Hallownest:2_Soldiers_and_1_Guardian","floor":44,"turns":4},{"damage":0,"enemies":"Hallownest:Xero_Hu_Marmu","floor":48,"turns":4},{"damage":6,"enemies":"Hallownest:BossGreyPrinceZote","floor":50,"turns":4}],"seed_played":"-972240495088103538","potions_obtained":[{"floor":1,"key":"Dexterity Potion"},{"floor":7,"key":"Weak Potion"},{"floor":14,"key":"Block Potion"},{"floor":22,"key":"blueLaboratory:BubblePotion"},{"floor":27,"key":"Adrenaline Potion"},{"floor":29,"key":"LiquidBronze"},{"floor":44,"key":"blueLaboratory:BottleOfVodka"},{"floor":48,"key":"Weak Potion"},{"floor":50,"key":"blueLaboratory:HummingbirdPotion"}],"is_trial":false,"path_per_floor":["M","M","?","?","?","R","M","M","T","?","E","?","$","M","R","B",null,"M","M","?","AVR","M","NM","R","$","T","M","T","E","R","M","R_BF","B",null,"M","$","?","M","?","R","$","M","T","M","R","AVR","?","M","R","B",null],"character_chosen":"THE_SWORDSWOMAN","items_purchased":["Bag of Preparation","Chameleon Ring","FossilizedHelix"],"campfire_rested":0,"item_purchase_floors":[13,25,36],"current_hp_per_floor":[36,36,36,36,27,27,27,25,25,25,28,28,28,27,27,10,36,23,21,35,35,33,33,33,33,33,31,31,31,31,31,31,26,48,37,37,37,37,33,33,33,33,33,33,33,33,33,33,33,27],"gold":299,"neow_bonus":"ONE_RARE_RELIC","is_daily":false,"chose_seed":false,"campfire_upgraded":8,"win_rate":0.0,"timestamp":1608166847,"path_taken":["M","M","?","?","?","R","M","M","T","?","E","?","$","M","R","BOSS","M","?","?","AVR","M","NM","R","?","T","M","?","E","R","?","R_BF","BOSS","M","$","?","M","?","R","?","M","T","?","R","AVR","?","?","R","BOSS"],"items_purchased_type":["Relic","Relic","Relic"],"build_version":"2020-12-13","purchased_purges":4,"victory":true,"max_hp_per_floor":[36,36,36,36,36,36,36,36,36,36,36,36,36,36,36,36,36,48,48,48,48,48,48,48,48,48,48,48,48,48,48,48,48,48,48,48,48,48,48,48,48,48,48,48,48,48,48,48,48,48],"relic_stats":{"counters":[21,101],"Bag of Preparation":[32],"Cursed Key":1,"obtain_stats":[{"ReplayFunnel":11,"Replay:Towering Pillar of Hats":23,"Blue Doll":9,"Hallownest:DreamNailRelic":12,"Bag of Preparation":13,"Replay:Kaleidoscope":0,"Frozen Egg 2":43,"Cursed Key":34,"blazmod:Venustas":0,"Replay:Bandana":21,"Anchor":26,"Replay:Baseball":28,"Chameleon Ring":25,"ReplayTheSpireMod:TigerMarble":46,"Unceasing Top":29,"FossilizedHelix":36,"infinitespire:Cupcake":21,"Hallownest:BeastSealRelic":37},{"ReplayFunnel":5,"Replay:Towering Pillar of Hats":11,"Blue Doll":4,"Hallownest:DreamNailRelic":5,"Bag of Preparation":5,"Replay:Kaleidoscope":0,"Frozen Egg 2":18,"Cursed Key":15,"blazmod:Venustas":0,"Replay:Bandana":9,"Anchor":11,"Replay:Baseball":12,"Chameleon Ring":11,"ReplayTheSpireMod:TigerMarble":19,"Unceasing Top":13,"FossilizedHelix":16,"infinitespire:Cupcake":9,"Hallownest:BeastSealRelic":16},{"ReplayFunnel":24,"Replay:Towering Pillar of Hats":59,"Blue Doll":19,"Hallownest:DreamNailRelic":24,"Bag of Preparation":24,"Replay:Kaleidoscope":0,"Frozen Egg 2":89,"Cursed Key":76,"blazmod:Venustas":0,"Replay:Bandana":49,"Anchor":59,"Replay:Baseball":64,"Chameleon Ring":59,"ReplayTheSpireMod:TigerMarble":93,"Unceasing Top":68,"FossilizedHelix":80,"infinitespire:Cupcake":49,"Hallownest:BeastSealRelic":80}],"Unceasing Top":[37]},"card_choices":[{"not_picked":["blazmod:ButterFlutter","blazmod:FortifiedVigor"],"picked":"blazmod:TandenKatsu","floor":1},{"not_picked":["blazmod:BoulderFlash","blazmod:OpenSpirit","blazmod:FleetOfFoot"],"picked":"SKIP","floor":2},{"not_picked":["ReplayTheSpireMod:Chaos Vortex","ReplayTheSpireMod:Haul"],"picked":"infinitespire:TheBestDefense","floor":5},{"not_picked":["blazmod:KatanaStrike","blazmod:BoulderFlash"],"picked":"blazmod:StanceChange","floor":7},{"not_picked":["blazmod:MentalFocus","blazmod:ButterFlutter"],"picked":"blazmod:InLoveAndWar","floor":8},{"not_picked":["blazmod:FortifiedVigor","blazmod:KatanaStrike","blazmod:DanceOfTheGods"],"picked":"SKIP","floor":11},{"not_picked":["blazmod:DanceOfTheGods","blazmod:MentalFocus","blazmod:PhoenixPlume"],"picked":"SKIP","floor":14},{"not_picked":["blazmod:DawnflutterDance","blazmod:SeismicSlash"],"picked":"blazmod:CrescentMoon","floor":16},{"not_picked":["blazmod:BoulderFlash+1","blazmod:FlashRock","blazmod:StanceChange"],"picked":"SKIP","floor":18},{"not_picked":["blazmod:PhysicalEndurance","blazmod:Valiance+1"],"picked":"blazmod:StanceChange+1","floor":19},{"not_picked":["blazmod:FortifiedVigor","blazmod:Trasient"],"picked":"blazmod:TrueOfHeart","floor":22},{"not_picked":["blazmod:QuickBlade","blazmod:TravelJournal+1"],"picked":"blazmod:OneWithNature","floor":23},{"not_picked":["blazmod:KatanaStrike+1","blazmod:FlashRock","blazmod:ButterFlutter+1"],"picked":"SKIP","floor":27},{"not_picked":["blazmod:SidewaySolace","blazmod:Valiance+1","blazmod:FlashRock+1"],"picked":"SKIP","floor":29},{"not_picked":["blazmod:Contingency","blazmod:Trasient","blazmod:FlashRock+1"],"picked":"SKIP","floor":31},{"not_picked":["blazmod:PerennialBeauty","blazmod:AlmightyPassage"],"picked":"blazmod:Setsuna","floor":33},{"not_picked":["blazmod:SidewaySolace","blazmod:FortifiedVigor+1","blazmod:BoulderFlash+1"],"picked":"SKIP","floor":35},{"not_picked":["blazmod:MoonlightBlossoms+1","blazmod:ButterFlutter","blazmod:BoulderFlash"],"picked":"SKIP","floor":38},{"not_picked":["blazmod:StanceChange","blazmod:FlashRock+1","blazmod:PerennialBeauty"],"picked":"SKIP","floor":42},{"not_picked":["blazmod:Contingency+1","blazmod:FlashRock"],"picked":"blazmod:PhysicalEndurance+1","floor":44},{"not_picked":["blazmod:PhysicalEndurance","blazmod:BoulderFlash+1"],"picked":"blazmod:OneWithNature","floor":48}],"player_experience":58138,"relics_obtained":[{"floor":9,"key":"Blue Doll"},{"floor":11,"key":"ReplayFunnel"},{"floor":23,"key":"Replay:Towering Pillar of Hats"},{"floor":26,"key":"Anchor"},{"floor":28,"key":"Replay:Baseball"},{"floor":29,"key":"Unceasing Top"},{"floor":43,"key":"Frozen Egg 2"}],"event_choices":[],"is_beta":false,"boss_relics":[{"not_picked":["Snecko Eye","Replay:Drink Me","Honey Jar"]},{"not_picked":["ReplayTheSpireMod:SealedPack","blazmod:SoshuMasabe"],"picked":"Cursed Key"}],"items_purged_floors":[13,21,25,46],"is_endless":false,"potions_floor_spawned":[1,7,14,22,27,29,44,48,50],"ascension_level":1}}