{"host":"ek3xvuouaw6vk9if","time":1608182652,"event":{"mods":["BaseMod","Downfall","Minty Spire (QoL Compilation)","Permanent Neow","Quick Restart","Replay The Spire","StSLib"],"gold_per_floor":[99,110,110,110,110,124,203,214,239,258,274,274,374,374,391,489,489,489,509,609,640,640,652,679,106,106,140,152,168,178,11,23,126,126,51,66,95,113,113,38,65,65,65,92,111,125,143,143,156,156],"floor_reached":51,"playtime":5460,"items_purged":["Parasite","champ:Strike"],"score":824,"play_id":"6f6cd838-9fc8-499e-9ca2-c1176955ed96","local_time":"20201217002412","is_ascension_mode":true,"campfire_choices":[{"data":"champ:SwordSigil","floor":3.0,"key":"SMITH"},{"data":"champ:Taunt","floor":5.0,"key":"SMITH"},{"data":"champ:Devastate","floor":18.0,"key":"SMITH"},{"data":"champ:VampiricStrike","floor":26.0,"key":"SMITH"},{"floor":35.0,"key":"RECALL"},{"floor":40.0,"key":"REST"},{"floor":43.0,"key":"REST"}],"circlet_count":0,"master_deck":["champ:Defend","champ:Defend","champ:Defend","champ:Execute","champ:Taunt+1","champ:RageSigil","champ:SwordSigil+1","champ:Shatter","champ:BerserkersShout","champ:FaceSlap","champ:LastStand","champ:FanOfKnives","champ:Haymaker","champ:StanceDance","champ:Devastate+1","champ:AdrenalArmor","champ:BerserkersShout","J.A.X.","champ:StanceDance+1","champ:EndlessRage","champ:Haymaker+1","champ:VampiricStrike+1","champ:GladiatorStyle","champ:Aggression","champ:RecklessLeap","champ:RecklessLeap","champ:CheapShot"],"relics":["champ:ChampionCrown","Vajra","Pear","Sundial","champ:LiftRelic","Champion Belt","champ:ChampionCrownUpgraded","MutagenicStrength","Bag of Marbles","hexamod:BolsterEngine","StrikeDummy","Lee\u0027s Waffle","ReplayFunnel","Fusion Hammer","downfall:HeartBlessingGreen","Mango","downfall:HeartBlessingRed","Nunchaku","Anchor"],"acts_visited":["Exordium","TheCity","TheBeyond"],"potions_floor_usage":[50,50],"damage_taken":[{"damage":15.0,"enemies":"Jaw Worm","floor":2.0,"turns":4.0},{"damage":11.0,"enemies":"Cultist","floor":6.0,"turns":3.0},{"damage":3.0,"enemies":"Small Slimes","floor":8.0,"turns":4.0},{"damage":49.0,"enemies":"Lagavulin","floor":9.0,"turns":5.0},{"damage":17.0,"enemies":"Exordium Wildlife","floor":10.0,"turns":4.0},{"damage":23.0,"enemies":"Red Slaver","floor":11.0,"turns":3.0},{"damage":0.0,"enemies":"Red Slaver","floor":13.0,"turns":3.0},{"damage":5.0,"enemies":"Gremlin Gang","floor":15.0,"turns":4.0},{"damage":59.0,"enemies":"downfall:Silent","floor":16.0,"turns":7.0},{"damage":19.0,"enemies":"Shell Parasite","floor":19.0,"turns":3.0},{"damage":44.0,"enemies":"downfall:Augmenter","floor":20.0,"turns":4.0},{"damage":43.0,"enemies":"Book of Stabbing","floor":21.0,"turns":3.0},{"damage":14.0,"enemies":"Chosen","floor":23.0,"turns":3.0},{"damage":24.0,"enemies":"downfall:FleeingMerchant","floor":25.0,"turns":4.0},{"damage":33.0,"enemies":"Replay:Snechameleon","floor":27.0,"turns":5.0},{"damage":32.0,"enemies":"3 Cultists","floor":28.0,"turns":4.0},{"damage":23.0,"enemies":"Snake Plant","floor":29.0,"turns":2.0},{"damage":33.0,"enemies":"Chosen and Byrds","floor":30.0,"turns":3.0},{"damage":47.0,"enemies":"downfall:FleeingMerchant","floor":31.0,"turns":4.0},{"damage":26.0,"enemies":"Centurion and Healer","floor":32.0,"turns":2.0},{"damage":64.0,"enemies":"downfall:Defect","floor":33.0,"turns":5.0},{"damage":32.0,"enemies":"3 Shapes","floor":36.0,"turns":1.0},{"damage":63.0,"enemies":"Reptomancer","floor":37.0,"turns":3.0},{"damage":55.0,"enemies":"3 Darklings","floor":38.0,"turns":2.0},{"damage":37.0,"enemies":"Nemesis","floor":44.0,"turns":3.0},{"damage":45.0,"enemies":"Writhing Mass","floor":45.0,"turns":3.0},{"damage":64.0,"enemies":"Transient","floor":46.0,"turns":5.0},{"damage":45,"enemies":"Jaw Worm Horde","floor":47,"turns":3},{"damage":43,"enemies":"4 Shapes","floor":49,"turns":4},{"damage":86,"enemies":"downfall:Ironclad","floor":50,"turns":5}],"seed_played":"-1694845134951669610","potions_obtained":[{"floor":2.0,"key":"champ:TechniquePotion"},{"floor":6.0,"key":"hexamod:EctoCoolerPotion"},{"floor":11.0,"key":"LifebloodPotion"},{"floor":13.0,"key":"SpeedPotion"},{"floor":16.0,"key":"Venom Potion"},{"floor":21.0,"key":"Strength Potion"},{"floor":22.0,"key":"downfall:CursedFountainPotion"},{"floor":29.0,"key":"champ:OpenerPotion"},{"floor":45.0,"key":"PowerPotion"}],"is_trial":false,"path_per_floor":["R","M","R","?","R","M","T","M","E","M","M","?","?","?","M","B",null,"R","M","?","E","?","M","T","$","R","E","M","M","M","$","M","B",null,"R","M","E","M","?","R","T","?","R","E","M","M","M","?","M","B",null],"character_chosen":"THE_CHAMP","items_purchased":["StrikeDummy","Lee\u0027s Waffle","champ:GladiatorStyle","champ:RecklessLeap"],"campfire_rested":2,"item_purchase_floors":[25,25,25,31],"current_hp_per_floor":[90,80,80,80,80,74,84,81,55,46,31,31,31,56,51,9,100,100,93,73,64,64,55,55,104,104,90,104,95,104,102,102,104,104,104,99,118,118,118,118,118,118,118,101,116,111,111,111,115,94],"gold":156,"neow_bonus":"RANDOM_COMMON_RELIC","is_daily":false,"chose_seed":false,"campfire_upgraded":4,"win_rate":0.0,"timestamp":1608182652,"path_taken":["R","M","R","?","R","M","T","M","E","?","M","?","?","?","M","BOSS","R","M","?","E","?","?","T","$","R","E","M","M","?","$","M","BOSS","R","M","E","M","?","R","T","?","R","E","M","M","?","?","M","BOSS"],"items_purchased_type":["Relic","Relic","Card","Card"],"build_version":"2020-12-13","purchased_purges":2,"victory":true,"max_hp_per_floor":[90,90,90,90,90,90,100,100,100,100,100,100,100,100,100,100,100,100,100,100,100,100,100,100,104,104,104,104,104,104,104,104,104,104,104,104,118,118,118,118,118,118,118,118,118,118,118,115,115,115],"card_choices":[{"not_picked":["champ:EnragedBash","champ:BringItOn"],"picked":"champ:SwordSigil","floor":2.0},{"not_picked":["champ:Backstep","champ:FlashCut"],"picked":"champ:BerserkersShout","floor":6.0},{"not_picked":["champ:SwordSigil","champ:DefensiveShout"],"picked":"champ:FaceSlap","floor":8.0},{"not_picked":["champ:Backstep","champ:GladiatorsShout"],"picked":"champ:LastStand","floor":9.0},{"not_picked":["champ:BerserkersShout","champ:PerfectedStrike"],"picked":"champ:FanOfKnives","floor":10.0},{"not_picked":["champ:RapidStrikes","champ:BerserkersShout","champ:FocusedBerserking"],"picked":"SKIP","floor":11.0},{"not_picked":["champ:SkillfulDodge","champ:EnGarde"],"picked":"champ:Haymaker","floor":13.0},{"not_picked":["champ:Balance","champ:DefensiveShout"],"picked":"champ:StanceDance","floor":15.0},{"not_picked":["champ:CheapShot","champ:PerfectForm"],"picked":"champ:Devastate","floor":16.0},{"not_picked":["champ:DefensiveStyle","champ:StanceDance","champ:RageSigil"],"picked":"SKIP","floor":19.0},{"not_picked":[],"picked":"J.A.X.","floor":20.0},{"not_picked":["champ:ShieldSigil","champ:EnGarde"],"picked":"champ:StanceDance+1","floor":20.0},{"not_picked":["champ:Shatter","champ:FightOn"],"picked":"champ:EndlessRage","floor":21.0},{"not_picked":["champ:ShieldSigil+1","champ:RapidStrikes+1"],"picked":"champ:Haymaker+1","floor":23.0},{"not_picked":["champ:GladiatorsShout","champ:AdrenalArmor"],"picked":"champ:VampiricStrike","floor":25.0},{"not_picked":["champ:ShieldWall","champ:TornadoPunch","champ:BladeFlurry"],"picked":"SKIP","floor":27.0},{"not_picked":["champ:BerserkersShout","champ:RecklessLeap","champ:Circumvent"],"picked":"SKIP","floor":28.0},{"not_picked":["champ:PerfectedStrike","champ:BerserkersShout"],"picked":"champ:Aggression","floor":29.0},{"not_picked":["champ:DancingMaster","champ:PerfectedStrike","champ:Haymaker"],"picked":"SKIP","floor":30.0},{"not_picked":["champ:RapidStrikes","champ:SkillfulDodge","champ:RageSigil"],"picked":"SKIP","floor":31.0},{"not_picked":["champ:SwordSigil","champ:Encircle","champ:Backstep+1"],"picked":"SKIP","floor":32.0},{"not_picked":["champ:HoldFirm","champ:Improvising"],"picked":"champ:CheapShot","floor":33.0},{"not_picked":["champ:Circumvent","champ:BladeFlurry+1","champ:FanOfKnives"],"picked":"SKIP","floor":36.0},{"not_picked":["champ:Circumvent","champ:BladeFlurry+1","champ:FanOfKnives"],"picked":"SKIP","floor":36.0},{"not_picked":["champ:FightOn","champ:FlashCut","champ:BringItOn+1"],"picked":"SKIP","floor":37.0},{"not_picked":["champ:Haymaker+1","champ:FlashCut","champ:Circumvent+1"],"picked":"SKIP","floor":38.0},{"not_picked":["champ:BerserkersShout","champ:Shatter+1","champ:AdrenalArmor"],"picked":"SKIP","floor":44.0},{"not_picked":["champ:BerserkersShout","champ:CrookedStrike+1","champ:EnGarde+1"],"picked":"SKIP","floor":45.0},{"not_picked":["champ:Haymaker","champ:GladiatorsShout","champ:IgnorePain"],"picked":"SKIP","floor":46.0},{"not_picked":["champ:Encircle","champ:GladiatorsShout","champ:BladeFlurry+1"],"picked":"SKIP","floor":47},{"not_picked":["champ:FaceSlap","champ:FanOfKnives","champ:StanceDance+1"],"picked":"SKIP","floor":49}],"player_experience":684633,"relics_obtained":[{"floor":7.0,"key":"Pear"},{"floor":9.0,"key":"Sundial"},{"floor":13.0,"key":"Champion Belt"},{"floor":20.0,"key":"MutagenicStrength"},{"floor":21.0,"key":"Bag of Marbles"},{"floor":24.0,"key":"hexamod:BolsterEngine"},{"floor":27.0,"key":"ReplayFunnel"},{"floor":37.0,"key":"Mango"},{"floor":41.0,"key":"Nunchaku"},{"floor":44.0,"key":"Anchor"}],"event_choices":[{"damage_healed":0.0,"max_hp_gain":0.0,"max_hp_loss":0.0,"gold_gain":0.0,"cards_transformed":["champ:Defend"],"event_name":"Transmorgrifier","player_choice":"Transformed","floor":4.0,"gold_loss":0.0,"damage_taken":0.0,"cards_obtained":["champ:Shatter"]},{"damage_healed":25.0,"max_hp_gain":0.0,"max_hp_loss":0.0,"gold_gain":0.0,"event_name":"Mushrooms","player_choice":"Healed and dodged fight","floor":14.0,"gold_loss":0.0,"damage_taken":0.0,"cards_obtained":["Parasite"]},{"cards_removed":["Parasite"],"damage_healed":0,"gold_gain":0,"player_choice":"Purged","damage_taken":0,"max_hp_gain":0,"max_hp_loss":0,"event_name":"Purifier","floor":48,"gold_loss":0}],"is_beta":false,"boss_relics":[{"not_picked":["Cursed Key","Painkiller Herb"],"picked":"champ:ChampionCrownUpgraded"},{"not_picked":["Tiny House","Astrolabe"],"picked":"Fusion Hammer"}],"items_purged_floors":[25,31],"is_endless":false,"potions_floor_spawned":[2,6,11,13,16,21,23,29,33,36,45,47],"ascension_level":2}}