{"host":"sav7uxregyirlf69","time":1608184842,"event":{"mods":["AchievementEnabler","BaseMod","Colored Map","DeckTracker","Keyboard Shortcuts","Minty Spire (QoL Compilation)","READ ME - Guardian Mod","StSLib","SuperFastMode"],"gold_per_floor":[111,161,179,179,179,210,210,210,210,210,210,230,270,69,69,69,69],"floor_reached":16,"playtime":179,"items_purged":["Strike_G"],"score":262,"play_id":"05d8f530-7c05-42cb-8bf6-15accfca5a86","local_time":"20201217150042","is_ascension_mode":true,"campfire_choices":[{"data":"Cloak And Dagger","floor":7,"key":"SMITH"},{"data":"Neutralize","floor":10,"key":"SMITH"},{"data":"Terror","floor":15,"key":"SMITH"}],"circlet_count":0,"master_deck":["AscendersBane","Strike_G","Strike_G","Strike_G","Defend_G","Defend_G","Defend_G","Defend_G","Defend_G","Survivor","Neutralize+1","Skewer","Calculated Gamble","Cloak And Dagger+1","Terror+1","Tactician","Accuracy"],"relics":["Ring of the Snake","NeowsBlessing","Ornamental Fan","Pantograph","Anchor","Golden Idol","CaptainsWheel"],"acts_visited":["Exordium"],"potions_floor_usage":[],"damage_taken":[{"damage":0,"enemies":"Cultist","floor":1,"turns":1},{"damage":0,"enemies":"2 Louse","floor":3,"turns":1},{"damage":0,"enemies":"Gremlin Nob","floor":6,"turns":1},{"damage":0,"enemies":"Jaw Worm","floor":12,"turns":3},{"damage":15,"enemies":"Lagavulin","floor":13,"turns":8},{"damage":59,"enemies":"Slime Boss","floor":16,"turns":11}],"seed_played":"-1254713849497701149","potions_obtained":[{"floor":1,"key":"FearPotion"}],"is_trial":false,"path_per_floor":["M","?","M","?","?","E","R","?","T","R","?","M","E","$","R","B"],"character_chosen":"THE_SILENT","items_purchased":["Tactician","Accuracy"],"campfire_rested":0,"item_purchase_floors":[14,14],"current_hp_per_floor":[59,59,59,52,47,47,47,47,47,47,47,47,32,32,32,0,0],"gold":69,"neow_bonus":"THREE_ENEMY_KILL","is_daily":false,"chose_seed":false,"campfire_upgraded":3,"win_rate":0.0,"timestamp":1608184842,"path_taken":["M","?","?","?","?","E","R","?","T","R","?","M","E","?","R","BOSS"],"items_purchased_type":["Card","Card"],"build_version":"2020-12-13","purchased_purges":1,"victory":false,"max_hp_per_floor":[66,66,66,66,66,66,66,66,66,66,60,60,60,60,60,60,60],"card_choices":[{"not_picked":["Infinite Blades","Sucker Punch"],"picked":"Skewer","floor":1},{"not_picked":["Concentrate","Flying Knee"],"picked":"Calculated Gamble","floor":3},{"not_picked":["Sucker Punch","Poisoned Stab"],"picked":"Cloak And Dagger","floor":6},{"not_picked":["Bouncing Flask","PiercingWail"],"picked":"Terror","floor":12},{"not_picked":["Distraction","Skewer","Bane"],"picked":"SKIP","floor":13}],"player_experience":939434,"relics_obtained":[{"floor":6,"key":"Pantograph"},{"floor":9,"key":"Anchor"},{"floor":13,"key":"CaptainsWheel"}],"event_choices":[{"damage_healed":0,"gold_gain":50,"player_choice":"Pray","damage_taken":0,"max_hp_gain":0,"max_hp_loss":0,"event_name":"Golden Shrine","floor":2,"gold_loss":0},{"cards_removed":["Strike_G"],"damage_healed":0,"gold_gain":0,"player_choice":"Card Removal","damage_taken":7,"max_hp_gain":0,"max_hp_loss":0,"event_name":"Golden Wing","floor":4,"gold_loss":0},{"damage_healed":0,"gold_gain":0,"player_choice":"Success","damage_taken":5,"relics_obtained":["Ornamental Fan"],"max_hp_gain":0,"max_hp_loss":0,"event_name":"Scrap Ooze","floor":5,"gold_loss":0},{"damage_healed":0,"gold_gain":0,"player_choice":"Ignored","damage_taken":0,"max_hp_gain":0,"max_hp_loss":0,"event_name":"Liars Game","floor":8,"gold_loss":0},{"damage_healed":0,"gold_gain":0,"player_choice":"Lose Max HP","damage_taken":0,"relics_obtained":["Golden Idol"],"max_hp_gain":0,"max_hp_loss":6,"event_name":"Golden Idol","floor":11,"gold_loss":0}],"is_beta":false,"boss_relics":[],"items_purged_floors":[14],"is_endless":false,"potions_floor_spawned":[1],"killed_by":"Slime Boss","ascension_level":20}}