{"host":"e4wnmsyty9uvvtwf","time":1608215283,"event":{"mods":["Aspiration","BaseMod","Colored Map","Colored Powertips","Marisa£®ÏF”Í°°ƒß¿Ì…≥£©","Minty Spire (QoL Compilation)","Rare Cards Sparkle","Replay The Spire","StSLib"],"gold_per_floor":[119,119,119,119,4,53,53,72,119,149,149,184,228,241,241,241,241],"floor_reached":16,"playtime":417,"items_purged":[],"score":270,"play_id":"206baee8-3710-4b3e-8609-07c142f5ae90","local_time":"20201217222803","is_ascension_mode":true,"campfire_choices":[{"data":"EarthLightRay","floor":7,"key":"SMITH"},{"data":"MilkyWay","floor":11,"key":"SMITH"},{"floor":15,"key":"REST"}],"circlet_count":0,"master_deck":["AscendersBane","Strike_MRS","Strike_MRS","Strike_MRS","Strike_MRS","Defend_MRS","Defend_MRS","Defend_MRS+1","Defend_MRS","MasterSpark","UpSweep","PowerUp+1","DeepEcoloBomb","WitchOfGreed","EarthLightRay+1","MilkyWay+1","StarBarrage","RefractionSpark","PowerUp+1","Occultation+1"],"relics":["MiniHakkero","NeowsBlessing","Boot","MealTicket","Dream Catcher","Toxic Egg 2"],"acts_visited":["Exordium"],"potions_floor_usage":[10,13],"damage_taken":[{"damage":0,"enemies":"Small Slimes","floor":1,"turns":1},{"damage":0,"enemies":"3 Sentries","floor":6,"turns":2},{"damage":0,"enemies":"Jaw Worm","floor":8,"turns":1},{"damage":8,"enemies":"2 Louse","floor":10,"turns":2},{"damage":7,"enemies":"Blue Slaver","floor":12,"turns":5},{"damage":31,"enemies":"Gremlin Nob","floor":13,"turns":4},{"damage":20,"enemies":"Lots of Slimes","floor":14,"turns":4},{"damage":44,"enemies":"Fading Forest","floor":16,"turns":9}],"seed_played":"8623893182271985028","potions_obtained":[{"floor":6,"key":"Dexterity Potion"},{"floor":6,"key":"Toxic Potion"},{"floor":10,"key":"AttackPotion"},{"floor":14,"key":"Dexterity Potion"}],"is_trial":false,"path_per_floor":["M","?","?","?","$","E","R","M","T","M","R","M","E","M","R","B"],"character_chosen":"MARISA","items_purchased":["DeepEcoloBomb","WitchOfGreed"],"campfire_rested":1,"item_purchase_floors":[5,5],"current_hp_per_floor":[63,63,58,58,58,58,58,58,58,50,50,49,24,10,31,1,1],"gold":241,"neow_bonus":"THREE_ENEMY_KILL","is_daily":false,"chose_seed":false,"campfire_upgraded":2,"win_rate":0.0,"timestamp":1608215283,"path_taken":["M","?","?","?","?","E","R","M","T","M","R","M","E","M","R","BOSS"],"items_purchased_type":["Card","Card"],"build_version":"2020-12-13","purchased_purges":0,"victory":false,"max_hp_per_floor":[70,70,70,70,70,70,70,70,70,70,70,70,70,70,70,70,70],"card_choices":[{"not_picked":["SporeBomb","PulseMagic"],"picked":"PowerUp","floor":1},{"not_picked":["EnergyRecoil","GalacticHalo"],"picked":"EarthLightRay","floor":6},{"not_picked":["LuminesStrike","AsteroidBelt"],"picked":"MilkyWay","floor":8},{"not_picked":["MilkyWay","SporeBomb","NonDirectionalLaser"],"picked":"SKIP","floor":10},{"not_picked":["NonDirectionalLaser","EventHorizon"],"picked":"StarBarrage","floor":12},{"not_picked":["MillisecondPulsars","ChargingUp+1"],"picked":"RefractionSpark","floor":13},{"not_picked":["Orbital+1","MilkyWay+1"],"picked":"PowerUp+1","floor":14},{"not_picked":["NonDirectionalLaser","ShootTheMoon"],"picked":"Occultation+1","floor":15}],"player_experience":620163,"relics_obtained":[{"floor":6,"key":"MealTicket"},{"floor":9,"key":"Dream Catcher"},{"floor":13,"key":"Toxic Egg 2"}],"event_choices":[{"damage_healed":0,"gold_gain":0,"player_choice":"Grow","damage_taken":0,"max_hp_gain":0,"max_hp_loss":0,"event_name":"Living Wall","floor":2,"gold_loss":0,"cards_upgraded":["PowerUp"]},{"damage_healed":0,"gold_gain":0,"player_choice":"Success","damage_taken":5,"relics_obtained":["Boot"],"max_hp_gain":0,"max_hp_loss":0,"event_name":"Scrap Ooze","floor":3,"gold_loss":0}],"is_beta":false,"boss_relics":[],"items_purged_floors":[],"is_endless":false,"potions_floor_spawned":[6,10,14],"killed_by":"Fading Forest","ascension_level":20}}