{"host":"2yqfi47fogfu1ic4","time":1608225088,"event":{"mods":["AchievementEnabler","BaseMod","Colored Map","Colored Powertips","Highlight Path","Minty Spire (QoL Compilation)","Permanent Neow","Relic Stats","StSLib"],"gold_per_floor":[115,131,206,9,26,26,54,54,54,70,70,105,105,119,119,192,192,241,191,239,283,76,76,135,135,135,135,178,221,62,126,126,230,230,270,319,362,406,454,514,228,273,297,297,356,356,399,449,449,479,509,509,509,47,75,75],"floor_reached":57,"playtime":7972,"items_purged":["Strike_P","Defend_P","Defend_P","Wish+1"],"score":3807,"play_id":"c07f3ebc-cd42-463e-8994-efba74de4bca","local_time":"20201217181128","is_ascension_mode":true,"campfire_choices":[{"data":"Fasting2","floor":6.0,"key":"SMITH"},{"data":"Eruption","floor":8.0,"key":"SMITH"},{"data":"Devotion","floor":13.0,"key":"SMITH"},{"data":"EmptyFist","floor":15.0,"key":"SMITH"},{"data":"Fasting2","floor":23.0,"key":"SMITH"},{"data":"MentalFortress","floor":25.0,"key":"SMITH"},{"data":"MentalFortress","floor":27.0,"key":"SMITH"},{"floor":32.0,"key":"DIG"},{"data":"TalkToTheHand","floor":44.0,"key":"SMITH"},{"floor":46.0,"key":"RECALL"},{"floor":49.0,"key":"DIG"},{"floor":53,"key":"DIG"}],"circlet_count":0,"master_deck":["AscendersBane","Defend_P","Defend_P","Eruption+1","Vigilance","Weave","EmptyFist+1","Fasting2+1","FearNoEvil","CutThroughFate","JustLucky","Devotion+1","JustLucky","Devotion","Indignation+1","Meditate+1","MentalFortress+1","Fasting2+1","FearNoEvil","MentalFortress+1","JustLucky","Tantrum","EmptyBody","EmptyFist","Prostrate","Prostrate","Adaptation+1","TalkToTheHand+1","ThirdEye+1","Prostrate+1","Scrawl"],"relics":["Runic Pyramid","OrangePellets","FossilizedHelix","Thread and Needle","HornCleat","Astrolabe","Shovel","Pantograph","Matryoshka","Vajra","SlaversCollar","Anchor","ClockworkSouvenir","MealTicket","Centennial Puzzle","Nunchaku","White Beast Statue","Strange Spoon","Strawberry"],"acts_visited":["Exordium","TheCity","TheBeyond","TheEnding"],"potions_floor_usage":[56,56],"damage_taken":[{"damage":11.0,"enemies":"Small Slimes","floor":1.0,"turns":4.0},{"damage":1.0,"enemies":"2 Louse","floor":2.0,"turns":2.0},{"damage":0.0,"enemies":"Cultist","floor":5.0,"turns":4.0},{"damage":16.0,"enemies":"3 Sentries","floor":7.0,"turns":7.0},{"damage":0.0,"enemies":"Gremlin Gang","floor":10.0,"turns":4.0},{"damage":0.0,"enemies":"Lagavulin","floor":12.0,"turns":4.0},{"damage":0.0,"enemies":"2 Fungi Beasts","floor":14.0,"turns":3.0},{"damage":0.0,"enemies":"The Guardian","floor":16.0,"turns":6.0},{"damage":0.0,"enemies":"Spheric Guardian","floor":18.0,"turns":4.0},{"damage":0.0,"enemies":"2 Thieves","floor":20.0,"turns":4.0},{"damage":0.0,"enemies":"Snake Plant","floor":21.0,"turns":4.0},{"damage":6.0,"enemies":"Gremlin Leader","floor":24.0,"turns":6.0},{"damage":0.0,"enemies":"Shelled Parasite and Fungi","floor":28.0,"turns":5.0},{"damage":9.0,"enemies":"Centurion and Healer","floor":29.0,"turns":7.0},{"damage":0.0,"enemies":"Book of Stabbing","floor":31.0,"turns":4.0},{"damage":0.0,"enemies":"Automaton","floor":33.0,"turns":8.0},{"damage":0.0,"enemies":"Orb Walker","floor":35.0,"turns":5.0},{"damage":0.0,"enemies":"3 Darklings","floor":36.0,"turns":5.0},{"damage":0.0,"enemies":"Jaw Worm Horde","floor":37.0,"turns":5.0},{"damage":0.0,"enemies":"Writhing Mass","floor":38.0,"turns":5.0},{"damage":0.0,"enemies":"Maw","floor":39.0,"turns":6.0},{"damage":0.0,"enemies":"Giant Head","floor":40.0,"turns":5.0},{"damage":0.0,"enemies":"Sphere and 2 Shapes","floor":42.0,"turns":6.0},{"damage":7.0,"enemies":"Reptomancer","floor":45.0,"turns":6.0},{"damage":9.0,"enemies":"Writhing Mass","floor":47.0,"turns":6.0},{"damage":0.0,"enemies":"3 Darklings","floor":48.0,"turns":5.0},{"damage":0.0,"enemies":"Donu and Deca","floor":50.0,"turns":6.0},{"damage":0,"enemies":"Time Eater","floor":51,"turns":5},{"damage":10,"enemies":"Shield and Spear","floor":55,"turns":5},{"damage":0,"enemies":"The Heart","floor":56,"turns":8}],"seed_played":"-2921069032509140668","potions_obtained":[{"floor":5.0,"key":"SmokeBomb"},{"floor":7.0,"key":"EssenceOfSteel"},{"floor":14.0,"key":"SneckoOil"},{"floor":16.0,"key":"Fire Potion"},{"floor":20.0,"key":"AttackPotion"},{"floor":29.0,"key":"ColorlessPotion"},{"floor":31.0,"key":"Ambrosia"},{"floor":35.0,"key":"DuplicationPotion"}],"is_trial":false,"path_per_floor":["M","M","?","$","M","R","E","R","T","M","?","E","R","M","R","B",null,"M","?","M","M","$","R","E","R","T","R","M","M","$","E","R","B",null,"M","M","M","M","M","E","$","M","T","R","E","R","M","M","R","B","B",null,"R","$","E","B",null],"character_chosen":"WATCHER","items_purchased":["OrangePellets","Fasting2","MentalFortress","JustLucky","Prostrate","ClockworkSouvenir","SpeedPotion","Scrawl","Strange Spoon"],"campfire_rested":0,"item_purchase_floors":[4,4,22,22,30,41,54,54,54],"current_hp_per_floor":[50,49,38,38,38,38,22,22,22,22,22,22,22,22,22,22,57,57,57,57,57,57,57,51,51,51,51,51,42,42,42,42,67,68,68,68,68,68,68,68,68,68,68,68,61,61,52,52,52,68,68,68,68,68,65,75],"gold":75,"neow_bonus":"BOSS_RELIC","is_daily":false,"chose_seed":false,"campfire_upgraded":8,"win_rate":0.0,"timestamp":1608225088,"path_taken":["M","M","?","$","M","R","E","R","T","M","?","E","R","M","R","BOSS","M","?","?","M","$","R","E","R","T","R","M","M","$","E","R","BOSS","M","M","M","?","M","E","$","M","T","R","E","R","M","M","R","BOSS","BOSS","R","$","E","BOSS"],"items_purchased_type":["Relic","Card","Card","Card","Card","Relic","Potion","Card","Relic"],"build_version":"2020-12-13","purchased_purges":4,"victory":true,"max_hp_per_floor":[68,68,68,68,68,68,68,68,68,68,68,68,68,68,68,68,68,68,68,68,68,68,68,68,68,68,68,68,68,68,68,68,68,68,68,68,68,68,68,68,68,68,68,68,68,68,68,68,68,68,68,68,68,68,75,75],"relic_stats":{"OrangePellets":[51],"Strange Spoon":[2],"Centennial Puzzle":[6],"Nunchaku":[6],"Shovel":3,"counters":[30,154],"Astrolabe":["Indignation","Meditate","Wish"],"Pantograph":51,"MealTicket":0,"obtain_stats":[{"Astrolabe":17,"Vajra":32,"Thread and Needle":9,"White Beast Statue":53,"ClockworkSouvenir":41,"OrangePellets":4,"SlaversCollar":34,"Strange Spoon":54,"Anchor":40,"Centennial Puzzle":45,"Nunchaku":49,"HornCleat":12,"Shovel":24,"Matryoshka":31,"Pantograph":26,"Strawberry":55,"MealTicket":43,"PureWater":0,"FossilizedHelix":7,"Runic Pyramid":0},{"Astrolabe":8,"Vajra":15,"Thread and Needle":4,"White Beast Statue":28,"ClockworkSouvenir":22,"OrangePellets":2,"SlaversCollar":16,"Strange Spoon":28,"Anchor":22,"Centennial Puzzle":24,"Nunchaku":26,"HornCleat":6,"Shovel":12,"Matryoshka":15,"Pantograph":12,"Strawberry":29,"MealTicket":23,"PureWater":0,"FossilizedHelix":4,"Runic Pyramid":0},{"Astrolabe":34,"Vajra":68,"Thread and Needle":17,"White Beast Statue":141,"ClockworkSouvenir":107,"OrangePellets":6,"SlaversCollar":76,"Strange Spoon":141,"Anchor":107,"Centennial Puzzle":119,"Nunchaku":130,"HornCleat":25,"Shovel":52,"Matryoshka":68,"Pantograph":52,"Strawberry":146,"MealTicket":113,"PureWater":0,"FossilizedHelix":17,"Runic Pyramid":0}]},"card_choices":[{"not_picked":["Crescendo","ClearTheMind"],"picked":"Weave","floor":1.0},{"not_picked":["ClearTheMind","Weave"],"picked":"EmptyFist","floor":2.0},{"not_picked":["CutThroughFate","EmptyBody"],"picked":"FearNoEvil","floor":5.0},{"not_picked":["Collect","ClearTheMind"],"picked":"CutThroughFate","floor":7.0},{"not_picked":["CutThroughFate","FollowUp"],"picked":"JustLucky","floor":10.0},{"not_picked":["SignatureMove","ClearTheMind"],"picked":"JustLucky","floor":12.0},{"not_picked":["ClearTheMind","CrushJoints","FlyingSleeves"],"picked":"SKIP","floor":14.0},{"not_picked":["Alpha","DevaForm"],"picked":"Devotion","floor":16.0},{"not_picked":["BowlingBash","Prostrate+1"],"picked":"MentalFortress","floor":18.0},{"not_picked":["Vengeance+1","SashWhip"],"picked":"Fasting2","floor":20.0},{"not_picked":["Pray","CutThroughFate"],"picked":"FearNoEvil","floor":21.0},{"not_picked":["WindmillStrike+1","Adaptation"],"picked":"Tantrum","floor":24.0},{"not_picked":["JustLucky","Study"],"picked":"EmptyBody","floor":28.0},{"not_picked":["CrushJoints","PathToVictory"],"picked":"EmptyFist","floor":29.0},{"not_picked":["Swivel","WindmillStrike","Meditate"],"picked":"SKIP","floor":31.0},{"not_picked":["FlyingSleeves","Protect","FollowUp"],"picked":"SKIP","floor":35.0},{"not_picked":["Evaluate","Protect+1"],"picked":"Prostrate","floor":36.0},{"not_picked":["Perseverance","EmptyBody"],"picked":"Adaptation+1","floor":37.0},{"not_picked":["FearNoEvil","Crescendo","Protect"],"picked":"SKIP","floor":38.0},{"not_picked":["SashWhip","CutThroughFate","FearNoEvil"],"picked":"SKIP","floor":39.0},{"not_picked":["ClearTheMind","CutThroughFate"],"picked":"TalkToTheHand","floor":40.0},{"not_picked":["Nirvana","JustLucky"],"picked":"ThirdEye+1","floor":42.0},{"not_picked":["Alpha","CarveReality","Vengeance"],"picked":"SKIP","floor":45.0},{"not_picked":["Fasting2","CrushJoints","FlyingSleeves"],"picked":"SKIP","floor":47.0},{"not_picked":["Consecrate","WheelKick"],"picked":"Prostrate+1","floor":48.0},{"not_picked":["Consecrate","CrushJoints","JustLucky"],"picked":"SKIP","floor":55}],"player_experience":1793976,"relics_obtained":[{"floor":7.0,"key":"FossilizedHelix"},{"floor":9.0,"key":"Thread and Needle"},{"floor":12.0,"key":"HornCleat"},{"floor":24.0,"key":"Shovel"},{"floor":26.0,"key":"Pantograph"},{"floor":31.0,"key":"Matryoshka"},{"floor":32.0,"key":"Vajra"},{"floor":40.0,"key":"Anchor"},{"floor":43.0,"key":"MealTicket"},{"floor":45.0,"key":"Centennial Puzzle"},{"floor":49.0,"key":"Nunchaku"},{"floor":53,"key":"White Beast Statue"},{"floor":55,"key":"Strawberry"}],"event_choices":[{"damage_healed":0.0,"max_hp_gain":0.0,"max_hp_loss":0.0,"gold_gain":75.0,"event_name":"World of Goop","player_choice":"Gather Gold","floor":3.0,"gold_loss":0.0,"damage_taken":11.0},{"damage_healed":0.0,"max_hp_gain":0.0,"max_hp_loss":0.0,"gold_gain":0.0,"event_name":"Match and Keep!","player_choice":"1 cards matched","floor":11.0,"gold_loss":0.0,"damage_taken":0.0,"cards_obtained":["Devotion"]},{"damage_healed":0.0,"max_hp_gain":0.0,"max_hp_loss":0.0,"gold_gain":0.0,"event_name":"The Joust","player_choice":"Bet on Owner","floor":19.0,"gold_loss":50.0,"damage_taken":0.0}],"is_beta":false,"boss_relics":[{"not_picked":["Velvet Choker","SacredBark"],"picked":"Astrolabe"},{"not_picked":["Empty Cage","Black Star"],"picked":"SlaversCollar"}],"items_purged_floors":[22,30,41,54],"is_endless":false,"potions_floor_spawned":[5,7,14,16,20,29,31,35,37,42,45,47,55],"ascension_level":20}}