{"host":"c7gmdtdax4jnur3k","time":1608178795,"event":{"mods":["BaseMod","Colored Map","Downfall","Minty Spire (QoL Compilation)","Replay The Spire","Shop Mod","StSLib","The Cursed","The Runesmith"],"gold_per_floor":[111,127,139,139,139,70,96,129,142,172,195,222,222,242,254,271,271,367,367,377,396,412,423,433,459,459,459,459,489,499,499,499,533,533,533,533],"floor_reached":35,"playtime":3142,"items_purged":[],"score":366,"play_id":"0bcdfb8e-e07a-4ec3-9256-9eb0bcd8f52b","local_time":"20201217001955","is_ascension_mode":false,"campfire_choices":[{"floor":17,"key":"RECALL"},{"floor":32,"key":"REST"},{"floor":34,"key":"REST"}],"circlet_count":0,"master_deck":["TheCursedMod:Strike_TheCursed+1","TheCursedMod:Strike_TheCursed+1","TheCursedMod:Strike_TheCursed+1","TheCursedMod:Strike_TheCursed+1","TheCursedMod:Defend_TheCursed+1","TheCursedMod:Defend_TheCursed+1","TheCursedMod:Defend_TheCursed+1","TheCursedMod:Defend_TheCursed+1","TheCursedMod:CursedWand","TheCursedMod:CleanUpWorkshop","TheCursedMod:Dregs","TheCursedMod:FuryStrike","TheCursedMod:VitalStrike","TheCursedMod:CursedShiv","TheCursedMod:SpitefulStrike","TheCursedMod:VitalStrike","TheCursedMod:Hemoplague","TheCursedMod:CursedAmulet","TheCursedMod:WearCloak","TheCursedMod:NeowsMight","TheCursedMod:CursedBlade","TheCursedMod:TacticalStrike","TheCursedMod:VoidForm","TheCursedMod:CursedStaff","TheCursedMod:CursedSpellbook+1","TheCursedMod:CursedStaff+1","TheCursedMod:RavingStaff+1","TheCursedMod:CursedStaff","TheCursedMod:ManaBullet","Sickly","TheCursedMod:BloodBarrier","TheCursedMod:LuckyCharm","TheCursedMod:Obscuration","TheCursedMod:HellsGateOpen","TheCursedMod:CursedMace+1"],"relics":["TheCursedMod:BlackMagic101","NeowsBlessing","Letter Opener","Dream Catcher","Blood Vial","TheCursedMod:Tack","Cursed Key","Smiling Mask","Juzu Bracelet","Toy Ornithopter","Bag of Preparation"],"acts_visited":["Exordium","TheCity"],"potions_floor_usage":[18,18,18,18,18,25,29,30,33],"damage_taken":[{"damage":0,"enemies":"Cultist","floor":1,"turns":1},{"damage":0,"enemies":"2 Louse","floor":2,"turns":1},{"damage":0,"enemies":"Small Slimes","floor":3,"turns":1},{"damage":13,"enemies":"Gremlin Nob","floor":8,"turns":4},{"damage":0,"enemies":"2 Fungi Beasts","floor":9,"turns":2},{"damage":9,"enemies":"3 Sentries","floor":10,"turns":6},{"damage":19,"enemies":"Gremlin Nob","floor":12,"turns":4},{"damage":0,"enemies":"Looter","floor":14,"turns":2},{"damage":5,"enemies":"Red Slaver","floor":15,"turns":2},{"damage":0,"enemies":"3 Louse","floor":16,"turns":1},{"damage":31,"enemies":"The Guardian","floor":18,"turns":7},{"damage":20,"enemies":"2 Thieves","floor":20,"turns":3},{"damage":0,"enemies":"Shell Parasite","floor":21,"turns":2},{"damage":0,"enemies":"Sentry and Sphere","floor":22,"turns":3},{"damage":18,"enemies":"Centurion and Healer","floor":23,"turns":3},{"damage":0,"enemies":"Snecko","floor":24,"turns":2},{"damage":8,"enemies":"Replay:Snechameleon","floor":25,"turns":4},{"damage":25,"enemies":"Gremlin Leader","floor":29,"turns":3},{"damage":14,"enemies":"Snake Plant","floor":30,"turns":3},{"damage":6,"enemies":"Replay:Snechameleon","floor":33,"turns":4},{"damage":81,"enemies":"Collector","floor":35,"turns":6}],"seed_played":"-3341431903671454590","potions_obtained":[{"floor":2,"key":"DuplicationPotion"},{"floor":3,"key":"DuplicationPotion"},{"floor":12,"key":"EntropicBrew"},{"floor":20,"key":"LiquidMemories"},{"floor":22,"key":"LifebloodPotion"},{"floor":29,"key":"SkillPotion"}],"is_trial":false,"path_per_floor":["M","M","M","PTL","PTL","$","T","E","M","E","T","E","?","M","M","M","R_BF","B",null,"M","M","M","M","M","E","?","?","T","E","M","?","R","E","R","B"],"character_chosen":"THE_CURSED","items_purchased":["TheCursedMod:SpitefulStrike","TheCursedMod:VitalStrike"],"campfire_rested":2,"item_purchase_floors":[6,6],"current_hp_per_floor":[75,75,75,75,75,75,75,62,62,53,53,36,75,75,70,72,72,43,75,55,57,59,43,45,39,64,64,64,41,34,34,56,57,75,0,0],"gold":533,"neow_bonus":"THREE_ENEMY_KILL","is_daily":false,"chose_seed":false,"campfire_upgraded":0,"win_rate":0.0,"timestamp":1608178795,"path_taken":["M","M","M","PTL","PTL","?","?","E","M","E","T","E","?","?","M","M","R_BF","BOSS","M","M","M","M","M","E","?","?","T","E","M","?","R","E","R","BOSS"],"items_purchased_type":["Card","Card"],"build_version":"2020-12-13","purchased_purges":0,"victory":false,"max_hp_per_floor":[75,75,75,75,75,75,75,75,75,75,75,75,75,75,75,75,75,75,75,75,75,75,75,75,75,75,75,75,75,75,75,75,75,75,75,75],"card_choices":[{"not_picked":["TheCursedMod:CircleOfFlame","TheCursedMod:SmokeScreen"],"picked":"TheCursedMod:FuryStrike","floor":1},{"not_picked":["TheCursedMod:RavingStaff","TheCursedMod:FleshFromBone"],"picked":"TheCursedMod:VitalStrike","floor":2},{"not_picked":["TheCursedMod:CircleOfFocus","TheCursedMod:DoubleShield"],"picked":"TheCursedMod:CursedShiv","floor":3},{"not_picked":["TheCursedMod:RapidMovement","TheCursedMod:VitalStrike"],"picked":"TheCursedMod:Hemoplague","floor":8},{"not_picked":["TheCursedMod:SurpriseAttack","TheCursedMod:SaltUponWound"],"picked":"TheCursedMod:CursedAmulet","floor":9},{"not_picked":["TheCursedMod:BloodBarrier","TheCursedMod:CursedAmulet"],"picked":"TheCursedMod:WearCloak","floor":10},{"not_picked":["TheCursedMod:CursedShiv","TheCursedMod:Torture"],"picked":"TheCursedMod:CircleOfBlood","floor":12},{"not_picked":["TheCursedMod:Grudge","TheCursedMod:Torture"],"picked":"TheCursedMod:NeowsMight","floor":14},{"not_picked":["TheCursedMod:Stigma","TheCursedMod:Stretching"],"picked":"TheCursedMod:CursedBlade","floor":15},{"not_picked":["TheCursedMod:CursedMace","TheCursedMod:Hemoplague"],"picked":"TheCursedMod:TacticalStrike","floor":16},{"not_picked":["TheCursedMod:CollectTribute","TheCursedMod:OutForBlood"],"picked":"TheCursedMod:VoidForm","floor":18},{"not_picked":["TheCursedMod:CursedMace+1","TheCursedMod:TacticalStrike"],"picked":"TheCursedMod:CursedStaff","floor":20},{"not_picked":["TheCursedMod:WearCloak","TheCursedMod:Torture"],"picked":"TheCursedMod:CursedSpellbook+1","floor":21},{"not_picked":["TheCursedMod:SpitefulStrike","TheCursedMod:CircleOfFlame"],"picked":"TheCursedMod:CursedStaff+1","floor":22},{"not_picked":["TheCursedMod:CursedBlade","TheCursedMod:SpitefulPray"],"picked":"TheCursedMod:RavingStaff+1","floor":23},{"not_picked":["TheCursedMod:ForbiddenAlchemy","TheCursedMod:DoubleShield"],"picked":"TheCursedMod:CursedStaff","floor":24},{"not_picked":["TheCursedMod:RavingStaff","TheCursedMod:CircleOfWindfury"],"picked":"TheCursedMod:ManaBullet","floor":25},{"not_picked":["TheCursedMod:Torture","TheCursedMod:SurpriseAttack+1"],"picked":"TheCursedMod:BloodBarrier","floor":29},{"not_picked":["TheCursedMod:Mangle","TheCursedMod:Stretching"],"picked":"TheCursedMod:LuckyCharm","floor":30},{"not_picked":["TheCursedMod:RapidMovement","TheCursedMod:Torture"],"picked":"TheCursedMod:Obscuration","floor":32},{"not_picked":["TheCursedMod:DemonicPact","TheCursedMod:SpitefulStrike"],"picked":"TheCursedMod:HellsGateOpen","floor":33},{"not_picked":["TheCursedMod:TacticalStrike+1","TheCursedMod:Stigma"],"picked":"TheCursedMod:CursedMace+1","floor":34}],"player_experience":711181,"relics_obtained":[{"floor":8,"key":"Letter Opener"},{"floor":10,"key":"Dream Catcher"},{"floor":11,"key":"Blood Vial"},{"floor":12,"key":"TheCursedMod:Tack"},{"floor":25,"key":"Smiling Mask"},{"floor":28,"key":"Juzu Bracelet"},{"floor":29,"key":"Toy Ornithopter"},{"floor":33,"key":"Bag of Preparation"}],"event_choices":[{"cards_removed":["TheCursedMod:CircleOfBlood"],"damage_healed":39,"gold_gain":0,"player_choice":"Offered Uncommon","damage_taken":0,"max_hp_gain":0,"max_hp_loss":0,"event_name":"Bonfire Elementals","floor":13,"gold_loss":0},{"damage_healed":25,"gold_gain":0,"player_choice":"Heal","damage_taken":0,"max_hp_gain":0,"max_hp_loss":0,"event_name":"The Library","floor":26,"gold_loss":0},{"damage_healed":0,"gold_gain":0,"player_choice":"Simplicity","damage_taken":0,"max_hp_gain":0,"max_hp_loss":0,"event_name":"Back to Basics","floor":27,"gold_loss":0,"cards_upgraded":["TheCursedMod:Strike_TheCursed","TheCursedMod:Strike_TheCursed","TheCursedMod:Strike_TheCursed","TheCursedMod:Strike_TheCursed","TheCursedMod:Defend_TheCursed","TheCursedMod:Defend_TheCursed","TheCursedMod:Defend_TheCursed","TheCursedMod:Defend_TheCursed"]},{"damage_healed":0,"gold_gain":0,"player_choice":"Ignored","damage_taken":0,"max_hp_gain":0,"max_hp_loss":0,"event_name":"Ghosts","floor":31,"gold_loss":0}],"is_beta":false,"boss_relics":[{"not_picked":["Ring of Chaos","Empty Cage"],"picked":"Cursed Key"}],"items_purged_floors":[],"is_endless":false,"potions_floor_spawned":[2,3,12,16,20,22,23,29],"killed_by":"Collector","ascension_level":0}}