{"host":"h7xtspmc2x3i8s2i","time":1608244099,"event":{"mods":["2.2 Compatiblity","AchievementEnabler","Act Like it!","AlwaysNeverKeys","Aspiration","Astrologer","BaseMod","Beaked The Cultist","Better Match","Better Sensory Stone","Better Third Choice","Better Vampires","BetterRewards","Challenge The Spire","Colored Map","Colored Powertips","Colorless Booster Pack","Curses Come First","Defuse TimeMaze Blight","Dio Mod","Downfall","Duelist Mod","EXCEPTION","Energized Spire","Friendly Minions","GifTheSpireLib","Gold Saver","Gremlin Skip","Halation","Hubris","Jedi Mod","Key Reminder","Marked Mod","Minty Spire (QoL Compilation)","Pale of the Ancients","Permanent Neow","Random Character Button","Random Character Mod","Rare Cards Sparkle","Relic Filter","Relic Stats","Replay The Spire","SacredBarkPlus","Shop Mod","Somnambulant","Spikes Relics","Spire Birthday Party","StSLib","Steal the Spire","Stuff the Spire","SuperFastMode","The Awakened One except there are too many feathers","The Blue Laboratory","The Cursed","The Death Knight","The Dragon Tamer","The Edgeheg","The Hierophant","The Problem Sleuth","The Wild Card","Transform Curses","Unceasing Turn Reminder","everything is the same but u backflip on backflip","slay the spire mod where everything is the same but ironclad has a cowboy hat","vexMod"],"gold_per_floor":[792,767,692,722,822,848,848,875,888,813,168,179,70,70,82,184,184,184,13,49,49,67,67,94,94,124,160,21,42,42,42,62,176,226,226,243,31,47,47,47,47,47,80,5,28,49,49,74,92,117,117,162,82,82,121],"floor_reached":56,"playtime":2944,"items_purged":["Guardian:Strike_Guardian"],"score":1301,"play_id":"ddc44141-f099-4db8-9f70-12736c2542fe","local_time":"20201217172819","is_ascension_mode":false,"campfire_choices":[{"floor":1,"key":"RECALL"},{"data":"Guardian:CurlUp","floor":3,"key":"SMITH"},{"floor":10,"key":"REST"},{"data":"Guardian:Emergency","floor":18,"key":"SMITH"},{"data":"Guardian:DecasProtection","floor":23,"key":"SMITH"},{"data":"Guardian:Strike_Guardian","floor":25,"key":"SMITH"},{"data":"Guardian:GemFinder","floor":35,"key":"SMITH"},{"data":"DeathKnight:BladedArmor","floor":39,"key":"SMITH"},{"data":"Guardian:SpikerProtocol","floor":42,"key":"SMITH"},{"data":"expansioncontent:DecasProtection","floor":44,"key":"SMITH"},{"data":"Guardian:Repulse","floor":54,"key":"SMITH"}],"circlet_count":0,"master_deck":["Guardian:Strike_Guardian","Guardian:Strike_Guardian+1","Guardian:Strike_Guardian","Guardian:Defend_Guardian","Guardian:Defend_Guardian+1","Guardian:Defend_Guardian+1","Guardian:Defend_Guardian","Guardian:CurlUp+1","Guardian:TwinSlam+1","Guardian:SphericShield","Guardian:Emergency+1","Guardian:PiercingHide+1","Guardian:SentryBeam+1","expansioncontent:DonusPower+1","Guardian:BaubleBeam+1","DeathKnight:MutagenicPlague+1","Guardian:DecasProtection+1","DeathKnight:BladedArmor+1","Guardian:PrismaticBeam+1","Guardian:DonusPower+1","Guardian:SpikerProtocol+1","DeathKnight:Lichborne","Guardian:GemFinder+1","DeathKnight:DeathRune","Guardian:SentryBeam+1","expansioncontent:DecasProtection+1","Guardian:DonusPower","Guardian:PrismaticBeam","DeathKnight:FoulBulwark","Guardian:ChargeUp+1","Guardian:Emergency","Guardian:ChargeCore+1","Guardian:Suspension","Guardian:ChargeCore+1","Guardian:Repulse+1"],"relics":["Guardian:ModeShifter","downfall:HeartBlessingRed","Pet Ghost","StuffTheSpire:SapphireSignet","jedi:HeartOfTheCards","Replay:Bottled Steam","downfall:HeartBlessingGreen","halation:LettersToHer","hubris:DisguiseKit","MerchantsRug","vexMod:ImprovementManual","halation:IllGainedPizza","vexMod:Dragonfruit","War Paint","halation:SelfBoilingWater","Replay:Mystery Machine","jedi:arcanewood","aspiration:RitualStick","Tiny House","halation:EternalFortune","downfall:HeartBlessingBlue","Bottled Tornado"],"acts_visited":["Exordium","TheCity","TheBeyond","TheEnding"],"potions_floor_usage":[8,19,27,35,46,46,49,49,52,55],"damage_taken":[{"damage":5,"enemies":"Replay:BlueRogue","floor":4,"turns":7},{"damage":21,"enemies":"3 Sentries","floor":6,"turns":13},{"damage":17,"enemies":"Gremlin Nob","floor":8,"turns":5},{"damage":0,"enemies":"Small Slimes","floor":9,"turns":3},{"damage":0,"enemies":"downfall:FleeingMerchant","floor":11,"turns":4},{"damage":0,"enemies":"Cultist","floor":12,"turns":3},{"damage":0,"enemies":"downfall:FleeingMerchant","floor":13,"turns":4},{"damage":0,"enemies":"Jaw Worm","floor":15,"turns":2},{"damage":0,"enemies":"downfall:Watcher","floor":16,"turns":9},{"damage":0,"enemies":"downfall:FleeingMerchant","floor":19,"turns":4},{"damage":0,"enemies":"theDuelist:KaibaA2","floor":20,"turns":4},{"damage":13,"enemies":"Spheric Guardian","floor":22,"turns":4},{"damage":2,"enemies":"3 Byrds","floor":26,"turns":4},{"damage":1,"enemies":"Slavers","floor":27,"turns":4},{"damage":0,"enemies":"downfall:FleeingMerchant","floor":28,"turns":2},{"damage":11,"enemies":"Snake Plant","floor":29,"turns":2},{"damage":0,"enemies":"Cultist and Chosen","floor":32,"turns":4},{"damage":24,"enemies":"downfall:Silent","floor":33,"turns":5},{"damage":0,"enemies":"3 Shapes","floor":36,"turns":1},{"damage":0,"enemies":"Orb Walker","floor":38,"turns":2},{"damage":0,"enemies":"Sphere and 2 Shapes","floor":45,"turns":4},{"damage":10,"enemies":"4 Shapes","floor":46,"turns":5},{"damage":1,"enemies":"3 Darklings","floor":48,"turns":5},{"damage":0,"enemies":"Sphere and 2 Shapes","floor":49,"turns":4},{"damage":35,"enemies":"downfall:Ironclad","floor":50,"turns":10},{"damage":5,"enemies":"downfall:CharBossMerchant","floor":52,"turns":6},{"damage":55,"enemies":"downfall:NeowBoss","floor":55,"turns":32}],"seed_played":"-6288291979913891057","potions_obtained":[{"floor":6,"key":"blueLaboratory:BubblePotion"},{"floor":8,"key":"blueLaboratory:NullPotion"},{"floor":16,"key":"Explosive Potion"},{"floor":20,"key":"jedi:mysterypotion"},{"floor":22,"key":"DistilledChaos"},{"floor":29,"key":"jedi:mysterypotion"},{"floor":36,"key":"PowerPotion"},{"floor":45,"key":"blueLaboratory:FrostheartPotion"},{"floor":46,"key":"Swift Potion"},{"floor":48,"key":"Fire Potion"},{"floor":52,"key":"blueLaboratory:FrostheartPotion"}],"is_trial":false,"path_per_floor":["R_BF","?","R","E","?","E","T","E","M","R","$","M","$","?","M","B",null,"R","$","E","?","M","R","T","R","M","E","$","M","?","?","M","B",null,"R","M","?","M","R","?","T","R","$","R","M","M","$","M","M","B",null,"E","$","R","B",null],"character_chosen":"GUARDIAN","items_purchased":["Guardian:Gem_Fragmented","halation:LettersToHer","hubris:DisguiseKit","MerchantsRug","expansioncontent:DonusPower","halation:IllGainedPizza","Guardian:SpikerProtocol","Replay:Mystery Machine","jedi:arcanewood","SkillPotion","expansioncontent:DecasProtection","Guardian:DonusPower","Guardian:PrismaticBeam","Guardian:Repulse"],"campfire_rested":1,"item_purchase_floors":[11,11,11,11,13,19,28,28,28,28,37,37,37,53],"current_hp_per_floor":[80,80,80,75,75,54,54,37,37,61,61,61,61,66,66,66,85,85,85,90,90,78,78,78,78,76,75,75,64,64,46,46,22,95,95,95,95,95,95,98,98,98,98,108,108,98,98,97,99,64,108,103,103,103,50],"gold":121,"neow_bonus":"ONE_RANDOM_RARE_CARD","is_daily":false,"chose_seed":false,"campfire_upgraded":9,"win_rate":0.0,"timestamp":1608244099,"path_taken":["R_BF","?","R","E","?","E","T","E","M","R","$","?","?","?","M","BOSS","R","$","E","?","M","R","T","R","M","E","?","?","?","?","M","BOSS","R","M","?","?","R","?","T","R","?","R","M","M","$","M","M","BOSS","E","$","R","BOSS"],"items_purchased_type":["Card","Relic","Relic","Relic","Card","Relic","Card","Relic","Relic","Potion","Card","Card","Card","Card"],"build_version":"2020-12-13","purchased_purges":1,"victory":true,"max_hp_per_floor":[80,80,80,80,80,80,80,80,80,80,80,80,80,85,85,85,85,85,85,90,90,90,90,90,90,90,90,90,90,90,90,90,90,95,95,95,95,95,95,98,98,98,98,108,108,108,108,108,108,108,108,108,108,108,108],"relic_stats":{"counters":[27,152],"War Paint":["DeathKnight:MutagenicPlague","Guardian:Defend_Guardian"],"obtain_stats":[{"hubris:DisguiseKit":11,"MerchantsRug":11,"Tiny House":34,"downfall:HeartBlessingRed":3,"Guardian:ModeShifter":0,"halation:IllGainedPizza":19,"downfall:HeartBlessingGreen":10,"War Paint":24,"Replay:Mystery Machine":28,"Bottled Tornado":52,"jedi:HeartOfTheCards":7,"halation:SelfBoilingWater":27,"Pet Ghost":4,"aspiration:RitualStick":31,"keyreminder:keyreminder":1,"StuffTheSpire:SapphireSignet":6,"vexMod:Dragonfruit":20,"downfall:HeartBlessingBlue":44,"halation:EternalFortune":40,"halation:LettersToHer":11,"jedi:arcanewood":28,"vexMod:ImprovementManual":17,"Replay:Bottled Steam":8},{"hubris:DisguiseKit":5,"MerchantsRug":5,"Tiny House":18,"downfall:HeartBlessingRed":0,"Guardian:ModeShifter":0,"halation:IllGainedPizza":10,"downfall:HeartBlessingGreen":4,"War Paint":12,"Replay:Mystery Machine":15,"Bottled Tornado":26,"jedi:HeartOfTheCards":2,"halation:SelfBoilingWater":14,"Pet Ghost":1,"aspiration:RitualStick":16,"keyreminder:keyreminder":0,"StuffTheSpire:SapphireSignet":2,"vexMod:Dragonfruit":11,"downfall:HeartBlessingBlue":20,"halation:EternalFortune":20,"halation:LettersToHer":5,"jedi:arcanewood":15,"vexMod:ImprovementManual":9,"Replay:Bottled Steam":3},{"hubris:DisguiseKit":32,"MerchantsRug":32,"Tiny House":83,"downfall:HeartBlessingRed":0,"Guardian:ModeShifter":0,"halation:IllGainedPizza":54,"downfall:HeartBlessingGreen":28,"War Paint":62,"Replay:Mystery Machine":72,"Bottled Tornado":120,"jedi:HeartOfTheCards":20,"halation:SelfBoilingWater":70,"Pet Ghost":7,"aspiration:RitualStick":74,"keyreminder:keyreminder":0,"StuffTheSpire:SapphireSignet":20,"vexMod:Dragonfruit":58,"downfall:HeartBlessingBlue":86,"halation:EternalFortune":86,"halation:LettersToHer":32,"jedi:arcanewood":72,"vexMod:ImprovementManual":50,"Replay:Bottled Steam":25}],"aspiration:RitualStick":[0]},"card_choices":[{"not_picked":["Guardian:Incinerate","Guardian:TimeCapacitor"],"picked":"Guardian:Emergency","floor":4},{"not_picked":["Guardian:BronzeArmor","Guardian:GuardianWhirl"],"picked":"Guardian:Gem_Fragmented","floor":6},{"not_picked":["Guardian:Gem_Lightblue","Guardian:MultiBeam"],"picked":"Guardian:Gem_Cyan","floor":8},{"not_picked":["Guardian:Incinerate","Guardian:Planning"],"picked":"Guardian:Gem_White","floor":9},{"not_picked":["Guardian:RollAttack","Guardian:PrimingBeam"],"picked":"Guardian:PiercingHide","floor":11},{"not_picked":["Guardian:RollAttack","Guardian:ChargeCore","DeathKnight:ShatteringStrikes"],"picked":"Guardian:Gem_White","floor":12},{"not_picked":["Guardian:Gem_Fragmented","Guardian:StasisStrike","DeathKnight:Culling"],"picked":"Guardian:SentryBeam","floor":13},{"not_picked":["Guardian:Gem_Cyan","Guardian:FloatingOrbs","DeathKnight:DeathAndDecay"],"picked":"Guardian:Gem_Blue","floor":15},{"not_picked":["Guardian:RevengeProtocol","Guardian:GemFinder","DeathKnight:BoneStorm"],"picked":"Guardian:BaubleBeam","floor":16},{"not_picked":["Guardian:Gem_Green","Guardian:Gem_Yellow","Guardian:PiercingHide"],"picked":"DeathKnight:MutagenicPlague","floor":19},{"not_picked":["Guardian:Planning+1","Guardian:ChargeCore","DeathKnight:BoneShield"],"picked":"Guardian:DecasProtection","floor":20},{"not_picked":["Guardian:Gem_Cyan","Guardian:VentSteam","DeathKnight:BloodStrike"],"picked":"Guardian:Gem_Crimson","floor":22},{"not_picked":["Guardian:PiercingHide","Guardian:Gem_Fragmented","Guardian:MultiBeam+1"],"picked":"DeathKnight:BladedArmor","floor":26},{"not_picked":["Guardian:ChargeUp","Guardian:PolyBeam","DeathKnight:MindFreeze"],"picked":"Guardian:PrismaticBeam+1","floor":27},{"not_picked":["Guardian:RollAttack","Guardian:Gem_Lightblue","DeathKnight:MindFreeze"],"picked":"Guardian:DonusPower+1","floor":28},{"not_picked":["Guardian:TimeCapacitor","Guardian:ConstructionForm","Guardian:RollAttack+1"],"picked":"DeathKnight:Lichborne","floor":29},{"not_picked":["Guardian:Suspension","Guardian:ChargeUp+1","DeathKnight:DeathGrip"],"picked":"Guardian:Gem_Lightblue","floor":32},{"not_picked":["Guardian:AncientConstruct","Guardian:SphericShield","DeathKnight:SindragosasBreath"],"picked":"Guardian:GemFinder","floor":33},{"not_picked":["Guardian:PrimingBeam","Guardian:ShieldCharger","Guardian:WalkerClaw+1"],"picked":"DeathKnight:DeathRune","floor":34},{"not_picked":["Guardian:Gem_Lightblue","Guardian:Gem_Fragmented","DeathKnight:FrostStrike"],"picked":"Guardian:SentryBeam+1","floor":36},{"not_picked":["Guardian:Gem_Green","Guardian:Gem_Red"],"picked":"Guardian:Gem_Cyan","floor":38},{"not_picked":["Guardian:Gem_Green","Guardian:TemporalShield","Guardian:ShieldSpikes+1"],"picked":"DeathKnight:FoulBulwark","floor":38},{"not_picked":["Guardian:Gem_Red","Guardian:Gem_Lightblue"],"picked":"Guardian:Gem_Cyan","floor":45},{"not_picked":["Guardian:VentSteam","Guardian:TemporalShield","DeathKnight:BoneShield"],"picked":"Guardian:ChargeUp+1","floor":45},{"not_picked":["Guardian:PrimingBeam+1","Guardian:Reroute+1","DeathKnight:BoneSpear"],"picked":"Guardian:Emergency","floor":46},{"not_picked":["Guardian:Gem_Cyan","Guardian:Gem_Green"],"picked":"Guardian:Gem_Lightblue","floor":48},{"not_picked":["Guardian:Incinerate","Guardian:PrimingBeam","DeathKnight:Parry"],"picked":"Guardian:ChargeCore+1","floor":48},{"not_picked":["Guardian:Gem_Green","Guardian:Gem_Lightblue"],"picked":"Guardian:Gem_Cyan","floor":49},{"not_picked":["Guardian:Preprogram","Guardian:PrimingBeam","DeathKnight:RuneShock"],"picked":"Guardian:Suspension","floor":49},{"not_picked":["Guardian:Gem_Red","Guardian:Gem_Green"],"picked":"Guardian:Gem_Lightblue","floor":52},{"not_picked":["Guardian:Gem_Red","Guardian:RollAttack","DeathKnight:Outbreak"],"picked":"Guardian:ChargeCore+1","floor":52}],"player_experience":508258,"relics_obtained":[{"floor":4,"key":"Pet Ghost"},{"floor":6,"key":"StuffTheSpire:SapphireSignet"},{"floor":7,"key":"jedi:HeartOfTheCards"},{"floor":8,"key":"Replay:Bottled Steam"},{"floor":20,"key":"vexMod:Dragonfruit"},{"floor":24,"key":"halation:LettersToHer"},{"floor":24,"key":"War Paint"},{"floor":27,"key":"halation:SelfBoilingWater"},{"floor":41,"key":"halation:LettersToHer"},{"floor":52,"key":"Bottled Tornado"}],"event_choices":[{"damage_healed":0,"gold_gain":0,"player_choice":"Donut","damage_taken":0,"max_hp_gain":5,"max_hp_loss":0,"event_name":"Big Fish","floor":14,"gold_loss":0}],"is_beta":false,"boss_relics":[{"not_picked":["sneckomod:SneckoTalon","Empty Cage"],"picked":"vexMod:ImprovementManual"},{"not_picked":["Painkiller Herb","Pandora\u0027s Box"],"picked":"Tiny House"}],"items_purged_floors":[28],"is_endless":false,"potions_floor_spawned":[6,8,16,20,22,29,33,36,45,46,48,52],"ascension_level":0}}