{"host":"o7j6aatxjwpw1421","time":1608231497,"event":{"mods":["2.2 Compatiblity","BaseMod","Colored Map","DeckTracker","Highlight Path","Keyboard Shortcuts","Minty Spire (QoL Compilation)","Permanent Neow","Quick Restart","StSLib","SuperFastMode","everything is the same but u backflip on backflip"],"gold_per_floor":[16,16,16,39,63,63,77,77,77,100,134,152,152,171,171,171,171],"floor_reached":16,"playtime":569,"items_purged":[],"score":125,"play_id":"4eb53b41-1aa5-457a-a05c-311ee0275100","local_time":"20201218035817","is_ascension_mode":true,"campfire_choices":[{"data":"Bash","floor":6,"key":"SMITH"},{"data":"Warcry","floor":8,"key":"SMITH"},{"floor":13,"key":"REST"},{"data":"Pommel Strike","floor":15,"key":"SMITH"}],"circlet_count":0,"master_deck":["Strike_R","Strike_R","Strike_R","Defend_R","Defend_R","Defend_R","Defend_R","Bash+1","Sentinel","Carnage","Sword Boomerang","Warcry+1","Metallicize","Flame Barrier","Offering","Pommel Strike+1","Shrug It Off"],"relics":["Burning Blood","Golden Idol","Bottled Flame","Frozen Egg 2"],"acts_visited":["Exordium"],"potions_floor_usage":[11],"damage_taken":[{"damage":0,"enemies":"2 Louse","floor":1,"turns":2},{"damage":12,"enemies":"Jaw Worm","floor":4,"turns":2},{"damage":1,"enemies":"Cultist","floor":5,"turns":3},{"damage":16,"enemies":"Blue Slaver","floor":7,"turns":3},{"damage":29,"enemies":"Exordium Thugs","floor":10,"turns":7},{"damage":15,"enemies":"Gremlin Nob","floor":11,"turns":4},{"damage":8,"enemies":"Exordium Wildlife","floor":12,"turns":4},{"damage":11,"enemies":"Looter","floor":14,"turns":3},{"damage":0,"enemies":"Slime Boss","floor":16,"turns":6}],"seed_played":"-2850693253944659271","potions_obtained":[{"floor":1,"key":"ElixirPotion"},{"floor":7,"key":"BlessingOfTheForge"},{"floor":10,"key":"FairyPotion"}],"is_trial":false,"path_per_floor":["M","?","?","M","M","R","M","R","T","M","E","M","R","M","R","B"],"character_chosen":"IRONCLAD","items_purchased":[],"campfire_rested":1,"item_purchase_floors":[],"current_hp_per_floor":[80,60,60,54,59,59,49,49,49,26,17,15,39,34,34,34,34],"gold":171,"neow_bonus":"TRANSFORM_TWO_CARDS","is_daily":false,"chose_seed":false,"campfire_upgraded":3,"win_rate":0.0,"timestamp":1608231497,"path_taken":["M","?","?","M","M","R","M","R","T","M","E","M","R","M","R","BOSS"],"items_purchased_type":[],"build_version":"2020-12-13","purchased_purges":0,"victory":false,"max_hp_per_floor":[80,80,80,80,80,80,80,80,80,80,80,80,80,80,80,80,80],"card_choices":[{"not_picked":["Fire Breathing","Warcry"],"picked":"Sword Boomerang","floor":1},{"not_picked":["Wild Strike","Flex","Anger"],"picked":"SKIP","floor":4},{"not_picked":["Perfected Strike","Sword Boomerang"],"picked":"Warcry","floor":5},{"not_picked":["Second Wind","Dark Embrace"],"picked":"Metallicize","floor":7},{"not_picked":["Dark Embrace","Sentinel"],"picked":"Flame Barrier","floor":10},{"not_picked":["Sentinel","Twin Strike"],"picked":"Offering","floor":11},{"not_picked":["Disarm","Twin Strike"],"picked":"Pommel Strike","floor":12},{"not_picked":["Headbutt","True Grit"],"picked":"Shrug It Off","floor":14}],"player_experience":267549,"relics_obtained":[{"floor":9,"key":"Bottled Flame"},{"floor":11,"key":"Frozen Egg 2"}],"event_choices":[{"damage_healed":0,"gold_gain":0,"player_choice":"Take Damage","damage_taken":20,"relics_obtained":["Golden Idol"],"max_hp_gain":0,"max_hp_loss":0,"event_name":"Golden Idol","floor":2,"gold_loss":0},{"damage_healed":0,"gold_gain":0,"player_choice":"Ignored","damage_taken":0,"max_hp_gain":0,"max_hp_loss":0,"event_name":"Liars Game","floor":3,"gold_loss":0}],"is_beta":false,"boss_relics":[],"items_purged_floors":[],"is_endless":false,"potions_floor_spawned":[1,7,10],"killed_by":"Slime Boss","ascension_level":4}}