{"host":"fne7yx97fnz7kq05","time":1608238324,"event":{"mods":["BaseMod","Colored Map","Colored Powertips","Highlight Path","Minty Spire (QoL Compilation)","Relic Stats"],"gold_per_floor":[110,110,123,138,19,51,51,84,111,127,127,160,160,176,176,271,271,284,8,18,34,34,34,66,66,66,77,110,122,163,185,197,308,320,351,381,1,16,28,55,105,105,105,138,151,183,183,200,200,200,200,200,46,74,74],"floor_reached":56,"playtime":3454,"items_purged":["Strike_R","Strike_R"],"score":1680,"play_id":"97b4197e-f121-4704-9a14-bac79a84c4d1","local_time":"20201217145204","is_ascension_mode":true,"campfire_choices":[{"data":"Pommel Strike","floor":7,"key":"SMITH"},{"data":"Heavy Blade","floor":11,"key":"SMITH"},{"data":"Inflame","floor":13,"key":"SMITH"},{"data":"Sword Boomerang","floor":15,"key":"SMITH"},{"data":"Offering","floor":23,"key":"SMITH"},{"data":"Twin Strike","floor":25,"key":"SMITH"},{"data":"Limit Break","floor":29,"key":"SMITH"},{"data":"True Grit","floor":32,"key":"SMITH"},{"floor":42,"key":"RECALL"},{"data":"Bash","floor":47,"key":"SMITH"},{"data":"Double Tap","floor":49,"key":"SMITH"},{"data":"True Grit","floor":52,"key":"SMITH"}],"circlet_count":0,"master_deck":["Strike_R","Strike_R","Strike_R","Defend_R","Defend_R","Defend_R","Defend_R","Bash+1","CurseOfTheBell","Anger+1","True Grit+1","Twin Strike+1","Feed+1","Pommel Strike+1","Shrug It Off","Feed","Heavy Blade+1","Inflame+1","Sword Boomerang+1","Offering+1","Cleave+1","Limit Break+1","Pommel Strike+1","Shrug It Off+1","Reaper","True Grit+1","Double Tap+1","Disarm","Disarm+1"],"relics":["Calling Bell","Red Skull","Meat on the Bone","Ice Cream","FaceOfCleric","MealTicket","Nunchaku","Vajra","Gambling Chip","Cursed Key","Orichalcum","Whetstone","MawBank","Omamori","Coffee Dripper","Toy Ornithopter","Pen Nib","StoneCalendar","Juzu Bracelet","Singing Bowl","OrangePellets","Happy Flower"],"acts_visited":["Exordium","TheCity","TheBeyond","TheEnding"],"potions_floor_usage":[6,12,18,21,28,55,55,55],"damage_taken":[{"damage":10,"enemies":"2 Louse","floor":1,"turns":3},{"damage":6,"enemies":"Cultist","floor":3,"turns":3},{"damage":10,"enemies":"Small Slimes","floor":4,"turns":3},{"damage":23,"enemies":"3 Sentries","floor":6,"turns":6},{"damage":15,"enemies":"Lagavulin","floor":8,"turns":8},{"damage":10,"enemies":"Gremlin Gang","floor":10,"turns":3},{"damage":16,"enemies":"Gremlin Nob","floor":12,"turns":3},{"damage":15,"enemies":"Exordium Thugs","floor":14,"turns":3},{"damage":38,"enemies":"Hexaghost","floor":16,"turns":6},{"damage":0,"enemies":"Spheric Guardian","floor":18,"turns":1},{"damage":22,"enemies":"2 Thieves","floor":20,"turns":3},{"damage":0,"enemies":"Snecko","floor":21,"turns":2},{"damage":12,"enemies":"Gremlin Leader","floor":24,"turns":3},{"damage":21,"enemies":"Centurion and Healer","floor":27,"turns":6},{"damage":21,"enemies":"Book of Stabbing","floor":28,"turns":3},{"damage":16,"enemies":"Gremlin Leader","floor":30,"turns":3},{"damage":6,"enemies":"Snake Plant","floor":31,"turns":1},{"damage":38,"enemies":"Champ","floor":33,"turns":6},{"damage":10,"enemies":"3 Darklings","floor":35,"turns":3},{"damage":17,"enemies":"3 Shapes","floor":36,"turns":3},{"damage":32,"enemies":"Maw","floor":38,"turns":5},{"damage":29,"enemies":"Transient","floor":39,"turns":5},{"damage":25,"enemies":"Reptomancer","floor":40,"turns":3},{"damage":0,"enemies":"Mind Bloom Boss Battle","floor":41,"turns":4},{"damage":18,"enemies":"Nemesis","floor":44,"turns":5},{"damage":23,"enemies":"Writhing Mass","floor":45,"turns":3},{"damage":6,"enemies":"Giant Head","floor":46,"turns":4},{"damage":6,"enemies":"3 Darklings","floor":48,"turns":2},{"damage":143,"enemies":"Donu and Deca","floor":50,"turns":8},{"damage":74,"enemies":"Shield and Spear","floor":54,"turns":5},{"damage":131,"enemies":"The Heart","floor":55,"turns":8}],"seed_played":"-6418769854787513065","potions_obtained":[{"floor":3,"key":"Fire Potion"},{"floor":6,"key":"Strength Potion"},{"floor":8,"key":"Dexterity Potion"},{"floor":10,"key":"LiquidMemories"},{"floor":16,"key":"Fire Potion"},{"floor":24,"key":"LiquidBronze"},{"floor":27,"key":"SkillPotion"},{"floor":30,"key":"Swift Potion"},{"floor":33,"key":"HeartOfIron"},{"floor":36,"key":"Strength Potion"},{"floor":44,"key":"FearPotion"}],"is_trial":false,"path_per_floor":["M","?","M","M","$","E","R","E","T","M","R","E","R","M","R","B",null,"M","$","M","M","?","R","E","R","T","M","E","R","E","M","R","B",null,"M","M","$","M","M","E","?","R","T","E","M","E","R","M","R","B",null,"R","$","E","B",null],"character_chosen":"IRONCLAD","items_purchased":["Feed","Pommel Strike","Orichalcum","Explosive Potion","Double Tap","Toy Ornithopter","OrangePellets"],"campfire_rested":0,"item_purchase_floors":[5,5,19,19,37,37,53],"current_hp_per_floor":[62,62,57,48,48,41,41,42,42,48,48,48,48,52,52,27,86,90,105,90,94,94,94,86,86,86,73,68,68,68,79,79,58,128,122,113,128,100,84,75,95,95,95,94,88,100,100,130,130,63,170,170,185,131,91],"gold":74,"neow_bonus":"BOSS_RELIC","is_daily":false,"chose_seed":false,"campfire_upgraded":11,"win_rate":0.0,"timestamp":1608238324,"path_taken":["M","?","M","M","$","E","R","E","T","M","R","E","R","M","R","BOSS","M","?","M","?","?","R","E","R","T","?","E","R","E","M","R","BOSS","M","M","$","M","M","E","?","R","T","E","M","E","R","M","R","BOSS","R","$","E","BOSS"],"items_purchased_type":["Card","Card","Relic","Potion","Card","Relic","Relic"],"build_version":"2020-12-13","purchased_purges":2,"victory":true,"max_hp_per_floor":[80,80,81,82,82,86,86,90,90,94,94,98,98,105,105,106,106,110,110,117,121,121,121,125,125,125,133,137,137,141,146,146,151,151,155,163,163,167,168,172,180,180,180,185,190,196,196,197,197,205,205,205,205,215,219],"relic_stats":{"Singing Bowl":4,"Happy Flower":[2],"counters":[31,124],"StoneCalendar":[88],"Pen Nib":[9],"Juzu Bracelet":0,"Whetstone":["Anger","Feed"],"Orichalcum":[174],"Cursed Key":1,"MawBank":108,"OrangePellets":[3],"Nunchaku":[24],"FaceOfCleric":30,"Gambling Chip":[73],"MealTicket":45,"obtain_stats":[{"Ice Cream":0,"Singing Bowl":46,"Happy Flower":54,"Vajra":9,"StoneCalendar":41,"Pen Nib":40,"Omamori":30,"Juzu Bracelet":44,"Whetstone":24,"Orichalcum":19,"Cursed Key":17,"MawBank":28,"Burning Blood":0,"Calling Bell":0,"OrangePellets":53,"Nunchaku":8,"FaceOfCleric":2,"Gambling Chip":12,"MealTicket":6,"Coffee Dripper":34,"Red Skull":0,"Toy Ornithopter":37,"Meat on the Bone":0},{"Ice Cream":0,"Singing Bowl":27,"Happy Flower":30,"Vajra":5,"StoneCalendar":24,"Pen Nib":23,"Omamori":16,"Juzu Bracelet":25,"Whetstone":13,"Orichalcum":10,"Cursed Key":9,"MawBank":15,"Burning Blood":0,"Calling Bell":0,"OrangePellets":29,"Nunchaku":5,"FaceOfCleric":1,"Gambling Chip":7,"MealTicket":4,"Coffee Dripper":18,"Red Skull":0,"Toy Ornithopter":20,"Meat on the Bone":0},{"Ice Cream":0,"Singing Bowl":101,"Happy Flower":116,"Vajra":23,"StoneCalendar":89,"Pen Nib":85,"Omamori":59,"Juzu Bracelet":94,"Whetstone":47,"Orichalcum":39,"Cursed Key":38,"MawBank":56,"Burning Blood":0,"Calling Bell":0,"OrangePellets":111,"Nunchaku":23,"FaceOfCleric":3,"Gambling Chip":29,"MealTicket":15,"Coffee Dripper":66,"Red Skull":0,"Toy Ornithopter":72,"Meat on the Bone":0}],"Toy Ornithopter":15,"Meat on the Bone":216},"card_choices":[{"not_picked":["Battle Trance","Warcry"],"picked":"Anger","floor":1},{"not_picked":["Thunderclap","Sever Soul"],"picked":"True Grit","floor":3},{"not_picked":["Clothesline","Rage"],"picked":"Twin Strike","floor":4},{"not_picked":["Twin Strike","Seeing Red"],"picked":"Shrug It Off","floor":6},{"not_picked":["Whirlwind","Blood for Blood"],"picked":"Feed","floor":8},{"not_picked":["Body Slam","Sever Soul"],"picked":"Heavy Blade","floor":10},{"not_picked":["Seeing Red","Body Slam"],"picked":"Inflame","floor":12},{"not_picked":["Flex","Cleave"],"picked":"Sword Boomerang","floor":14},{"not_picked":["Barricade","Impervious"],"picked":"Offering","floor":16},{"not_picked":["Havoc","Metallicize"],"picked":"Cleave+1","floor":18},{"not_picked":["Headbutt","Warcry","Wild Strike"],"picked":"SKIP","floor":20},{"not_picked":["Body Slam+1","Wild Strike","Intimidate"],"picked":"SKIP","floor":21},{"not_picked":["Entrench+1","Rampage"],"picked":"Limit Break","floor":24},{"not_picked":["Pummel","Sword Boomerang"],"picked":"Pommel Strike+1","floor":27},{"not_picked":["Searing Blow","Wild Strike"],"picked":"Shrug It Off+1","floor":28},{"not_picked":["Wild Strike","Clothesline","Headbutt"],"picked":"SKIP","floor":30},{"not_picked":["Body Slam","Flex+1","Perfected Strike+1"],"picked":"SKIP","floor":31},{"not_picked":["Immolate","Double Tap"],"picked":"Reaper","floor":33},{"not_picked":["Sever Soul","Wild Strike"],"picked":"True Grit","floor":35},{"not_picked":["Clothesline","Shrug It Off","Anger+1"],"picked":"SKIP","floor":36},{"not_picked":["Clothesline","Iron Wave","Anger+1"],"picked":"SKIP","floor":38},{"not_picked":["Clothesline+1","Body Slam"],"picked":"Disarm","floor":39},{"not_picked":["Ghostly Armor+1","Rampage","Brutality"],"picked":"SKIP","floor":40},{"not_picked":["Second Wind","Spot Weakness+1","Thunderclap+1"],"picked":"SKIP","floor":44},{"not_picked":["Clothesline","Clash","Twin Strike+1"],"picked":"SKIP","floor":45},{"not_picked":["Anger","True Grit","Bludgeon"],"picked":"Singing Bowl","floor":46},{"not_picked":["Headbutt+1","Twin Strike+1"],"picked":"Disarm+1","floor":48},{"not_picked":["Dual Wield","Searing Blow+1","Thunderclap"],"picked":"Singing Bowl","floor":54}],"player_experience":34990,"relics_obtained":[{"floor":0,"key":"Red Skull"},{"floor":0,"key":"Meat on the Bone"},{"floor":0,"key":"Ice Cream"},{"floor":6,"key":"MealTicket"},{"floor":8,"key":"Nunchaku"},{"floor":9,"key":"Vajra"},{"floor":12,"key":"Gambling Chip"},{"floor":24,"key":"Whetstone"},{"floor":28,"key":"MawBank"},{"floor":30,"key":"Omamori"},{"floor":40,"key":"Pen Nib"},{"floor":41,"key":"StoneCalendar"},{"floor":44,"key":"Juzu Bracelet"},{"floor":46,"key":"Singing Bowl"},{"floor":54,"key":"Happy Flower"}],"event_choices":[{"damage_healed":0,"gold_gain":0,"player_choice":"Trade","damage_taken":0,"relics_obtained":["FaceOfCleric"],"max_hp_gain":0,"max_hp_loss":0,"event_name":"FaceTrader","floor":2,"gold_loss":0},{"damage_healed":0,"gold_gain":0,"player_choice":"0 cards matched","damage_taken":0,"max_hp_gain":0,"max_hp_loss":0,"event_name":"Match and Keep!","floor":22,"gold_loss":0,"cards_obtained":[]},{"damage_healed":0,"gold_gain":0,"player_choice":"Fight","damage_taken":0,"max_hp_gain":0,"max_hp_loss":0,"event_name":"MindBloom","floor":41,"gold_loss":0}],"is_beta":false,"boss_relics":[{"not_picked":["SlaversCollar","Snecko Eye"],"picked":"Cursed Key"},{"not_picked":["Runic Dome","Velvet Choker"],"picked":"Coffee Dripper"}],"items_purged_floors":[19,37],"is_endless":false,"potions_floor_spawned":[3,6,8,10,16,24,27,30,33,36,40,44,45,46,48],"ascension_level":6}}