{"host":"nj06ypb01n3s9mn8","time":1608186354,"event":{"mods":["2.2 Compatiblity","BaseMod","Colored Map","Downfall","Highlight Path","Marisa????????","Minty Spire (QoL Compilation)","Replay The Spire","StSLib","The Animator","The Necromancer","The Servant 0.9.4","Waifu the Spire"],"gold_per_floor":[116,141,141,157,172,201,201,228,255,277,290,208,240,257,257,352,352,383,383,383,394,309,372,372,450,450,505,505,545,581,266,266,386,386,424,424,424,204,274,322,343,397,397,397,435,481,526,573,573,597,597,597,59,111,131],"floor_reached":56,"playtime":7184,"items_purged":["animator:Defend+1","animator:Defend+1"],"score":1524,"play_id":"a28c2b09-e3fc-4b7b-b5e5-daabb7b5b5c4","local_time":"20201217032553","is_ascension_mode":true,"campfire_choices":[{"floor":7.0,"key":"REST"},{"data":"animator:Nanami","floor":15.0,"key":"SMITH"},{"floor":24.0,"key":"RECALL"},{"data":"RitualDagger","floor":28.0,"key":"SMITH"},{"data":"animator:Hitei","floor":44,"key":"SMITH"},{"data":"animator:Togame","floor":44,"key":"SMITH"},{"data":"animator:Strike+1","floor":49,"key":"PURGE"},{"data":"animator:Biyorigo","floor":52,"key":"SMITH"},{"data":"animator:HigakiRinne","floor":52,"key":"SMITH"}],"circlet_count":0,"master_deck":["animator:Strike_Katanagatari+1","animator:Strike+1","animator:Defend+1","animator:Azekura","animator:Emonzaemon","animator:Emonzaemon","animator:UneriGinkaku","animator:ZankiKiguchi","animator:Guy","animator:Konayuki","animator:Nanami+1","animator:Shichika","animator:Rimuru","animator:Mitsuba+1","RitualDagger+1","animator:Emonzaemon","animator:HigakiRinne+1","animator:Guy","animator:Hitei+1","animator:Togame+1","animator:Biyorigo+1","animator:Vesta+1","animator:HigakiRinne","animator:Kaijin","animator:TsurugaMeisai","animator:Biyorigo"],"relics":["animator:VividPicture","animator:TheMissingPiece","Snack Pack","FossilizedHelix","ReplayTheSpireMod:Shallot","Coffee Dripper","Replay:Bandana","Replay:Bottled Snecko","Replay:Mystery Machine","Ornamental Fan","Mango","Torii","White Beast Statue","Oddly Smooth Stone","Replay:Arrowhead","Toy Ornithopter","Peace Pipe","InkBottle","Pantograph","Durian","Paper Crane"],"acts_visited":["Exordium","TheCity","TheBeyond","TheEnding"],"potions_floor_usage":[46,50,50,50,54,55,55,55],"damage_taken":[{"damage":0.0,"enemies":"2 Louse","floor":1.0,"turns":3.0},{"damage":0.0,"enemies":"Small Slimes","floor":2.0,"turns":2.0},{"damage":1.0,"enemies":"Jaw Worm","floor":4.0,"turns":4.0},{"damage":0.0,"enemies":"2 Fungi Beasts","floor":5.0,"turns":4.0},{"damage":24.0,"enemies":"3 Sentries","floor":6.0,"turns":8.0},{"damage":4.0,"enemies":"Lagavulin","floor":8.0,"turns":6.0},{"damage":0.0,"enemies":"Exordium Wildlife","floor":10.0,"turns":4.0},{"damage":3.0,"enemies":"Lots of Slimes","floor":11.0,"turns":5.0},{"damage":21.0,"enemies":"Gremlin Nob","floor":13.0,"turns":4.0},{"damage":11.0,"enemies":"Gremlin Gang","floor":14.0,"turns":6.0},{"damage":40.0,"enemies":"Fading Forest","floor":16.0,"turns":11.0},{"damage":0.0,"enemies":"Shell Parasite","floor":18.0,"turns":4.0},{"damage":1.0,"enemies":"3 Byrds","floor":21.0,"turns":4.0},{"damage":0.0,"enemies":"Slavers","floor":23.0,"turns":6.0},{"damage":12.0,"enemies":"Gremlin Leader","floor":25.0,"turns":7.0},{"damage":0.0,"enemies":"animator:HornedBat","floor":27.0,"turns":7.0},{"damage":0.0,"enemies":"3 Cultists","floor":29.0,"turns":5.0},{"damage":0.0,"enemies":"Chosen and Byrds","floor":30.0,"turns":4.0},{"damage":1.0,"enemies":"Pondfish","floor":33.0,"turns":10.0},{"damage":0.0,"enemies":"Orb Walker","floor":35.0,"turns":3.0},{"damage":0.0,"enemies":"2 Orb Walkers","floor":39.0,"turns":4.0},{"damage":0.0,"enemies":"Nemesis","floor":40.0,"turns":5.0},{"damage":12.0,"enemies":"3 Shapes","floor":41.0,"turns":3.0},{"damage":0,"enemies":"Giant Head","floor":42,"turns":6},{"damage":0,"enemies":"Jaw Worm Horde","floor":45,"turns":4},{"damage":0,"enemies":"Writhing Mass","floor":46,"turns":4},{"damage":0,"enemies":"Nemesis","floor":47,"turns":5},{"damage":0,"enemies":"Transient","floor":48,"turns":5},{"damage":9,"enemies":"Replay:Hell Engine","floor":50,"turns":7},{"damage":47,"enemies":"Shield and Spear","floor":54,"turns":6},{"damage":53,"enemies":"The Heart","floor":55,"turns":9}],"seed_played":"-5274177557563841161","potions_obtained":[{"floor":1.0,"key":"Regen Potion"},{"floor":4.0,"key":"SteroidPotion"},{"floor":6.0,"key":"Block Potion"},{"floor":10.0,"key":"Languid Potion"},{"floor":16.0,"key":"champ:CounterPotion"},{"floor":21.0,"key":"LifebloodPotion"},{"floor":25.0,"key":"Block Potion"},{"floor":27.0,"key":"animator:FalseLifePotion"},{"floor":33.0,"key":"Explosive Potion"},{"floor":35.0,"key":"FearPotion"},{"floor":39.0,"key":"SpeedPotion"},{"floor":40.0,"key":"Explosive Potion"},{"floor":41,"key":"Ancient Potion"},{"floor":42,"key":"Venom Potion"},{"floor":45,"key":"Explosive Potion"},{"floor":46,"key":"Fruit Juice"},{"floor":47,"key":"DistilledChaos"},{"floor":48,"key":"Weak Potion"},{"floor":54,"key":"Guardian:BlockOnCardUsePotion"}],"is_trial":false,"path_per_floor":["M","M","?","M","M","E","R","E","T","M","M","$","E","M","R","B",null,"M","?","?","M","?","E","R","E","T","E","R","M","M","$","R_BF","B",null,"M","?","?","$","?","E","M","E","T","R","M","M","E","M","R_BF","B",null,"R","$","E","B",null],"character_chosen":"THE_ANIMATOR","items_purchased":["animator:Shichika","Torii","Oddly Smooth Stone","Durian","PowerPotion","FearPotion","Adrenaline Potion"],"campfire_rested":1,"item_purchase_floors":[12,31,38,53,53,53,53],"current_hp_per_floor":[72,72,65,65,65,41,62,66,66,70,70,70,53,44,44,47,74,74,68,68,71,71,74,74,66,66,88,88,90,90,90,90,90,90,90,79,79,79,83,87,77,87,87,87,90,95,95,95,95,88,95,95,100,60,57],"gold":131,"neow_bonus":"TEN_PERCENT_HP_BONUS","is_daily":false,"chose_seed":false,"campfire_upgraded":6,"win_rate":0.0,"timestamp":1608186353,"path_taken":["M","M","?","M","M","E","R","E","T","M","M","$","E","M","R","BOSS","M","?","?","M","?","E","R","E","T","E","R","M","?","$","R_BF","BOSS","M","?","?","?","?","E","M","E","T","R","M","M","E","M","R_BF","BOSS","R","$","E","BOSS"],"items_purchased_type":["Card","Relic","Relic","Relic","Potion","Potion","Potion"],"build_version":"2020-11-29","purchased_purges":2,"victory":true,"max_hp_per_floor":[72,72,72,73,73,73,73,73,73,73,74,74,74,74,74,74,74,74,74,74,74,74,74,74,74,74,88,88,90,90,90,90,90,90,90,90,90,90,90,90,90,90,90,90,90,95,95,95,95,95,95,95,100,100,100],"card_choices":[{"not_picked":["animator:Mitsurugi","animator:Chris"],"picked":"animator:Emonzaemon","floor":1.0},{"not_picked":["animator:AcuraAkari","animator:Shinoa"],"picked":"animator:UneriGinkaku","floor":2.0},{"not_picked":["animator:Shion","animator:Verdia"],"picked":"animator:ZankiKiguchi","floor":4.0},{"not_picked":["animator:Kaijin","animator:Mitsuba"],"picked":"animator:Guy","floor":6.0},{"not_picked":["animator:Evileye","animator:Shigure","animator:Benimaru"],"picked":"SKIP","floor":8.0},{"not_picked":["animator:Shinoa","animator:Gillette"],"picked":"animator:Konayuki","floor":10.0},{"not_picked":["animator:Azekura","animator:Konayuki"],"picked":"animator:Nanami","floor":11.0},{"not_picked":["animator:Aqua","animator:Mitsurugi","animator:FeridBathory"],"picked":"SKIP","floor":13.0},{"not_picked":["animator:ChaikaBohdan","animator:Aqua","animator:YunYun"],"picked":"SKIP","floor":14.0},{"not_picked":["animator:Eris","animator:Wiz"],"picked":"animator:Rimuru","floor":16.0},{"not_picked":["animator:Aqua","animator:Viivi"],"picked":"animator:Mitsuba+1","floor":18.0},{"not_picked":["animator:Nanami","animator:Azekura"],"picked":"animator:Emonzaemon","floor":21.0},{"not_picked":["animator:Sebas+1","animator:ChaikaTrabant","animator:Gillette+1"],"picked":"SKIP","floor":23.0},{"not_picked":["animator:Kazuma","animator:NarberalGamma"],"picked":"animator:HigakiRinne","floor":25.0},{"not_picked":["animator:AcuraAkari","animator:TukaLunaMarceau"],"picked":"animator:Guy","floor":27.0},{"not_picked":["animator:Azekura","animator:Nanami"],"picked":"animator:Hitei","floor":29.0},{"not_picked":["animator:Benimaru","animator:KrulTepes"],"picked":"animator:Togame","floor":30.0},{"not_picked":["animator:FeridBathory","animator:Ainz"],"picked":"animator:Biyorigo","floor":33.0},{"not_picked":["animator:Chris","animator:GazelDwargon"],"picked":"animator:Vesta+1","floor":35.0},{"not_picked":["animator:Cocytus+1","animator:Vanir","animator:Shigure+1"],"picked":"SKIP","floor":40.0},{"not_picked":["animator:Benimaru","animator:Shuna"],"picked":"animator:Kaijin","floor":41},{"not_picked":["animator:RoryMercury","animator:ZankiKiguchi+1","animator:Wiz"],"picked":"SKIP","floor":42},{"not_picked":["animator:Shigure","animator:Mitsuba+1","animator:Konayuki+1"],"picked":"SKIP","floor":45},{"not_picked":["animator:Guy+1","animator:YaoHaDucy+1","animator:Viivi"],"picked":"SKIP","floor":46},{"not_picked":["animator:Togame","animator:Azekura"],"picked":"animator:TsurugaMeisai","floor":47},{"not_picked":["animator:Chris","animator:Emonzaemon+1","animator:Hitei+1"],"picked":"SKIP","floor":48},{"not_picked":["animator:Megumin","animator:Darkness"],"picked":"animator:Biyorigo","floor":54}],"player_experience":62345,"relics_obtained":[{"floor":6.0,"key":"Snack Pack"},{"floor":8.0,"key":"FossilizedHelix"},{"floor":13.0,"key":"ReplayTheSpireMod:Shallot"},{"floor":23.0,"key":"Replay:Bottled Snecko"},{"floor":25.0,"key":"Replay:Mystery Machine"},{"floor":26.0,"key":"Ornamental Fan"},{"floor":27.0,"key":"Mango"},{"floor":39.0,"key":"Replay:Arrowhead"},{"floor":40.0,"key":"Toy Ornithopter"},{"floor":42,"key":"Peace Pipe"},{"floor":43,"key":"InkBottle"},{"floor":47,"key":"Pantograph"},{"floor":54,"key":"Paper Crane"}],"event_choices":[{"cards_removed":["animator:Strike"],"damage_healed":0.0,"max_hp_gain":0.0,"max_hp_loss":0.0,"gold_gain":0.0,"event_name":"Golden Wing","player_choice":"Card Removal","floor":3.0,"gold_loss":0.0,"damage_taken":7.0},{"damage_healed":0.0,"max_hp_gain":0.0,"max_hp_loss":0.0,"gold_gain":0.0,"event_name":"Nest","player_choice":"Joined the Cult","floor":19.0,"gold_loss":0.0,"damage_taken":6.0,"cards_obtained":["RitualDagger"]},{"damage_healed":0.0,"max_hp_gain":0.0,"max_hp_loss":0.0,"gold_gain":0.0,"event_name":"Back to Basics","player_choice":"Simplicity","floor":20.0,"gold_loss":0.0,"damage_taken":0.0,"cards_upgraded":["animator:Strike_Katanagatari","animator:Defend_Katanagatari","animator:Strike","animator:Strike","animator:Defend","animator:Defend","animator:Defend"]},{"damage_healed":0.0,"max_hp_gain":0.0,"max_hp_loss":0.0,"gold_gain":0.0,"event_name":"Addict","player_choice":"Obtained Relic","floor":22.0,"gold_loss":85.0,"damage_taken":0.0,"relics_obtained":["Replay:Bandana"]},{"damage_healed":0.0,"max_hp_gain":0.0,"max_hp_loss":0.0,"gold_gain":0.0,"event_name":"WeMeetAgain","player_choice":"Gave Potion","floor":32.0,"gold_loss":0.0,"damage_taken":0.0,"relics_obtained":["White Beast Statue"]},{"damage_healed":0.0,"max_hp_gain":0.0,"max_hp_loss":0.0,"gold_gain":0.0,"event_name":"Winding Halls","player_choice":"Embrace Madness","floor":36.0,"gold_loss":0.0,"damage_taken":11.0,"cards_obtained":["animator:HigakiRinne"]},{"cards_removed":["animator:Defend_Katanagatari"],"damage_healed":0.0,"max_hp_gain":0.0,"max_hp_loss":0.0,"gold_gain":0.0,"event_name":"Falling","player_choice":"Removed Skill","floor":37.0,"gold_loss":0.0,"damage_taken":0.0},{"damage_healed":0.0,"max_hp_gain":0.0,"max_hp_loss":0.0,"gold_gain":0.0,"event_name":"Mysterious Sphere","player_choice":"Fight","floor":39.0,"gold_loss":0.0,"damage_taken":0.0}],"is_beta":false,"boss_relics":[{"not_picked":["ChewingGum","Kintsugi"],"picked":"Coffee Dripper"},{"not_picked":["Tiny House","Replay:Drink Me"],"picked":"animator:VividPicture"}],"items_purged_floors":[38,53],"is_endless":false,"potions_floor_spawned":[1,4,6,10,16,21,25,27,33,35,39,40,41,42,45,46,47,48,54],"ascension_level":1}}