{"host":"gu5bom8l9zwjg25u","time":1608205956,"event":{"mods":["AchievementEnabler","BaseMod","Better Altar","Better Match","Better Note","Better Sensory Stone","Better Skull","Better Third Choice","Better Vampires","Challenge The Spire","Colored Map","Colored Powertips","Conspire","Curses Come First","Downfall","Emptier Cage","Energized Spire","GifTheSpireLib","GungeonMod","Hubris","Infinite Spire","Mad Scientist","Marked Mod","Minty Spire (QoL Compilation)","Rare Cards Sparkle","Relic Sorter","Replay The Spire","Say the Spire","Shop Mod","Spicy Shops","StSLib","The Blackbeard","The Blue Laboratory","The Bug Knight","The Cursed","The Death Knight","The Hierophant","The Runesmith","The Servant 0.9.4","The Valiant","Uncapped"],"gold_per_floor":[110,60,80,17,29,64,64,97,122,122,139,139,152,152,152,250,250,260,260,272,288,61,90,90,120,144,144,160,360,370,386,386,485,485,497,510,523,168,183,183,195,224,224,235,252,252,302,335,335,435,435,437,65,72,80,76,89,89,93,93,111,111,36,40,340,340,403,503,503],"floor_reached":68,"playtime":7693,"items_purged":["Strike_G","Strike_G","Survivor","Grand Finale","conspire:PoisonWeapons"],"score":1489,"play_id":"6248fb4f-fc64-4a85-8fa1-dcafe4c21828","local_time":"20201217135236","is_ascension_mode":true,"campfire_choices":[{"data":"Deadly Poison","floor":7.0,"key":"SMITH"},{"data":"Neutralize","floor":10.0,"key":"SMITH"},{"floor":15.0,"key":"DIG"},{"floor":24.0,"key":"RECALL"},{"data":"Catalyst","floor":27.0,"key":"SMITH"},{"data":"PiercingWail","floor":40.0,"key":"SMITH"},{"floor":49.0,"key":"REST"},{"data":"Bullet Time","floor":58.0,"key":"SMITH"},{"floor":66.0,"key":"DIG"}],"circlet_count":0,"master_deck":["Strike_G+1","Defend_G+1","Defend_G+1","Defend_G+2","Neutralize+1","Backflip","Deadly Poison+1","Noxious Fumes+1","PiercingWail+1","Noxious Fumes+1","Calculated Gamble","Deflect+1","Calculated Gamble+1","Crippling Poison","Catalyst+1","Prepared","Eviscerate+1","Deadly Poison","Outmaneuver+1","Prepared+1","hubris:TrickCloak+1","Outmaneuver+1","infinitespire:FutureSight","Bullet Time+1","Reflex","Burst"],"relics":["Empty Cage","hubris:AncientText","Replay:Bottled Eggs","infinitespire:Beetle Shell","hubris:Towel","Bottled Tornado","Snecko Scales","Simple Rune","hubris:MedicalManual","Omamori","DemoMod:PoisonVial","ReplayTheSpireMod:CursedCoin","Iron Hammer","Replay:Baseball","DemoMod:GundromedaStrain","DemoMod:BlueGuonStone","Archangels Feather","DemoMod:ClearGuonStone","hubris:ScarierMask","Membership Card","Du-Vu Doll","hubris:OldNail","conspire:TopHat","DemoMod:MemoryAlloy","DemoMod:GlassGuonStoneRelic","hubris:TinFlute","Old Coin","energizedSpire:PogoStick","Huge Egg","Replay:Wanted Poster"],"acts_visited":["Exordium","TheCity","TheBeyond","Exordium","TheCity"],"potions_floor_usage":[],"damage_taken":[{"damage":5.0,"enemies":"2 Louse","floor":1.0,"turns":3.0},{"damage":0.0,"enemies":"Jaw Worm","floor":3.0,"turns":5.0},{"damage":0.0,"enemies":"Small Slimes","floor":5.0,"turns":3.0},{"damage":26.0,"enemies":"Gremlin Nob","floor":6.0,"turns":4.0},{"damage":20.0,"enemies":"Lagavulin","floor":8.0,"turns":6.0},{"damage":4.0,"enemies":"Exordium Thugs","floor":11.0,"turns":4.0},{"damage":0.0,"enemies":"2 Fungi Beasts","floor":13.0,"turns":3.0},{"damage":10.0,"enemies":"The Guardian","floor":16.0,"turns":7.0},{"damage":7.0,"enemies":"Shell Parasite","floor":18.0,"turns":5.0},{"damage":27.0,"enemies":"Cultist and Chosen","floor":20.0,"turns":5.0},{"damage":1.0,"enemies":"Shelled Parasite and Fungi","floor":21.0,"turns":5.0},{"damage":1.0,"enemies":"Book of Stabbing","floor":23.0,"turns":6.0},{"damage":5.0,"enemies":"conspire:Head Lice","floor":25.0,"turns":5.0},{"damage":7.0,"enemies":"Snake Plant","floor":28.0,"turns":3.0},{"damage":0.0,"enemies":"Cultist and Chosen","floor":30.0,"turns":4.0},{"damage":5.0,"enemies":"Centurion and Healer","floor":31.0,"turns":4.0},{"damage":18.0,"enemies":"Champ","floor":33.0,"turns":8.0},{"damage":0.0,"enemies":"3 Darklings","floor":35.0,"turns":2.0},{"damage":2.0,"enemies":"Orb Walker","floor":36.0,"turns":3.0},{"damage":5.0,"enemies":"Transient","floor":37.0,"turns":5.0},{"damage":0.0,"enemies":"Jaw Worm Horde","floor":39.0,"turns":2.0},{"damage":18.0,"enemies":"Spire Growth","floor":41.0,"turns":4.0},{"damage":0.0,"enemies":"Reptomancer","floor":42.0,"turns":2.0},{"damage":7.0,"enemies":"3 Darklings","floor":44.0,"turns":3.0},{"damage":0.0,"enemies":"Sphere and 2 Shapes","floor":45.0,"turns":4.0},{"damage":0.0,"enemies":"Mind Bloom Boss Battle","floor":47.0,"turns":4.0},{"damage":8.0,"enemies":"Nightmare","floor":48.0,"turns":4.0},{"damage":38.0,"enemies":"Awakened One","floor":50.0,"turns":8.0},{"damage":0.0,"enemies":"Cultist","floor":52.0,"turns":2.0},{"damage":0.0,"enemies":"Jaw Worm","floor":54.0,"turns":2.0},{"damage":0.0,"enemies":"2 Louse","floor":55.0,"turns":2.0},{"damage":0.0,"enemies":"Looter","floor":56.0,"turns":3.0},{"damage":0.0,"enemies":"3 Sentries","floor":57.0,"turns":3.0},{"damage":21.0,"enemies":"Red Slaver","floor":59.0,"turns":2.0},{"damage":0.0,"enemies":"Gremlin Nob","floor":61.0,"turns":2.0},{"damage":0.0,"enemies":"Lots of Slimes","floor":64.0,"turns":2.0},{"damage":0.0,"enemies":"Slime Boss","floor":67.0,"turns":4.0}],"seed_played":"-5736024954277537278","potions_obtained":[{"floor":3.0,"key":"Fruit Juice"},{"floor":6.0,"key":"Fire Potion"},{"floor":11.0,"key":"blueLaboratory:BlinkPotion"},{"floor":16.0,"key":"blueLaboratory:Virophage"},{"floor":23.0,"key":"Reflective Coating"},{"floor":25.0,"key":"sneckomod:MuddlingPotion"},{"floor":28.0,"key":"Adrenaline Potion"},{"floor":31.0,"key":"Poison Potion"},{"floor":33.0,"key":"blueLaboratory:NinjaPotion"},{"floor":36.0,"key":"Energy Potion"},{"floor":41.0,"key":"LifebloodPotion"},{"floor":44.0,"key":"Adrenaline Potion"},{"floor":52.0,"key":"SkillPotion"},{"floor":57.0,"key":"LiquidMemories"},{"floor":59.0,"key":"blueLaboratory:FruitPunch"}],"is_trial":false,"path_per_floor":["M","?","M","$","M","E","R","E","T","R","M","T","M","?","R_BF","B",null,"M","?","M","M","$","E","R","E","T","R","M","?","M","M","R_BF","B",null,"M","M","M","$","M","R","M","E","T","M","M","?","?","NM","R","B",null,"M","$","M","M","M","E","R","M","T","E","?","$","M","AVR","R_BF","B",null],"character_chosen":"THE_SILENT","items_purchased":["Deadly Poison","Simple Rune","ReplayTheSpireMod:CursedCoin","Iron Hammer","Replay:Baseball","Membership Card","Du-Vu Doll","hubris:OldNail"],"campfire_rested":1,"item_purchase_floors":[4,22,38,38,38,53,53,53],"current_hp_per_floor":[65,65,65,65,65,44,44,24,24,24,20,20,20,20,20,10,75,68,68,41,40,40,39,39,34,34,34,27,27,27,22,44,26,75,75,73,68,68,68,68,50,50,50,43,43,43,43,49,71,37,75,75,75,75,75,75,75,75,54,54,68,68,68,77,77,77,77,77,77],"gold":503,"neow_bonus":"BOSS_RELIC","is_daily":false,"chose_seed":false,"campfire_upgraded":5,"win_rate":0.0,"timestamp":1608205956,"path_taken":["M","?","M","$","M","E","R","E","T","R","M","?","M","?","R_BF","BOSS","M","?","?","M","$","E","R","E","T","R","M","?","M","M","R_BF","BOSS","M","M","M","$","M","R","M","E","T","M","M","?","?","NM","R","BOSS","M","$","M","M","M","E","R","M","T","E","?","$","M","AVR","R_BF","BOSS"],"items_purchased_type":["Card","Relic","Relic","Relic","Relic","Relic","Relic","Relic"],"build_version":"2020-12-13","purchased_purges":5,"victory":false,"max_hp_per_floor":[70,70,70,70,70,75,75,75,75,75,75,75,75,75,75,75,75,75,75,75,75,75,75,75,75,75,75,75,75,75,75,75,75,75,75,75,75,75,75,75,75,75,75,75,75,75,75,75,75,75,75,75,75,75,75,75,75,75,75,75,75,75,75,77,77,77,77,77,77],"card_choices":[{"not_picked":["All Out Attack","ReplayTheSpireMod:Tripwire"],"picked":"Backflip","floor":1.0},{"not_picked":["Quick Slash","Finisher"],"picked":"Bane","floor":3.0},{"not_picked":["All Out Attack","PiercingWail"],"picked":"Noxious Fumes","floor":5.0},{"not_picked":["Hidden Blade","Dash","Underhanded Strike"],"picked":"SKIP","floor":6.0},{"not_picked":["Underhanded Strike","Cloak And Dagger"],"picked":"PiercingWail","floor":8.0},{"not_picked":["Quick Slash","Finisher"],"picked":"Noxious Fumes","floor":11.0},{"not_picked":["PiercingWail","Backflip"],"picked":"Calculated Gamble","floor":13.0},{"not_picked":["Outmaneuver","Dodge and Roll","Backflip"],"picked":"SKIP","floor":18.0},{"not_picked":["hubris:Sniper","Quick Slash+1"],"picked":"Deflect+1","floor":20.0},{"not_picked":["Finisher+1","Bane+1"],"picked":"Calculated Gamble+1","floor":21.0},{"not_picked":["Masterful Stab","Prepared"],"picked":"Crippling Poison","floor":23.0},{"not_picked":["Dodge and Roll","Deflect"],"picked":"Catalyst","floor":25.0},{"not_picked":["Bouncing Flask","Sucker Punch"],"picked":"Prepared","floor":28.0},{"not_picked":["Quick Slash+1","ReplayTheSpireMod:Speed Training"],"picked":"Eviscerate+1","floor":30.0},{"not_picked":["Quick Slash","Riddle With Holes","Flechettes"],"picked":"SKIP","floor":31.0},{"not_picked":["Phantasmal Killer","Poison Darts"],"picked":"Grand Finale","floor":33.0},{"not_picked":["Blade Dance","Dagger Spray"],"picked":"Deadly Poison","floor":35.0},{"not_picked":["Well Laid Plans","Backflip+1"],"picked":"Outmaneuver+1","floor":36.0},{"not_picked":["Expertise+1","conspire:DoublingDagger+1","Outmaneuver"],"picked":"SKIP","floor":37.0},{"not_picked":["Backflip+1","PiercingWail+1"],"picked":"Prepared+1","floor":39.0},{"not_picked":["Underhanded Strike+1","Dodge and Roll+1","Cloak And Dagger+1"],"picked":"SKIP","floor":41.0},{"not_picked":["ReplayTheSpireMod:Tripwire+1","Malaise","Prepared"],"picked":"SKIP","floor":42.0},{"not_picked":["Acrobatics","Backflip+1","Dagger Throw+1"],"picked":"SKIP","floor":44.0},{"not_picked":["Choke","Acrobatics+1"],"picked":"hubris:TrickCloak+1","floor":45.0},{"not_picked":["Bane","Cloak And Dagger+1"],"picked":"Outmaneuver+1","floor":47.0},{"not_picked":["infinitespire:TheBestDefense","infinitespire:Oblivion"],"picked":"infinitespire:FutureSight","floor":48.0},{"not_picked":["Fluid Movement","conspire:DoublingDagger"],"picked":"conspire:PoisonWeapons","floor":48.0},{"not_picked":["ReplayTheSpireMod:Necrosis","Burst"],"picked":"Bullet Time","floor":50.0},{"not_picked":["Replay:Poison Smokescreen","Underhanded Strike","Sneak Up"],"picked":"SKIP","floor":52.0},{"not_picked":["Night Terror","Footwork","Setup"],"picked":"SKIP","floor":54.0},{"not_picked":["Cloak And Dagger","Underhanded Strike","Deadly Poison"],"picked":"SKIP","floor":55.0},{"not_picked":["Outmaneuver","hubris:SlightOfHand","Blade Dance"],"picked":"SKIP","floor":56.0},{"not_picked":["Deflect","Sneak Up","All Out Attack"],"picked":"SKIP","floor":57.0},{"not_picked":["Sneak Up","hubris:Sniper","Doppelganger"],"picked":"SKIP","floor":59.0},{"not_picked":["Deadly Poison","Flechettes","Hidden Blade"],"picked":"SKIP","floor":61.0},{"not_picked":["ReplayTheSpireMod:Exploit Weakness","Backflip"],"picked":"Reflex","floor":64.0},{"not_picked":["Envenom","After Image"],"picked":"Burst","floor":67.0}],"player_experience":315378,"relics_obtained":[{"floor":6.0,"key":"hubris:AncientText"},{"floor":8.0,"key":"Replay:Bottled Eggs"},{"floor":12.0,"key":"infinitespire:Beetle Shell"},{"floor":15.0,"key":"Bottled Tornado"},{"floor":23.0,"key":"hubris:MedicalManual"},{"floor":25.0,"key":"Omamori"},{"floor":26.0,"key":"DemoMod:PoisonVial"},{"floor":42.0,"key":"DemoMod:GundromedaStrain"},{"floor":43.0,"key":"DemoMod:BlueGuonStone"},{"floor":47.0,"key":"Archangels Feather"},{"floor":48.0,"key":"DemoMod:ClearGuonStone"},{"floor":57.0,"key":"conspire:TopHat"},{"floor":60.0,"key":"DemoMod:MemoryAlloy"},{"floor":61.0,"key":"hubris:TinFlute"},{"floor":66.0,"key":"Huge Egg"}],"event_choices":[{"cards_removed":["Defend_G"],"damage_healed":0.0,"max_hp_gain":0.0,"max_hp_loss":0.0,"gold_gain":0.0,"event_name":"The Cleric","player_choice":"Card Removal","floor":2.0,"gold_loss":50.0,"damage_taken":0.0},{"damage_healed":0.0,"max_hp_gain":0.0,"max_hp_loss":0.0,"gold_gain":0.0,"event_name":"Upgrade Shrine","player_choice":"Upgraded","floor":19.0,"gold_loss":0.0,"damage_taken":0.0,"cards_upgraded":["Noxious Fumes"]},{"damage_healed":0.0,"max_hp_gain":0.0,"max_hp_loss":0.0,"gold_gain":200.0,"event_name":"Wheel of Change","player_choice":"Gold","floor":29.0,"gold_loss":0.0,"damage_taken":0.0},{"cards_removed":["Bane"],"damage_healed":0.0,"max_hp_gain":0.0,"max_hp_loss":0.0,"gold_gain":0.0,"event_name":"Falling","player_choice":"Removed Attack","floor":46.0,"gold_loss":0.0,"damage_taken":0.0},{"damage_healed":0.0,"max_hp_gain":0.0,"max_hp_loss":0.0,"gold_gain":0.0,"event_name":"MindBloom","player_choice":"Fight","floor":47.0,"gold_loss":0.0,"damage_taken":0.0},{"damage_healed":0.0,"max_hp_gain":0.0,"max_hp_loss":0.0,"gold_gain":4.0,"event_name":"betterStone:BetterStone","player_choice":"1","floor":62.0,"gold_loss":0.0,"damage_taken":0.0}],"is_beta":false,"boss_relics":[{"not_picked":["ChewingGum","ReplayTheSpireMod:DimensionalGlitch"],"picked":"Snecko Scales"},{"not_picked":["hubris:BlackHole","Sozu","energizedSpire:HugeHouse"]},{"not_picked":["energizedSpire:EnergizedDie","Replay:Drink Me"],"picked":"hubris:ScarierMask"},{"not_picked":["Velvet Choker","energizedSpire:SpiderWeb"],"picked":"Replay:Wanted Poster"}],"items_purged_floors":[22,38,53,63,65],"is_endless":true,"potions_floor_spawned":[3,6,11,16,23,25,28,31,33,36,41,44,50,52,56,57,59,61],"ascension_level":4}}