{"host":"c3kh4y5z2xx8jyu6","time":1608195415,"event":{"mods":["AchievementEnabler","BaseMod","Colored Powertips","Downfall","Hermit","Hubris","Lobotomy","Marisa????????","Minty Spire (QoL Compilation)","READ ME - Guardian Mod","Replay The Spire","Shop Mod","StSLib","Td1madao Mod","The Bug Knight","The Cursed","The Disciple","The Hierophant","The Jungle","The Necromancer","The Runesmith","The Servant 0.9.4"],"gold_per_floor":[213,213,93,93,111,138,154,154,154,154,168,168,168,179,179,179,179],"floor_reached":16,"playtime":456,"items_purged":[],"score":100,"play_id":"74bf4be8-597a-4256-8946-f46d4f18d620","local_time":"20201217105655","is_ascension_mode":false,"campfire_choices":[{"data":"Blood_Is_Power","floor":8,"key":"SMITH"},{"data":"Life_Tap","floor":10,"key":"SMITH"},{"floor":15,"key":"REST"}],"circlet_count":0,"master_deck":["Strike_W+1","Strike_W","Strike_W","Strike_W","Defend_W","Defend_W","Defend_W+1","Defend_W","Negative_Energy_Arrows","Bone_Wall","Life_Tap+1","Bone_Armor+1","Summon_Lich+1","Normality","Blood_Is_Power+1","Slay_Living+1","Exploit","Blood_Shield"],"relics":["Vampire_Amulet","HollowMod:LifeEnderRelic","Whetstone","Juzu Bracelet"],"acts_visited":["Exordium"],"potions_floor_usage":[16],"damage_taken":[{"damage":1,"enemies":"Jaw Worm","floor":1,"turns":6},{"damage":1,"enemies":"2 Louse","floor":5,"turns":2},{"damage":14,"enemies":"HollowMod:MossKnight","floor":6,"turns":6},{"damage":0,"enemies":"Small Slimes","floor":7,"turns":3},{"damage":0,"enemies":"2 Fungi Beasts","floor":11,"turns":3},{"damage":3,"enemies":"3 Louse","floor":14,"turns":5},{"damage":70,"enemies":"Hexaghost","floor":16,"turns":11}],"seed_played":"-7604499889537225135","potions_obtained":[{"floor":1,"key":"Languid Potion"},{"floor":7,"key":"SteroidPotion"}],"is_trial":false,"path_per_floor":["M","?","$","?","M","E","M","R","T","R","M","?","?","M","R","B"],"character_chosen":"NECROMANCER","items_purchased":["Bone_Armor+1","Summon_Lich"],"campfire_rested":1,"item_purchase_floors":[3,3],"current_hp_per_floor":[75,75,75,75,75,63,67,67,67,67,71,56,44,47,69,0,0],"gold":179,"neow_bonus":"HUNDRED_GOLD","is_daily":false,"chose_seed":false,"campfire_upgraded":2,"win_rate":0.0,"timestamp":1608195415,"path_taken":["M","?","$","?","M","E","M","R","T","R","M","?","?","M","R","BOSS"],"items_purchased_type":["Card","Card"],"build_version":"2020-12-13","purchased_purges":0,"victory":false,"max_hp_per_floor":[75,75,75,75,75,75,75,75,75,75,75,75,75,75,75,75,75],"card_choices":[{"not_picked":["Epidemic","Slay_Living"],"picked":"Life_Tap","floor":1},{"not_picked":["Consume_Illness","Blood_Curse"],"picked":"Blood_Is_Power","floor":5},{"not_picked":["Bone_Spikes","Finger_Of_Death"],"picked":"Slay_Living","floor":6},{"not_picked":["Bones_to_Steel","Death_Coil"],"picked":"Exploit","floor":7},{"not_picked":["Flesh_Made_Foul","Chill_Blood"],"picked":"Blood_Shield","floor":11},{"not_picked":["Death_March_Dance","Blood_Whip","Acid_Javelin"],"picked":"SKIP","floor":14}],"player_experience":197991,"relics_obtained":[{"floor":6,"key":"HollowMod:LifeEnderRelic"},{"floor":9,"key":"Whetstone"}],"event_choices":[{"damage_healed":0,"gold_gain":0,"player_choice":"Ignored","damage_taken":0,"max_hp_gain":0,"max_hp_loss":0,"event_name":"Golden Wing","floor":2,"gold_loss":0},{"damage_healed":0,"gold_gain":0,"player_choice":"Entered Light","damage_taken":15,"max_hp_gain":0,"max_hp_loss":0,"event_name":"Shining Light","floor":12,"gold_loss":0,"cards_upgraded":["Summon_Lich","Defend_W"]},{"damage_healed":0,"gold_gain":0,"player_choice":"Success","damage_taken":12,"relics_obtained":["Juzu Bracelet"],"max_hp_gain":0,"max_hp_loss":0,"event_name":"Scrap Ooze","floor":13,"gold_loss":0}],"is_beta":false,"boss_relics":[],"items_purged_floors":[],"is_endless":false,"potions_floor_spawned":[1,7],"killed_by":"Hexaghost","ascension_level":0}}