{"host":"7t8rqoeeopyy0nh0","time":1608195497,"event":{"mods":["AchievementEnabler","BaseMod","Better Third Choice","BetterRewards","Colored Map","Colored Powertips","Downfall","Hubris","Infinite Spire","Minty Spire (QoL Compilation)","Replay The Spire","StSLib"],"gold_per_floor":[115,115,126,137,154,154,180,180,204,204,204,230,42,61,61,162,162,180,192,202,202,219,250,265,290,336,355,355,382,342,352,352,352,352],"floor_reached":33,"playtime":1711,"items_purged":["Strike_G"],"score":644,"play_id":"4f124fae-5cf6-4d56-b6f7-75f831ebbd6d","local_time":"20201217035817","is_ascension_mode":true,"campfire_choices":[{"data":"Noxious Fumes","floor":6,"key":"SMITH"},{"data":"Crippling Poison","floor":8,"key":"SMITH"},{"floor":11,"key":"REST"},{"floor":15,"key":"REST"},{"floor":28,"key":"REST"},{"data":"Calculated Gamble","floor":32,"key":"SMITH"}],"circlet_count":0,"master_deck":["Strike_G","Strike_G","Strike_G","Defend_G","Defend_G","Defend_G","Defend_G","Defend_G","Survivor","Neutralize+1","Well Laid Plans","Noxious Fumes+1","Crippling Poison+1","Dagger Spray+1","Dagger Spray+1","Toxin Wave+1","Footwork","Footwork","Corpse Explosion","Calculated Gamble+1","PiercingWail"],"relics":["Ring of the Snake","Bird Faced Urn","Molten Egg 2","White Beast Statue","Bag of Preparation","Membership Card","Runic Pyramid","Tiny Chest","ReplayFunnel","Orichalcum","Anchor"],"acts_visited":["Exordium","TheCity"],"potions_floor_usage":[7,12,23,23,23,25,27,29,29,31,33],"damage_taken":[{"damage":4,"enemies":"2 Louse","floor":1,"turns":3},{"damage":3,"enemies":"Jaw Worm","floor":3,"turns":7},{"damage":0,"enemies":"Cultist","floor":4,"turns":4},{"damage":5,"enemies":"Large Slime","floor":5,"turns":4},{"damage":12,"enemies":"Gremlin Nob","floor":7,"turns":3},{"damage":20,"enemies":"Lagavulin","floor":12,"turns":5},{"damage":0,"enemies":"Gremlin Gang","floor":14,"turns":2},{"damage":15,"enemies":"The Guardian","floor":16,"turns":10},{"damage":28,"enemies":"2 Thieves","floor":18,"turns":3},{"damage":3,"enemies":"Shell Parasite","floor":19,"turns":7},{"damage":9,"enemies":"Cultist and Chosen","floor":20,"turns":4},{"damage":4,"enemies":"Chosen and Byrds","floor":22,"turns":5},{"damage":49,"enemies":"Book of Stabbing","floor":23,"turns":8},{"damage":0,"enemies":"3 Cultists","floor":24,"turns":3},{"damage":1,"enemies":"Replay:Snechameleon","floor":25,"turns":9},{"damage":0,"enemies":"Centurion and Healer","floor":27,"turns":5},{"damage":12,"enemies":"Slavers","floor":29,"turns":3},{"damage":8,"enemies":"Snake Plant","floor":31,"turns":6},{"damage":57,"enemies":"Collector","floor":33,"turns":9}],"seed_played":"-8967471465658442017","potions_obtained":[{"floor":1,"key":"Poison Potion"},{"floor":3,"key":"Fire Potion"},{"floor":12,"key":"Fire Potion"},{"floor":14,"key":"GamblersBrew"},{"floor":16,"key":"LifebloodPotion"},{"floor":19,"key":"Toxic Potion"},{"floor":22,"key":"Regen Potion"},{"floor":23,"key":"DistilledChaos"},{"floor":24,"key":"EssenceOfSteel"},{"floor":25,"key":"Fire Potion"},{"floor":27,"key":"hexamod:EctoCoolerPotion"},{"floor":29,"key":"Strength Potion"},{"floor":30,"key":"SkillPotion"},{"floor":30,"key":"DuplicationPotion"},{"floor":30,"key":"Fire Potion"},{"floor":31,"key":"Strength Potion"}],"is_trial":false,"path_per_floor":["M","?","M","M","M","R","E","R","T","?","R","E","$","M","R","B",null,"M","M","M","?","M","E","M","E","T","M","R","E","?","M","R","B"],"character_chosen":"THE_SILENT","items_purchased":["Bird Faced Urn","Well Laid Plans","Molten Egg 2","Noxious Fumes","Crippling Poison","Membership Card"],"campfire_rested":3,"item_purchase_floors":[0,0,0,0,0,13],"current_hp_per_floor":[40,40,41,43,42,42,34,34,34,34,55,37,37,39,60,53,66,42,45,42,42,44,18,22,29,29,37,58,48,48,48,48,0,0],"gold":352,"neow_bonus":"","is_daily":false,"chose_seed":false,"campfire_upgraded":3,"win_rate":0.0,"timestamp":1608195497,"path_taken":["M","?","M","M","M","R","E","R","T","?","R","E","$","M","R","BOSS","M","M","?","?","M","E","M","E","T","?","R","E","?","M","R","BOSS"],"items_purchased_type":["Relic","Card","Relic","Card","Card","Relic"],"build_version":"2020-12-13","purchased_purges":1,"victory":false,"max_hp_per_floor":[70,70,70,70,70,70,70,70,70,70,70,70,70,70,70,70,70,70,70,70,70,70,70,70,70,70,70,70,70,70,70,70,70,70],"card_choices":[{"not_picked":["Cloak And Dagger","Prepared","Masterful Stab+1"],"picked":"SKIP","floor":1},{"not_picked":["Concentrate","Eviscerate+1"],"picked":"Dagger Spray+1","floor":3},{"not_picked":["Flying Knee+1","Prepared"],"picked":"Dagger Spray+1","floor":4},{"not_picked":["Draining Mist","ReplayTheSpireMod:Shiv Toss","Outmaneuver"],"picked":"SKIP","floor":5},{"not_picked":["Fluid Movement","Acrobatics"],"picked":"Toxin Wave","floor":7},{"not_picked":["Calculated Gamble","Hidden Blade"],"picked":"Footwork","floor":12},{"not_picked":["Expertise","hubris:SlightOfHand"],"picked":"Footwork","floor":14},{"not_picked":["Burst","Atom Bomb+1"],"picked":"Corpse Explosion","floor":16},{"not_picked":["Underhanded Strike+1","Acrobatics+1","Quick Slash+1"],"picked":"SKIP","floor":18},{"not_picked":["Underhanded Strike+1","Prepared","Dagger Spray+1"],"picked":"SKIP","floor":19},{"not_picked":["Dagger Throw+1","Expertise+1"],"picked":"Calculated Gamble","floor":20},{"not_picked":["Accuracy+1","Slice+1","hubris:TrickCloak"],"picked":"SKIP","floor":22},{"not_picked":["Venomology","Eviscerate+1"],"picked":"PiercingWail","floor":23},{"not_picked":["Hidden Blade","hubris:SlightOfHand","ReplayTheSpireMod:Exploit Weakness"],"picked":"SKIP","floor":24},{"not_picked":["Dagger Throw+1","Tools of the Trade","Poisoned Stab+1"],"picked":"SKIP","floor":25},{"not_picked":["Endless Agony+1","Deadly Poison","Dagger Spray+1"],"picked":"SKIP","floor":27},{"not_picked":["Deadly Poison","Calculated Gamble","Leg Sweep"],"picked":"SKIP","floor":29},{"not_picked":["Heel Hook+1","hubris:SlightOfHand","Quick Slash+1"],"picked":"SKIP","floor":31}],"player_experience":330399,"relics_obtained":[{"floor":7,"key":"White Beast Statue"},{"floor":12,"key":"Bag of Preparation"},{"floor":23,"key":"Tiny Chest"},{"floor":25,"key":"ReplayFunnel"},{"floor":26,"key":"Orichalcum"},{"floor":29,"key":"Anchor"}],"event_choices":[{"damage_healed":0,"gold_gain":0,"player_choice":"Forge","damage_taken":0,"max_hp_gain":0,"max_hp_loss":0,"event_name":"Accursed Blacksmith","floor":10,"gold_loss":0,"cards_upgraded":["Toxin Wave"]},{"cards_removed":["Strike_G"],"damage_healed":0,"gold_gain":0,"player_choice":"Offered Basic","damage_taken":0,"max_hp_gain":0,"max_hp_loss":0,"event_name":"Bonfire Elementals","floor":21,"gold_loss":0},{"damage_healed":0,"gold_gain":0,"player_choice":"Bought 3 Potions","damage_taken":0,"max_hp_gain":0,"max_hp_loss":0,"event_name":"The Woman in Blue","floor":30,"gold_loss":0}],"is_beta":false,"boss_relics":[{"not_picked":["WristBlade","hubris:CrackedHourglass"],"picked":"Runic Pyramid"}],"items_purged_floors":[13],"is_endless":false,"potions_floor_spawned":[1,3,12,14,16,18,19,20,22,23,24,25,27,29,31],"killed_by":"Collector","ascension_level":9}}