{"host":"szp1d6dso4pv7ddl","time":1608187685,"event":{"mods":["AchievementEnabler","Alarm Clock","BaseMod","Bestiary","Block Reminder","Colored Map","Colored Powertips","Curses Come First","Displayed Cursed Tome","Highlight Path","Minty Spire (QoL Compilation)","Permanent Neow","Quick Restart","Relic Stats","StSLib"],"gold_per_floor":[116,116,86,96,108,137,137,172,207,219,250,275,307,334,346,454,466,493,430,475,498,510,510],"floor_reached":22,"playtime":1595,"items_purged":[],"score":307,"play_id":"51863634-58c3-4535-9bd2-3431dd3199ef","local_time":"20201216224805","is_ascension_mode":true,"campfire_choices":[{"data":"Perfected Strike","floor":7.0,"key":"SMITH"},{"floor":10.0,"key":"REST"},{"floor":15,"key":"REST"}],"circlet_count":0,"master_deck":["AscendersBane","Strike_R","Strike_R","Strike_R","Strike_R","Defend_R","Defend_R","Bash","Reckless Charge","Perfected Strike","Anger","Twin Strike","Anger","Perfected Strike+1","Uppercut","Reaper","CurseOfTheBell"],"relics":["Burning Blood","Bag of Preparation","MawBank","Boot","Calling Bell","MealTicket","Meat on the Bone","Gambling Chip","Red Mask"],"acts_visited":["Exordium","TheCity"],"potions_floor_usage":[21],"damage_taken":[{"damage":8.0,"enemies":"Small Slimes","floor":1.0,"turns":4.0},{"damage":1.0,"enemies":"Cultist","floor":4.0,"turns":3.0},{"damage":12.0,"enemies":"Jaw Worm","floor":5.0,"turns":2.0},{"damage":40.0,"enemies":"3 Sentries","floor":6.0,"turns":7.0},{"damage":16.0,"enemies":"Gremlin Nob","floor":8.0,"turns":3.0},{"damage":11.0,"enemies":"Looter","floor":11.0,"turns":2.0},{"damage":24.0,"enemies":"Exordium Thugs","floor":12.0,"turns":4.0},{"damage":10,"enemies":"Gremlin Gang","floor":13,"turns":3},{"damage":9,"enemies":"Blue Slaver","floor":14,"turns":2},{"damage":52,"enemies":"Hexaghost","floor":16,"turns":7},{"damage":6,"enemies":"Spheric Guardian","floor":18,"turns":3},{"damage":46,"enemies":"Masked Bandits","floor":20,"turns":5},{"damage":26,"enemies":"Shell Parasite","floor":21,"turns":3},{"damage":16,"enemies":"Centurion and Healer","floor":22,"turns":2}],"seed_played":"6500033960324774359","potions_obtained":[{"floor":3.0,"key":"BloodPotion"},{"floor":3.0,"key":"DuplicationPotion"},{"floor":11.0,"key":"CultistPotion"},{"floor":12.0,"key":"DistilledChaos"},{"floor":21,"key":"SteroidPotion"}],"is_trial":false,"path_per_floor":["M","?","?","M","M","E","R","E","T","R","M","M","M","M","R","B",null,"M","?","?","M","M"],"character_chosen":"IRONCLAD","items_purchased":[],"campfire_rested":2,"item_purchase_floors":[],"current_hp_per_floor":[70,70,70,75,69,51,51,41,41,65,60,42,38,35,59,13,63,63,63,35,27,11,11],"gold":510,"neow_bonus":"TRANSFORM_CARD","is_daily":false,"chose_seed":false,"campfire_upgraded":1,"win_rate":0.0,"timestamp":1608187685,"path_taken":["M","?","?","?","M","E","R","E","T","R","M","M","M","?","R","BOSS","M","?","?","?","?"],"items_purchased_type":[],"build_version":"2020-12-13","purchased_purges":0,"victory":false,"max_hp_per_floor":[80,80,80,80,80,80,80,80,80,80,80,80,80,80,80,80,80,80,80,80,80,80,80],"relic_stats":{"counters":[14,50],"Gambling Chip":[12],"MealTicket":0,"Bag of Preparation":[20],"MawBank":168,"Boot":[10],"obtain_stats":[{"Calling Bell":17,"Gambling Chip":17,"MealTicket":17,"Bag of Preparation":6,"Red Mask":20,"MawBank":8,"Boot":9,"Burning Blood":0,"Meat on the Bone":17},{"Calling Bell":10,"Gambling Chip":10,"MealTicket":10,"Bag of Preparation":4,"Red Mask":12,"MawBank":5,"Boot":5,"Burning Blood":0,"Meat on the Bone":10},{"Calling Bell":37,"Gambling Chip":37,"MealTicket":37,"Bag of Preparation":16,"Red Mask":45,"MawBank":19,"Boot":19,"Burning Blood":0,"Meat on the Bone":37}],"Burning Blood":78,"Meat on the Bone":24},"card_choices":[{"not_picked":["Sword Boomerang","Burning Pact"],"picked":"Perfected Strike","floor":1.0},{"not_picked":["Clash","True Grit"],"picked":"Twin Strike","floor":4.0},{"not_picked":["Disarm","Thunderclap"],"picked":"Anger","floor":5.0},{"not_picked":["Flame Barrier","Seeing Red"],"picked":"Perfected Strike","floor":6.0},{"not_picked":["Rupture","Evolve"],"picked":"Uppercut","floor":8.0},{"not_picked":["Reckless Charge","Iron Wave","Flex"],"picked":"SKIP","floor":11.0},{"not_picked":["Sword Boomerang","Anger","Pummel"],"picked":"SKIP","floor":12.0},{"not_picked":["Demon Form","Disarm","Body Slam"],"picked":"SKIP","floor":13},{"not_picked":["Fire Breathing","Dual Wield","Cleave"],"picked":"SKIP","floor":14},{"not_picked":["Barricade","Exhume"],"picked":"Reaper","floor":16},{"not_picked":["Spot Weakness","Cleave+1","Clash"],"picked":"SKIP","floor":18},{"not_picked":["Searing Blow","Pommel Strike","Entrench+1"],"picked":"SKIP","floor":21}],"player_experience":962696,"relics_obtained":[{"floor":6.0,"key":"Bag of Preparation"},{"floor":8.0,"key":"MawBank"},{"floor":9.0,"key":"Boot"},{"floor":17,"key":"MealTicket"},{"floor":17,"key":"Meat on the Bone"},{"floor":17,"key":"Gambling Chip"},{"floor":20,"key":"Red Mask"}],"event_choices":[{"damage_healed":0.0,"max_hp_gain":0.0,"max_hp_loss":0.0,"gold_gain":0.0,"cards_transformed":["Defend_R"],"event_name":"Living Wall","player_choice":"Change","floor":2.0,"gold_loss":0.0,"damage_taken":0.0,"cards_obtained":["Anger"]},{"damage_healed":0.0,"max_hp_gain":0.0,"max_hp_loss":0.0,"gold_gain":0.0,"event_name":"The Woman in Blue","player_choice":"Bought 2 Potions","floor":3.0,"gold_loss":0.0,"damage_taken":0.0},{"cards_removed":["Defend_R"],"damage_healed":0,"gold_gain":0,"player_choice":"Gave Gold","damage_taken":0,"max_hp_gain":0,"max_hp_loss":0,"event_name":"Beggar","floor":19,"gold_loss":75},{"damage_healed":0,"gold_gain":0,"player_choice":"Fought Bandits","damage_taken":0,"max_hp_gain":0,"max_hp_loss":0,"event_name":"Masked Bandits","floor":20,"gold_loss":0}],"is_beta":false,"boss_relics":[{"not_picked":["Cursed Key","Runic Dome"],"picked":"Calling Bell"}],"items_purged_floors":[],"is_endless":false,"potions_floor_spawned":[5,11,12,14,18,21],"killed_by":"Centurion and Healer","ascension_level":11}}