{"host":"ya062ahhhuj9au1o","time":1608176170,"event":{"mods":["BaseMod","Better Third Choice","Filter the Spire","Hermit","Minty Spire (QoL Compilation)","Random Character Button","Robot Space Explorer","Somnambulant","StSLib","The Bug Knight","The Cursed","The Servant 0.9.4"],"gold_per_floor":[10,10,10,30,30,30,47,76,146,146,146,146,146,159,159,289,289,308,322,341,441,461,461,495,495,519,519,535,535,551,92,92,218,281,305,326,226,245,245,245,245,280,304,328,364,364,157,137,137,137],"floor_reached":51,"playtime":3325,"items_purged":["hermit:Defend_Hermit","hermit:Defend_Hermit","hermit:Strike_Hermit"],"score":918,"play_id":"380ae8b6-18c5-4dd9-bd24-104b1361147f","local_time":"20201216223610","is_ascension_mode":true,"campfire_choices":[{"data":"hermit:CursedWeapon","floor":6.0,"key":"SMITH"},{"floor":11.0,"key":"REST"},{"data":"hermit:CalledShot","floor":13.0,"key":"SMITH"},{"data":"hermit:WideOpen","floor":15.0,"key":"SMITH"},{"floor":23.0,"key":"REST"},{"floor":25.0,"key":"REST"},{"floor":27.0,"key":"REST"},{"data":"hermit:EternalForm","floor":29.0,"key":"SMITH"},{"data":"hermit:Snapshot","floor":32.0,"key":"SMITH"},{"data":"Panache","floor":40,"key":"SMITH"},{"data":"hermit:CalledShot","floor":46,"key":"SMITH"},{"floor":49,"key":"REST"}],"circlet_count":0,"master_deck":["hermit:Strike_Hermit","hermit:Strike_Hermit+1","hermit:Strike_Hermit+1","hermit:Snapshot+1","hermit:Covet","Panache+1","hermit:Roughhouse+1","hermit:CursedWeapon+1","hermit:CalledShot+1","hermit:WideOpen+1","hermit:HeroicBravado+1","CurseOfTheBell","hermit:Manifest+1","hermit:EternalForm+1","hermit:Enervate+1","hermit:Gestalt+1","Flash of Steel","hermit:HeroicBravado+1","hermit:CalledShot+1","hermit:Shortfuse+1","Finesse+1"],"relics":["hermit:Momento","Pen Nib","Singing Bowl","Golden Idol","Toxic Egg 2","Calling Bell","Akabeko","hermit:Horseshoe","StoneCalendar","Ancient Tea Set","Whetstone","Regal Pillow","Bronze Scales","Tiny House","Lizard Tail","Art of War","Mummified Hand"],"acts_visited":["Exordium","TheCity","TheBeyond"],"potions_floor_usage":[33,50,50],"damage_taken":[{"damage":0.0,"enemies":"Cultist","floor":1.0,"turns":3.0},{"damage":12.0,"enemies":"Jaw Worm","floor":4.0,"turns":2.0},{"damage":2.0,"enemies":"2 Louse","floor":7.0,"turns":1.0},{"damage":38.0,"enemies":"Gremlin Nob","floor":8.0,"turns":4.0},{"damage":14.0,"enemies":"Large Slime","floor":14.0,"turns":4.0},{"damage":10.0,"enemies":"Slime Boss","floor":16.0,"turns":6.0},{"damage":25.0,"enemies":"3 Byrds","floor":18.0,"turns":5.0},{"damage":20.0,"enemies":"2 Thieves","floor":19.0,"turns":4.0},{"damage":10.0,"enemies":"Snake Plant","floor":20.0,"turns":2.0},{"damage":14.0,"enemies":"3 Cultists","floor":22.0,"turns":4.0},{"damage":33.0,"enemies":"Gremlin Leader","floor":24.0,"turns":6.0},{"damage":4.0,"enemies":"Cultist and Chosen","floor":28.0,"turns":3.0},{"damage":2.0,"enemies":"Centurion and Healer","floor":30.0,"turns":3.0},{"damage":20,"enemies":"Collector","floor":33,"turns":5},{"damage":1,"enemies":"Orb Walker","floor":35,"turns":2},{"damage":7,"enemies":"3 Shapes","floor":36,"turns":2},{"damage":3,"enemies":"Spire Growth","floor":38,"turns":2},{"damage":5,"enemies":"Nemesis","floor":42,"turns":3},{"damage":30,"enemies":"Sphere and 2 Shapes","floor":44,"turns":4},{"damage":2,"enemies":"Giant Head","floor":45,"turns":5},{"damage":41,"enemies":"Donu and Deca","floor":50,"turns":7}],"seed_played":"8752675739226792517","potions_obtained":[{"floor":4.0,"key":"CultistPotion"},{"floor":7.0,"key":"Strength Potion"},{"floor":20.0,"key":"Weak Potion"},{"floor":22.0,"key":"SpeedPotion"},{"floor":24.0,"key":"FairyPotion"},{"floor":30.0,"key":"Weak Potion"},{"floor":34,"key":"Energy Potion"},{"floor":36,"key":"DistilledChaos"},{"floor":48,"key":"Block Potion"}],"is_trial":false,"path_per_floor":["M","?","?","M","$","R","M","E","T","?","R","T","R","M","R","B",null,"M","M","M","?","M","R","E","R","T","R","M","R","M","$","R","B",null,"M","M","$","M","?","R","?","E","T","M","E","R","$","?","R","B",null],"character_chosen":"HERMIT","items_purchased":["Flash of Steel","Regal Pillow","Bronze Scales","Finesse+1"],"campfire_rested":5,"item_purchase_floors":[31,31,31,47],"current_hp_per_floor":[75,75,80,68,68,68,66,28,28,28,50,50,50,36,36,26,74,51,33,25,25,11,35,2,26,26,50,46,46,44,44,44,24,85,86,79,79,78,80,80,80,77,77,49,49,49,49,49,93,52],"gold":137,"neow_bonus":"RANDOM_COLORLESS_2","is_daily":false,"chose_seed":false,"campfire_upgraded":7,"win_rate":0.0,"timestamp":1608176170,"path_taken":["M","?","?","M","?","R","M","E","T","?","R","?","R","M","R","BOSS","M","M","M","?","M","R","E","R","T","R","?","R","M","?","R","BOSS","M","M","$","?","?","R","?","E","T","?","E","R","$","?","R","BOSS"],"items_purchased_type":["Card","Relic","Relic","Card"],"build_version":"2020-12-13","purchased_purges":3,"victory":true,"max_hp_per_floor":[75,75,80,80,80,80,80,80,80,74,74,74,74,74,74,74,74,76,78,80,80,80,80,80,80,80,80,80,80,80,80,80,80,85,87,87,87,89,91,91,91,93,93,95,97,97,97,97,97,97],"card_choices":[{"not_picked":["Magnetism","Transmutation"],"picked":"Panache","floor":0.0},{"not_picked":["hermit:HighCaliber","hermit:ItchyTrigger","hermit:Snipe"],"picked":"SKIP","floor":1.0},{"not_picked":["hermit:TakeCover","hermit:Quickdraw"],"picked":"hermit:CursedWeapon","floor":4.0},{"not_picked":["hermit:Midnight","hermit:Roulette","hermit:BodyArmor"],"picked":"SKIP","floor":7.0},{"not_picked":["hermit:SprayPray","hermit:Manifest"],"picked":"hermit:CalledShot","floor":8.0},{"not_picked":["hermit:Roulette","hermit:Desperado"],"picked":"hermit:WideOpen","floor":14.0},{"not_picked":["hermit:FatalDesire","hermit:Adapt"],"picked":"hermit:HeroicBravado+1","floor":16.0},{"not_picked":["hermit:ItchyTrigger","hermit:CursedWeapon+1","hermit:Coalescence+1"],"picked":"Singing Bowl","floor":18.0},{"not_picked":["hermit:LowProfile+1","hermit:TrackingShot","hermit:CursedWeapon"],"picked":"Singing Bowl","floor":19.0},{"not_picked":["hermit:Desperado","hermit:Combo","hermit:Maintenance+1"],"picked":"Singing Bowl","floor":20.0},{"not_picked":["hermit:WideOpen","hermit:Glare+1"],"picked":"hermit:Manifest+1","floor":22.0},{"not_picked":["hermit:HighCaliber","hermit:Feint+1"],"picked":"hermit:EternalForm","floor":24.0},{"not_picked":["hermit:Snipe+1","hermit:WideOpen"],"picked":"hermit:Enervate+1","floor":28.0},{"not_picked":["hermit:Dive+1","hermit:HoleUp+1"],"picked":"hermit:Gestalt+1","floor":30.0},{"not_picked":["hermit:Gambit+1","hermit:Purgatory"],"picked":"hermit:HeroicBravado+1","floor":33},{"not_picked":["hermit:Cheat+1","hermit:HoleUp+1"],"picked":"hermit:CalledShot","floor":34},{"not_picked":["hermit:Grudge+1","hermit:Quickdraw+1","hermit:Desperado+1"],"picked":"Singing Bowl","floor":35},{"not_picked":["hermit:Vantage+1","hermit:EyeOfTheStorm+1"],"picked":"hermit:Shortfuse+1","floor":36},{"not_picked":["hermit:SprayPray+1","hermit:Desperado+1","hermit:HighCaliber"],"picked":"Singing Bowl","floor":38},{"not_picked":["Bandage Up+1","Secret Technique+1","Madness+1"],"picked":"Singing Bowl","floor":39},{"not_picked":["hermit:Cheat+1","hermit:TakeAim","hermit:Ricochet+1"],"picked":"Singing Bowl","floor":42},{"not_picked":["hermit:SprayPray+1","hermit:Manifest+1","hermit:Snipe+1"],"picked":"Singing Bowl","floor":44},{"not_picked":["hermit:Showdown","hermit:Glare+1","hermit:Midnight+1"],"picked":"Singing Bowl","floor":45}],"player_experience":1636290,"relics_obtained":[{"floor":8.0,"key":"Pen Nib"},{"floor":9.0,"key":"Singing Bowl"},{"floor":12.0,"key":"Toxic Egg 2"},{"floor":17.0,"key":"Akabeko"},{"floor":17.0,"key":"hermit:Horseshoe"},{"floor":17.0,"key":"StoneCalendar"},{"floor":24.0,"key":"Ancient Tea Set"},{"floor":26.0,"key":"Whetstone"},{"floor":42,"key":"Lizard Tail"},{"floor":43,"key":"Art of War"},{"floor":45,"key":"Mummified Hand"}],"event_choices":[{"damage_healed":0.0,"max_hp_gain":0.0,"max_hp_loss":0.0,"gold_gain":0.0,"cards_transformed":["hermit:Defend_Hermit"],"event_name":"Living Wall","player_choice":"Change","floor":2.0,"gold_loss":0.0,"damage_taken":0.0,"cards_obtained":["hermit:Roughhouse"]},{"damage_healed":0.0,"max_hp_gain":5.0,"max_hp_loss":0.0,"gold_gain":0.0,"event_name":"Big Fish","player_choice":"Donut","floor":3.0,"gold_loss":0.0,"damage_taken":0.0},{"damage_healed":0.0,"max_hp_gain":0.0,"max_hp_loss":6.0,"gold_gain":0.0,"event_name":"Golden Idol","player_choice":"Lose Max HP","floor":10.0,"gold_loss":0.0,"damage_taken":0.0,"relics_obtained":["Golden Idol"]},{"damage_healed":0.0,"max_hp_gain":0.0,"max_hp_loss":0.0,"gold_gain":100.0,"event_name":"Golden Shrine","player_choice":"Pray","floor":21.0,"gold_loss":0.0,"damage_taken":0.0},{"damage_healed":0,"gold_gain":0,"player_choice":"Memory 1","damage_taken":0,"max_hp_gain":0,"max_hp_loss":0,"event_name":"SensoryStone","floor":39,"gold_loss":0},{"cards_removed":["hermit:Defend_Hermit"],"damage_healed":0,"gold_gain":0,"player_choice":"Purged","damage_taken":0,"max_hp_gain":0,"max_hp_loss":0,"event_name":"Purifier","floor":41,"gold_loss":0},{"damage_healed":0,"gold_gain":0,"player_choice":"Bought 1 Potion","damage_taken":0,"max_hp_gain":0,"max_hp_loss":0,"event_name":"The Woman in Blue","floor":48,"gold_loss":0}],"is_beta":false,"boss_relics":[{"not_picked":["Runic Pyramid","Pandora\u0027s Box"],"picked":"Calling Bell"},{"not_picked":["Black Star","Fusion Hammer"],"picked":"Tiny House"}],"items_purged_floors":[31,37,47],"is_endless":false,"potions_floor_spawned":[4,7,20,22,24,30,36,38,44],"ascension_level":4}}