{"host":"xenpv6dj5x1yxp66","time":1608215536,"event":{"mods":["AchievementEnabler","Aspiration","BaseMod","Better Altar","Better Sensory Stone","Better Skull","Better Third Choice","BetterRewards","Colored Map","Colored Powertips","Conspire","Downfall","Highlight Path","Hubris","Marisa????????","Minty Spire (QoL Compilation)","Quick Restart","READ ME - Guardian Mod","Replay The Spire","Shade Mod","StSLib","The Animator","The Bug Knight","The Construct","The Cursed","The Disciple","The Necromancer","The Runesmith","The Servant 0.9.4"],"gold_per_floor":[99,99,99,114,114,145,172,9,9,9,21,21,21,21,35,139,139,139,139,75,75,75,75,75,75,75,75,75,75,75,75,75,75,75,75,75,75,75,75,75,75,75,75,75,75,75,25,25,25,25],"floor_reached":51,"playtime":2707,"items_purged":[],"score":712,"play_id":"0e096b43-4baa-428b-bac9-2c5e5c0bb099","local_time":"20201217153216","is_ascension_mode":false,"campfire_choices":[{"data":"Slimebound:CorrosiveSpit","floor":1,"key":"SMITH"},{"data":"Slimebound:Strike_Slimebound","floor":3,"key":"SMITH"},{"data":"Slimebound:Nibble","floor":5,"key":"SMITH"},{"floor":10,"key":"RECALL"},{"data":"Slimebound:Recycling","floor":18,"key":"SMITH"},{"data":"Slimebound:AcidTongue","floor":27,"key":"SMITH"},{"data":"Slimebound:RallyTheTroops","floor":35,"key":"SMITH"},{"data":"Slimebound:Dissolve","floor":37,"key":"SMITH"},{"data":"Slimebound:SplitMire","floor":42,"key":"SMITH"},{"data":"Replay:SS_fish_2","floor":44,"key":"SMITH"}],"circlet_count":0,"master_deck":["Slimebound:Tackle","Slimebound:Defend_Slimebound","Slimebound:Defend_Slimebound+1","Slimebound:Defend_Slimebound+1","Slimebound:Defend_Slimebound","Slimebound:Split+1","Slimebound:CorrosiveSpit+1","Slimebound:Nibble+1","Slimebound:LeechingTouch+1","Slimebound:SamplingLick+1","Slimebound:SplitMire","Regret","Slimebound:AcidTongue+1","Slimebound:Recycling+1","Slimebound:Dissolve+1","Slimebound:SplitMire+1","Slimebound:Schlurp","Slimebound:SlimeBrawl+1","Slimebound:Tackle+1","Slimebound:Tackle+1","Slimebound:Tackle+1","Slimebound:GoopSpray","Slimebound:ViciousTackle","Slimebound:RollThrough+1","Slimebound:RejuvenatingLick","Slimebound:SplitAcid+1","Slimebound:Nibble+1","Slimebound:RallyTheTroops+1","Slimebound:LeechEnergy+1","Slimebound:FormOfPuddle","Replay:SS_fish_2+1","expansioncontent:YouAreMine","Slimebound:FormOfPuddle+1","Slimebound:LeechEnergy+1","Slimebound:Darklings","Slimebound:AcidTongue","Slimebound:SplitMire+1","Slimebound:DisruptingSlam+1"],"relics":["Slimebound:AbsorbEndCombat","hubris:MysteriousPyramids","ReplayTheSpireMod:Lightbulb","ReplayFunnel","Ectoplasm","Pet Ghost","Happy Flower","Darkstone Periapt","hubris:BottledRain","conspire:SpecialSausage","MealTicket"],"acts_visited":["Exordium","TheCity","TheBeyond"],"potions_floor_usage":[16,16,26,26,33,43,50,50,50],"damage_taken":[{"damage":9,"enemies":"Cultist","floor":4,"turns":3},{"damage":36,"enemies":"Gremlin Nob","floor":6,"turns":3},{"damage":11,"enemies":"downfall:FleeingMerchant","floor":8,"turns":4},{"damage":9,"enemies":"2 Louse","floor":11,"turns":2},{"damage":21,"enemies":"Small Slimes","floor":15,"turns":2},{"damage":23,"enemies":"downfall:Watcher","floor":16,"turns":7},{"damage":31,"enemies":"3 Byrds","floor":19,"turns":4},{"damage":13,"enemies":"downfall:FleeingMerchant","floor":20,"turns":4},{"damage":26,"enemies":"Shell Parasite","floor":21,"turns":3},{"damage":52,"enemies":"Gremlin Leader","floor":23,"turns":5},{"damage":40,"enemies":"Shelled Parasite and Fungi","floor":25,"turns":3},{"damage":25,"enemies":"Book of Stabbing","floor":26,"turns":5},{"damage":12,"enemies":"Chosen and Byrds","floor":28,"turns":2},{"damage":29,"enemies":"Centurion and Healer","floor":31,"turns":5},{"damage":14,"enemies":"Snecko","floor":32,"turns":3},{"damage":31,"enemies":"downfall:Defect","floor":33,"turns":7},{"damage":18,"enemies":"Orb Walker","floor":36,"turns":3},{"damage":16,"enemies":"3 Darklings","floor":38,"turns":2},{"damage":57,"enemies":"Maw","floor":39,"turns":7},{"damage":28,"enemies":"Spire Growth","floor":43,"turns":4},{"damage":49,"enemies":"Transient","floor":45,"turns":5},{"damage":26,"enemies":"downfall:FleeingMerchant","floor":47,"turns":4},{"damage":53,"enemies":"3 Darklings","floor":48,"turns":3},{"damage":34,"enemies":"4 Shapes","floor":49,"turns":4},{"damage":74,"enemies":"downfall:Ironclad","floor":50,"turns":9}],"seed_played":"5294067919802436020","potions_obtained":[{"floor":2,"key":"SpeedPotion"},{"floor":2,"key":"SpeedPotion"},{"floor":2,"key":"Adrenaline Potion"},{"floor":4,"key":"LiquidBronze"},{"floor":6,"key":"Fire Potion"},{"floor":14,"key":"downfall:CursedFountainPotion"},{"floor":15,"key":"DuplicationPotion"},{"floor":23,"key":"LiquidBronze"},{"floor":25,"key":"PowerPotion"},{"floor":28,"key":"Slimebound:ThreeZeroPotion"},{"floor":32,"key":"Block Potion"},{"floor":33,"key":"Ancient Potion"},{"floor":45,"key":"Fire Potion"}],"is_trial":false,"path_per_floor":["R","?","R","M","R","E","T","$","?","R","M","?","?","?","M","B",null,"R_BF","M","$","M","?","E","T","M","E","R","M","T","?","M","M","B",null,"R","M","R","M","M","?","T","R","M","R","M","?","$","M","M","B",null],"character_chosen":"SLIMEBOUND","items_purchased":["ReplayFunnel","Slimebound:Schlurp","Slimebound:AcidTongue"],"campfire_rested":0,"item_purchase_floors":[8,20,47],"current_hp_per_floor":[60,60,60,60,60,44,44,57,57,57,60,60,60,60,60,60,60,60,45,60,60,60,60,60,36,39,39,43,43,46,60,60,60,60,60,60,60,60,40,35,35,35,49,49,60,60,59,43,57,56],"gold":25,"neow_bonus":"UPGRADE_CARD","is_daily":false,"chose_seed":false,"campfire_upgraded":9,"win_rate":0.0,"timestamp":1608215536,"path_taken":["R","?","R","?","R","E","T","$","?","R","M","?","?","?","M","BOSS","R_BF","M","?","M","?","E","T","M","E","R","M","?","?","M","M","BOSS","R","M","R","?","M","?","T","R","M","R","M","?","$","M","M","BOSS"],"items_purchased_type":["Relic","Card","Card"],"build_version":"2020-12-13","purchased_purges":0,"victory":true,"max_hp_per_floor":[60,60,60,60,60,60,60,60,60,60,60,60,60,60,60,60,60,60,60,60,60,60,60,60,60,60,60,60,60,60,60,60,60,60,60,60,60,60,60,60,60,60,60,60,60,60,60,60,60,60],"card_choices":[{"not_picked":["Slimebound:Replication","Slimebound:Dissolve"],"picked":"Slimebound:Nibble","floor":4},{"not_picked":["Slimebound:SplitMire","Slimebound:SlimeBrawl"],"picked":"Slimebound:LeechingTouch","floor":6},{"not_picked":["Slimebound:GoopTackle","Slimebound:PressTheAttack"],"picked":"Slimebound:SamplingLick","floor":8},{"not_picked":["Slimebound:Gluttony","Slimebound:HauntingLick"],"picked":"Slimebound:SplitMire","floor":11},{"not_picked":["Slimebound:ViciousTackle","Slimebound:SlimeBarrage"],"picked":"Slimebound:AcidTongue","floor":15},{"not_picked":["Slimebound:OozeBath","Slimebound:MassFeed"],"picked":"Slimebound:Recycling","floor":16},{"not_picked":["Slimebound:TongueLash","Slimebound:LivingWall"],"picked":"Slimebound:Dissolve","floor":19},{"not_picked":["Slimebound:SplitAcid","Slimebound:SlimeSpikes"],"picked":"Slimebound:SplitMire","floor":20},{"not_picked":["Slimebound:Replication","Slimebound:FinishingTackle"],"picked":"Slimebound:SlimeBrawl+1","floor":21},{"not_picked":["Slimebound:GoopTackle","Slimebound:LeechingTouch"],"picked":"Slimebound:GoopSpray","floor":23},{"not_picked":["Slimebound:Nibble","Slimebound:PrepareCrush"],"picked":"Slimebound:ViciousTackle","floor":25},{"not_picked":["Slimebound:Gluttony+1","Slimebound:OozeBath"],"picked":"Slimebound:RollThrough+1","floor":26},{"not_picked":["Slimebound:LeechingTouch+1","Slimebound:SplitLeeching+1"],"picked":"Slimebound:RejuvenatingLick","floor":28},{"not_picked":["Slimebound:ViciousTackle","Slimebound:LeechingTouch+1"],"picked":"Slimebound:SplitAcid+1","floor":31},{"not_picked":["Slimebound:SlimeBarrage","Slimebound:SlimeBrawl"],"picked":"Slimebound:Nibble+1","floor":32},{"not_picked":["Slimebound:Darklings","Slimebound:DuplicatedForm"],"picked":"Slimebound:RallyTheTroops","floor":33},{"not_picked":["Slimebound:ViciousTackle+1","Slimebound:Schlurp"],"picked":"Slimebound:LeechEnergy+1","floor":36},{"not_picked":["Slimebound:RollThrough","Slimebound:PressTheAttack"],"picked":"Slimebound:FormOfPuddle","floor":38},{"not_picked":["Slimebound:SplitLeeching+1","Slimebound:GoopSpray","Slimebound:Repurpose"],"picked":"SKIP","floor":39},{"not_picked":["expansioncontent:ChargeUp","Replay:SS_hec_1"],"picked":"Replay:SS_fish_2","floor":40},{"not_picked":["expansioncontent:ChargeUp","expansioncontent:Sear"],"picked":"expansioncontent:YouAreMine","floor":40},{"not_picked":["Slimebound:LeechingTouch+1","Slimebound:LivingWall"],"picked":"Slimebound:FormOfPuddle+1","floor":43},{"not_picked":["Slimebound:Grow","Slimebound:GrowthPunch"],"picked":"Slimebound:LeechEnergy+1","floor":45},{"not_picked":["Slimebound:SplitMire","Slimebound:SplitLeeching+1"],"picked":"Slimebound:Darklings","floor":47},{"not_picked":["Slimebound:SamplingLick+1","Slimebound:LeechingTouch+1"],"picked":"Slimebound:SplitMire+1","floor":48},{"not_picked":["Slimebound:Chomp","Slimebound:Replication+1"],"picked":"Slimebound:DisruptingSlam+1","floor":49}],"player_experience":140640,"relics_obtained":[{"floor":6,"key":"hubris:MysteriousPyramids"},{"floor":7,"key":"ReplayTheSpireMod:Lightbulb"},{"floor":23,"key":"Pet Ghost"},{"floor":24,"key":"Happy Flower"},{"floor":26,"key":"Darkstone Periapt"},{"floor":29,"key":"hubris:BottledRain"},{"floor":41,"key":"MealTicket"}],"event_choices":[{"damage_healed":0,"gold_gain":0,"player_choice":"Got Potions","damage_taken":0,"max_hp_gain":0,"max_hp_loss":0,"event_name":"Lab","floor":2,"gold_loss":0},{"damage_healed":3,"gold_gain":0,"player_choice":"LEAVE ","damage_taken":0,"relics_obtained":[],"max_hp_gain":0,"max_hp_loss":0,"event_name":"betterSkull:BetterSkull","floor":30,"gold_loss":0,"cards_upgraded":[]},{"damage_healed":0,"gold_gain":0,"player_choice":"Leave","damage_taken":0,"max_hp_gain":0,"max_hp_loss":0,"event_name":"conspire:Investor","floor":46,"gold_loss":0}],"is_beta":false,"boss_relics":[{"not_picked":["hubris:BlackHole","Fusion Hammer"],"picked":"Ectoplasm"},{"not_picked":["Slimebound:TarBlob","Runesmith:UraniumAnvil"],"picked":"conspire:SpecialSausage"}],"items_purged_floors":[],"is_endless":false,"potions_floor_spawned":[4,6,15,23,25,28,32,33,39,45],"ascension_level":0}}