{"host":"9kesdg97wkrx2bva","time":1608190038,"event":{"mods":["AchievementEnabler","BaseMod","Colored Map","GifTheSpireLib","Infinite Spire","Minty Spire (QoL Compilation)","Replay The Spire","StSLib"],"gold_per_floor":[111,121,0,0,18,43,43,54,81,92,109,109,109,119,119,119,119],"floor_reached":16,"playtime":460,"items_purged":["Strike_G"],"score":177,"play_id":"26dcdeac-9827-4e89-a445-101c7868c458","local_time":"20201217012718","is_ascension_mode":true,"campfire_choices":[{"data":"Deadly Poison","floor":7,"key":"SMITH"},{"floor":12,"key":"REST"},{"floor":15,"key":"REST"}],"circlet_count":0,"master_deck":["AscendersBane","Strike_G+1","Strike_G","Strike_G","Defend_G","Defend_G+1","Defend_G","Defend_G","Defend_G","Survivor","Neutralize","Caltrops","Poisoned Stab","Deadly Poison+1","Quick Slash","Predator","Poisoned Stab","ReplayTheSpireMod:Scrap Shanks","Well Laid Plans","Poisoned Stab","Deadly Poison"],"relics":["Ring of the Snake","NeowsBlessing","Simple Rune","Dream Catcher"],"acts_visited":["Exordium"],"potions_floor_usage":[11],"damage_taken":[{"damage":0,"enemies":"Cultist","floor":1,"turns":1},{"damage":0,"enemies":"Small Slimes","floor":2,"turns":1},{"damage":0,"enemies":"Jaw Worm","floor":5,"turns":1},{"damage":34,"enemies":"3 Sentries","floor":6,"turns":10},{"damage":9,"enemies":"Red Slaver","floor":8,"turns":3},{"damage":9,"enemies":"Looter","floor":10,"turns":4},{"damage":3,"enemies":"Exordium Wildlife","floor":11,"turns":4},{"damage":9,"enemies":"2 Fungi Beasts","floor":14,"turns":4},{"damage":54,"enemies":"Fading Forest","floor":16,"turns":8}],"seed_played":"2934353269693043112","potions_obtained":[{"floor":2,"key":"Reflective Coating"},{"floor":6,"key":"FairyPotion"},{"floor":8,"key":"EssenceOfSteel"}],"is_trial":false,"path_per_floor":["M","M","$","?","M","E","R","M","T","M","M","R","?","M","R","B"],"character_chosen":"THE_SILENT","items_purchased":["Deadly Poison"],"campfire_rested":2,"item_purchase_floors":[3],"current_hp_per_floor":[59,59,59,59,59,25,25,16,16,7,4,23,23,14,33,0,0],"gold":119,"neow_bonus":"THREE_ENEMY_KILL","is_daily":false,"chose_seed":false,"campfire_upgraded":1,"win_rate":0.0,"timestamp":1608190038,"path_taken":["M","?","$","?","?","E","R","M","T","M","M","R","?","?","R","BOSS"],"items_purchased_type":["Card"],"build_version":"2020-12-13","purchased_purges":1,"victory":false,"max_hp_per_floor":[66,66,66,66,66,66,66,66,66,66,66,66,66,66,66,66,66],"card_choices":[{"not_picked":["Prepared","Setup"],"picked":"Caltrops","floor":1},{"not_picked":["Masterful Stab","PiercingWail"],"picked":"Poisoned Stab","floor":2},{"not_picked":["Escape Plan","Well Laid Plans"],"picked":"Predator","floor":5},{"not_picked":["Dodge and Roll","Skewer"],"picked":"Poisoned Stab","floor":6},{"not_picked":["Sucker Punch","Hidden Blade"],"picked":"ReplayTheSpireMod:Scrap Shanks","floor":8},{"not_picked":["ReplayTheSpireMod:The Works","Quick Slash"],"picked":"Well Laid Plans","floor":10},{"not_picked":["ReplayTheSpireMod:Tripwire","Blade Dance"],"picked":"Poisoned Stab","floor":11},{"not_picked":["Glass Knife","Blade Dance"],"picked":"Deadly Poison","floor":12},{"not_picked":["Riddle With Holes","Hidden Blade","Dagger Spray"],"picked":"SKIP","floor":14}],"player_experience":892096,"relics_obtained":[{"floor":6,"key":"Simple Rune"},{"floor":9,"key":"Dream Catcher"}],"event_choices":[{"damage_healed":0,"gold_gain":0,"player_choice":"1 cards matched","damage_taken":0,"max_hp_gain":0,"max_hp_loss":0,"event_name":"Match and Keep!","floor":4,"gold_loss":0,"cards_obtained":["Quick Slash"]},{"cards_removed":["Strike_G"],"damage_healed":0,"gold_gain":0,"player_choice":"Offered Basic","damage_taken":0,"max_hp_gain":0,"max_hp_loss":0,"event_name":"Bonfire Elementals","floor":13,"gold_loss":0}],"is_beta":false,"boss_relics":[],"items_purged_floors":[3],"is_endless":false,"potions_floor_spawned":[2,6,8],"killed_by":"Fading Forest","ascension_level":14}}