{"host":"yhemb00fn7g5zwp1","time":1608197828,"event":{"mods":["AchievementEnabler","Act Like it!","BaseMod","CapriCore","Gensokyo","Hallownest","Highlight Path","KinomotoSakuraMod(Ä¾Ö®±¾Ó£)","Koishi","KomeijiMod","Marisa£¨ìFÓê¡¡Ä§ÀíÉ³£©","Minty Spire (QoL Compilation)","MostiFishMod","Pale of the Ancients","Prisma Mod","Reimu£¨²©ÀöÁéÃÎ£©","Remilia£¨ÀÙÃ×ÀòÑÇ£©","StSLib","Td1madao Mod","The Factory","The Hayseed","The Servant 0.9.4","Youmu£¨»êÆÇÑýÃÎ£©","Yuyuko","¡¾¶«·½¶þ´Î´´×÷¡¿°ËÔÆ×Ïmod","¡¾ÒÅÎï¿¨ÅÆ¡¿REMEMod"],"gold_per_floor":[117,129,139,5,18,18,18,18,87,17,31,63,63,3,3,75,75,88,88,88,102,118,118,118],"floor_reached":23,"playtime":938,"items_purged":["Pain"],"score":372,"play_id":"7b70a250-b890-4534-aa56-575930f2d053","local_time":"20201217173708","is_ascension_mode":true,"campfire_choices":[{"data":"True Grit","floor":6,"key":"SMITH"},{"floor":13,"key":"REST"},{"floor":15,"key":"REST"}],"circlet_count":0,"master_deck":["AscendersBane","Strike_R+1","Strike_R+1","Strike_R","Strike_R","Strike_R+1","Defend_R+1","Defend_R","Defend_R","Defend_R","Bash","Fire Breathing","MostiFishMod:StarHerder","True Grit+1","Intimidate","Havoc","Infernal Blade","REME_Scribble","REME_Fury","Reckless Charge","True Grit","Reaper"],"relics":["Burning Blood","REME_ComplimentaryCards","DaveBox","The Courier","Question Card","Strange Spoon","Gensokyo:LunaticRedEyes","Happy Flower","Shuriken","Whetstone","ImportantClient","HereWithMe","Gensokyo:SongOfSouls"],"acts_visited":["Exordium","Gensokyo:Gensokyo"],"potions_floor_usage":[12,12,18,22],"damage_taken":[{"damage":11,"enemies":"Gensokyo:Python","floor":1,"turns":4},{"damage":20,"enemies":"Gensokyo:2_Kodama","floor":2,"turns":4},{"damage":12,"enemies":"Gensokyo:Gryphon","floor":3,"turns":4},{"damage":15,"enemies":"Gensokyo:CorruptedTreant","floor":5,"turns":6},{"damage":17,"enemies":"Gensokyo:3_Kodama","floor":11,"turns":6},{"damage":22,"enemies":"Gensokyo:Mamizou","floor":12,"turns":8},{"damage":32,"enemies":"Gensokyo:Reimu","floor":16,"turns":12},{"damage":17,"enemies":"Gensokyo:Chomper","floor":18,"turns":5},{"damage":16,"enemies":"Gensokyo:3_Dogs","floor":21,"turns":5},{"damage":30,"enemies":"Gensokyo:Slime_Group","floor":22,"turns":5},{"damage":39,"enemies":"Gensokyo:Tenshi","floor":23,"turns":3}],"seed_played":"5062353091873525629","potions_obtained":[{"floor":3,"key":"LiquidBronze"},{"floor":5,"key":"ExcitationPotion"},{"floor":11,"key":"Energy Potion"},{"floor":16,"key":"Fire Potion"},{"floor":18,"key":"Fire Potion"}],"is_trial":false,"path_per_floor":["M","M","M","$","M","R","?","?","T","?","M","E","R","$","R","B",null,"M","$","?","M","M","E"],"character_chosen":"IRONCLAD","items_purchased":["Strange Spoon"],"campfire_rested":2,"item_purchase_floors":[4],"current_hp_per_floor":[63,49,43,43,34,34,34,34,34,34,23,7,29,29,51,29,67,60,60,60,52,30,0,0],"gold":118,"neow_bonus":"THREE_CARDS","is_daily":false,"chose_seed":false,"campfire_upgraded":1,"win_rate":0.0,"timestamp":1608197828,"path_taken":["M","?","M","?","M","R","?","?","T","?","M","E","R","?","R","BOSS","M","?","?","M","M","E"],"items_purchased_type":["Relic"],"build_version":"2020-12-13","purchased_purges":1,"victory":false,"max_hp_per_floor":[75,75,75,75,75,75,75,75,75,75,75,75,75,75,75,79,79,83,83,83,85,87,87,87],"card_choices":[{"not_picked":["True Grit","Burning Pact"],"picked":"Fire Breathing","floor":0},{"not_picked":["Thunderclap","Anger"],"picked":"True Grit","floor":1},{"not_picked":["Twin Strike","Iron Wave","Flex"],"picked":"Intimidate","floor":2},{"not_picked":["Perfected Strike","Dropkick","Clothesline"],"picked":"Wild Strike","floor":3},{"not_picked":["Wild Strike","MostiFishMod:NeverNightCountry","Flex"],"picked":"Havoc","floor":5},{"not_picked":["Battle Trance","Pommel Strike","Warcry"],"picked":"Infernal Blade","floor":11},{"not_picked":["Carnage","Rampage","Havoc"],"picked":"REME_Scribble","floor":12},{"not_picked":["Brutality","Fiend Fire","MostiFishMod:UniRed"],"picked":"REME_Fury","floor":16},{"not_picked":["Intimidate","Armaments","Iron Wave"],"picked":"Reckless Charge","floor":18},{"not_picked":["Cleave+1","Heavy Blade","Perfected Strike"],"picked":"True Grit","floor":21},{"not_picked":["Clash","Searing Blow","Perfected Strike"],"picked":"Reaper","floor":22}],"player_experience":425657,"relics_obtained":[{"floor":1,"key":"Question Card"},{"floor":9,"key":"Shuriken"},{"floor":12,"key":"Whetstone"},{"floor":16,"key":"ImportantClient"}],"event_choices":[],"is_beta":false,"boss_relics":[{"not_picked":["Black Star","REME_DemonsWealth"],"picked":"HereWithMe"}],"items_purged_floors":[14],"is_endless":false,"potions_floor_spawned":[3,5,11,16,18],"killed_by":"Gensokyo:Tenshi","ascension_level":20}}