{"host":"bucz1ta8m37ss0gy","time":1608224208,"event":{"mods":["Abigail Mod","BaseMod","CapriCore","GungeonMod","Koishi","Marisa£¨Ùöéë¡¡Øª×âÞÞ£©","Minty Spire (QoL Compilation)","Railgun Mod","StSLib","The Bug Knight","The Dragon Tamer","The Immortal","The Wild Card","WarShipGirlsR/??á´Ò³R mod","Youmu£¨ûëÛÞèí?£©"],"gold_per_floor":[109,120,131,131,141,168,12,24,96,96,115,145,145,163,163,163,163,163],"floor_reached":16,"playtime":695,"items_purged":[],"score":139,"play_id":"8e78b969-c2f2-463a-8409-57b261425939","local_time":"20201218015648","is_ascension_mode":false,"metric_token":991,"campfire_choices":[{"floor":10,"key":"REST"},{"data":"DTMod:Training","floor":13,"key":"SMITH"},{"floor":15,"key":"REST"}],"dtmod_dragon_data":[15,50,-1,-1,0,0],"circlet_count":0,"master_deck":["DTMod:Strike","DTMod:Strike","DTMod:Strike","DTMod:Strike","DTMod:DoubleHit","DTMod:TargetDefense","DTMod:TargetDefense","DTMod:TargetDefense","DTMod:TargetDefense","DTMod:SwitchingTactic","DTMod:BlazingStrike","DTMod:ForkedFire","DTMod:Training+1","DTMod:BreakAttack","DTMod:HeatWave","DTMod:RunningTactic","DTMod:BlueScale","DTMod:MasterPlan","DTMod:Shift"],"relics":["DTMod:PactStone","NeowsBlessing","Vajra","Membership Card","DTMod:TacticalNote","DemoMod:Metronome"],"acts_visited":["Exordium"],"potions_floor_usage":[6,6],"damage_taken":[{"damage":0,"enemies":"Jaw Worm","floor":1,"turns":1},{"damage":0,"enemies":"Cultist","floor":2,"turns":1},{"damage":0,"enemies":"2 Louse","floor":3,"turns":1},{"damage":1,"enemies":"Blue Slaver","floor":5,"turns":4},{"damage":3,"enemies":"3 Sentries","floor":6,"turns":5},{"damage":0,"enemies":"2 Fungi Beasts","floor":8,"turns":2},{"damage":0,"enemies":"Red Slaver","floor":11,"turns":4},{"damage":0,"enemies":"Lagavulin","floor":12,"turns":8},{"damage":0,"enemies":"Exordium Wildlife","floor":14,"turns":3},{"damage":45,"enemies":"The Guardian","floor":16,"turns":8}],"seed_played":"-2544280868348181511","potions_obtained":[{"floor":1,"key":"SkillPotion"},{"floor":2,"key":"ColorlessPotion"},{"floor":3,"key":"Ancient Potion"},{"floor":14,"key":"LiquidBronze"}],"is_trial":false,"path_per_floor":["M","M","M","?","M","E","$","M","T","R","M","E","R","M","R","B"],"character_chosen":"THE_DT","items_purchased":["Membership Card"],"campfire_rested":2,"item_purchase_floors":[7],"current_hp_per_floor":[45,45,45,45,44,41,41,41,41,45,45,45,45,45,45,0,0,0],"gold":163,"neow_bonus":"THREE_ENEMY_KILL","is_daily":false,"chose_seed":false,"campfire_upgraded":1,"win_rate":0.0,"timestamp":1608224208,"path_taken":["M","M","M","?","M","E","?","M","T","R","?","E","R","M","R","BOSS"],"items_purchased_type":["Relic"],"build_version":"2020-12-13","purchased_purges":0,"victory":false,"max_hp_per_floor":[45,45,45,45,45,45,45,45,45,45,45,45,45,45,45,45,45,45],"card_choices":[{"not_picked":["DTMod:Coolant","DTMod:BizarreTactic"],"picked":"DTMod:BlazingStrike","floor":1},{"not_picked":["DTMod:Adaptation","DTMod:Weaken"],"picked":"DTMod:ForkedFire","floor":2},{"not_picked":["DTMod:Cover","DTMod:FlameSlash"],"picked":"DTMod:Training","floor":3},{"not_picked":["DTMod:MagiciansMark","DTMod:Shift"],"picked":"DTMod:BreakAttack","floor":5},{"not_picked":["DTMod:Multitask","DTMod:CleansingStrike"],"picked":"DTMod:HeatWave","floor":6},{"not_picked":["DTMod:BlazingStrike","DTMod:BizarreTactic"],"picked":"DTMod:RunningTactic","floor":8},{"not_picked":["DTMod:CleansingStrike","DTMod:Feint"],"picked":"DTMod:BlueScale","floor":11},{"not_picked":["DTMod:DeepFocus","DTMod:Threaten"],"picked":"DTMod:MasterPlan","floor":12},{"not_picked":["DTMod:LastStand","DTMod:Conduct"],"picked":"DTMod:Shift","floor":14}],"player_experience":297690,"relics_obtained":[{"floor":6,"key":"Vajra"},{"floor":9,"key":"DTMod:TacticalNote"},{"floor":12,"key":"DemoMod:Metronome"}],"event_choices":[{"damage_healed":0,"gold_gain":0,"player_choice":"Ignored","damage_taken":0,"max_hp_gain":0,"max_hp_loss":0,"event_name":"NoteForYourself","floor":4,"gold_loss":0}],"is_beta":false,"boss_relics":[],"items_purged_floors":[],"is_endless":false,"potions_floor_spawned":[1,2,3,14],"killed_by":"The Guardian","ascension_level":0}}