{"host":"cyiefo55v5hz1ih5","time":1608182621,"event":{"mods":["2.2 Compatiblity","AchievementEnabler","BaseMod","Downfall","GifTheSpireLib","Hubris","Minty Spire (QoL Compilation)","Replay The Spire","StSLib"],"gold_per_floor":[99,113,113,113,113,124,149,163,13,40,40,40,3,178,190,301,301,301,327,362,362,380,380,404,425,425,458,473,485,504,521,533,638,638,563,563,581,581,252,62,62,75,93,93,103,121,174,186,197,197,197,197,197],"floor_reached":52,"playtime":4833,"items_purged":["hexamod:Strike+1","hexamod:Defend"],"score":728,"play_id":"73b09697-b292-46ba-a42e-668754e3b8b0","local_time":"20201217002341","is_ascension_mode":false,"campfire_choices":[{"floor":1.0,"key":"RECALL"},{"data":"hexamod:Incineration","floor":9.0,"key":"SMITH"},{"data":"hexamod:ThermalTransfer","floor":18.0,"key":"SMITH"},{"floor":21.0,"key":"REST"},{"floor":23.0,"key":"REST"},{"floor":35,"key":"REST"},{"floor":38,"key":"REST"},{"floor":44,"key":"REST"}],"circlet_count":0,"master_deck":["hexamod:Defend+1","hexamod:Defend+1","hexamod:Defend+1","hexamod:Sear+1","hexamod:Float+1","hexamod:Incineration+1","hexamod:GhostShield+1","hexamod:SpectersWail","hexamod:ThermalTransfer+1","hexamod:ApocalypticArmor","hexamod:PowerFromBeyond+1","hexamod:ExtraCrispy","hexamod:FlamesFromBeyond","hexamod:SwordOfDarkness","hexamod:GhostLash+1","hexamod:FlamesFromBeyond+1","hexamod:TimeOfNeed","expansioncontent:DonusPower","hexamod:DynamicBlow","Good Instincts"],"relics":["hexamod:SpiritBrand","hubris:Towel","InkBottle","downfall:HeartBlessingRed","downfall:HeartBlessingBlue","Replay:Rubber Ducky","Pantograph","Empty Cage","Red Mask","Guardian:PocketSentry","hexamod:TheBrokenSeal","hubris:TenFootPole","Fusion Hammer","downfall:HeartBlessingGreen","ReplayTheSpireMod:TigerMarble","hexamod:InflammatoryLetter","hubris:Metronome","Unceasing Top"],"acts_visited":["Exordium","TheCity","TheBeyond","TheEnding"],"potions_floor_usage":[33,39,40,40,40,49,52],"damage_taken":[{"damage":0.0,"enemies":"Small Slimes","floor":2.0,"turns":3.0},{"damage":0.0,"enemies":"Jaw Worm","floor":6.0,"turns":3.0},{"damage":11.0,"enemies":"2 Louse","floor":8.0,"turns":4.0},{"damage":11.0,"enemies":"Gremlin Nob","floor":10.0,"turns":4.0},{"damage":0.0,"enemies":"downfall:FleeingMerchant","floor":13.0,"turns":4.0},{"damage":5.0,"enemies":"Gremlin Gang","floor":15.0,"turns":4.0},{"damage":27.0,"enemies":"downfall:Silent","floor":16.0,"turns":11.0},{"damage":2.0,"enemies":"Chosen","floor":19.0,"turns":8.0},{"damage":48.0,"enemies":"Masked Bandits","floor":20.0,"turns":6.0},{"damage":3.0,"enemies":"Snake Plant","floor":22.0,"turns":7.0},{"damage":3.0,"enemies":"Cultist and Chosen","floor":25.0,"turns":8.0},{"damage":0,"enemies":"Replay:Snechameleon","floor":27,"turns":9},{"damage":0,"enemies":"Centurion and Healer","floor":28,"turns":5},{"damage":1,"enemies":"Shelled Parasite and Fungi","floor":29,"turns":3},{"damage":0,"enemies":"Cultist and Chosen","floor":30,"turns":4},{"damage":3,"enemies":"Centurion and Healer","floor":31,"turns":3},{"damage":11,"enemies":"Snake Plant","floor":32,"turns":3},{"damage":3,"enemies":"downfall:Watcher","floor":33,"turns":8},{"damage":0,"enemies":"3 Darklings","floor":37,"turns":3},{"damage":0,"enemies":"downfall:FleeingMerchant","floor":39,"turns":4},{"damage":12,"enemies":"downfall:FleeingMerchant","floor":40,"turns":3},{"damage":0,"enemies":"Orb Walker","floor":42,"turns":3},{"damage":0,"enemies":"Jaw Worm Horde","floor":43,"turns":4},{"damage":10,"enemies":"Sphere and 2 Shapes","floor":45,"turns":4},{"damage":0,"enemies":"Spire Growth","floor":46,"turns":3},{"damage":2,"enemies":"2 Orb Walkers","floor":47,"turns":4},{"damage":0,"enemies":"Transient","floor":48,"turns":5},{"damage":13,"enemies":"Writhing Mass","floor":49,"turns":4},{"damage":13,"enemies":"downfall:Ironclad","floor":50,"turns":10},{"damage":106,"enemies":"downfall:CharBossMerchant","floor":52,"turns":7}],"seed_played":"-343209000764514851","potions_obtained":[{"floor":8.0,"key":"GamblersBrew"},{"floor":16.0,"key":"AttackPotion"},{"floor":19.0,"key":"hexamod:DoubleChargePotion"},{"floor":22.0,"key":"Guardian:BlockOnCardUsePotion"},{"floor":25.0,"key":"EntropicBrew"},{"floor":29,"key":"champ:CounterPotion"},{"floor":33,"key":"Fire Potion"},{"floor":48,"key":"Cursed Concoction"},{"floor":49,"key":"EntropicBrew"}],"is_trial":false,"path_per_floor":["R","M","?","T","?","M","T","M","R","E","?","T","$","?","M","B",null,"R","M","?","R","M","R","T","M","?","E","M","M","M","M","M","B",null,"R","?","M","R","$","$","T","M","M","R","M","M","?","M","M","B",null,"E"],"character_chosen":"THE_SPIRIT","items_purchased":["hexamod:SpectersWail","expansioncontent:DonusPower","ReplayTheSpireMod:TigerMarble","hexamod:InflammatoryLetter","hexamod:DynamicBlow","Good Instincts"],"campfire_rested":5,"item_purchase_floors":[13,39,39,40,40,40],"current_hp_per_floor":[70,70,70,70,70,70,70,59,69,58,58,58,58,58,53,51,80,80,78,37,61,65,80,80,80,80,90,90,89,89,86,75,87,90,90,90,90,90,90,78,78,78,78,90,80,80,78,78,65,77,90,0,0],"gold":197,"neow_bonus":"UPGRADE_CARD","is_daily":false,"chose_seed":false,"campfire_upgraded":2,"win_rate":0.0,"timestamp":1608182621,"path_taken":["R","M","?","?","?","M","T","?","R","E","?","?","$","?","M","BOSS","R","M","?","R","M","R","T","M","?","E","M","M","M","?","M","BOSS","R","?","M","R","$","$","T","?","M","R","M","M","?","M","M","BOSS","E"],"items_purchased_type":["Card","Card","Relic","Relic","Card","Card"],"build_version":"2020-12-13","purchased_purges":2,"victory":false,"max_hp_per_floor":[70,70,70,70,70,70,70,70,80,80,80,80,80,80,80,80,80,80,80,80,80,80,80,80,80,80,90,90,90,90,90,90,90,90,90,90,90,90,90,90,90,90,90,90,90,90,90,90,90,90,90,90,90],"card_choices":[{"not_picked":["hexamod:NightmareGuise","hexamod:FastForward","hexamod:BurningTouch"],"picked":"SKIP","floor":2.0},{"not_picked":["hexamod:NightmareGuise","hexamod:GhostShield"],"picked":"hexamod:FifthSeal","floor":6.0},{"not_picked":["hexamod:FourthSeal","hexamod:SecondSeal"],"picked":"hexamod:SixthSeal","floor":8.0},{"not_picked":["hexamod:HauntingEcho","hexamod:ThermalTransfer"],"picked":"hexamod:Incineration","floor":8.0},{"not_picked":["hexamod:FastForward","hexamod:NightmareGuise"],"picked":"hexamod:GhostShield","floor":10.0},{"not_picked":["hexamod:BurningTouch","hexamod:GhostShield","hexamod:NightmareGuise"],"picked":"SKIP","floor":13.0},{"not_picked":["hexamod:FirstSeal","hexamod:FourthSeal"],"picked":"hexamod:SecondSeal","floor":15.0},{"not_picked":["hexamod:RetreatToShadows","hexamod:InspiringFlames"],"picked":"hexamod:ThermalTransfer","floor":15.0},{"not_picked":["hexamod:UnleashSpirits","hexamod:SixthSeal"],"picked":"hexamod:ApocalypticArmor","floor":16.0},{"not_picked":["hexamod:ThirdSeal","hexamod:SixthSeal"],"picked":"hexamod:FirstSeal","floor":19.0},{"not_picked":["hexamod:HauntingEcho","hexamod:RainOfEmbers","hexamod:ThermalTransfer+1"],"picked":"SKIP","floor":19.0},{"not_picked":["hexamod:SecondSeal","hexamod:SixthSeal"],"picked":"hexamod:FourthSeal","floor":20.0},{"not_picked":["hexamod:SuperheatedStrike","hexamod:RainOfEmbers"],"picked":"hexamod:PowerFromBeyond","floor":20.0},{"not_picked":["hexamod:SecondSeal","hexamod:FourthSeal"],"picked":"hexamod:ThirdSeal","floor":22.0},{"not_picked":["hexamod:BacktrackSmack","hexamod:BurningTouch+1","hexamod:SwordOfDarkness"],"picked":"SKIP","floor":22.0},{"not_picked":["hexamod:BacktrackSmack+1","hexamod:Incineration"],"picked":"hexamod:ExtraCrispy","floor":25.0},{"not_picked":["hexamod:BurningTouch","hexamod:AdvancingGuard","hexamod:SwordOfDarkness"],"picked":"SKIP","floor":25.0},{"not_picked":["hexamod:FastForward+1","hexamod:NightmareStrike"],"picked":"hexamod:FlamesFromBeyond","floor":27},{"not_picked":["hexamod:RetreatToShadows","hexamod:PhantomCloak"],"picked":"hexamod:SwordOfDarkness","floor":28},{"not_picked":["hexamod:Hexaguard","hexamod:RadiantFlame"],"picked":"hexamod:GhostLash+1","floor":29},{"not_picked":["hexamod:PhantomFireball","hexamod:HauntingEcho","hexamod:ApocalypticArmor"],"picked":"SKIP","floor":30},{"not_picked":["hexamod:ShieldOfDarkness","hexamod:SecondSeal","hexamod:NightmareStrike"],"picked":"SKIP","floor":31},{"not_picked":["hexamod:FastForward","hexamod:Incineration+1"],"picked":"hexamod:FlamesFromBeyond+1","floor":32},{"not_picked":["hexamod:EmpoweringStance","hexamod:TurnItUp"],"picked":"hexamod:TimeOfNeed","floor":33},{"not_picked":["hexamod:NightmareGuise+1","hexamod:BacktrackSmack+1","hexamod:SwordOfDarkness"],"picked":"SKIP","floor":37},{"not_picked":["hexamod:UnleashSpirits","hexamod:GhostflameBarrier","hexamod:ThermalTransfer+1"],"picked":"SKIP","floor":39},{"not_picked":["hexamod:GhostOfSpirePast+1","hexamod:PhantomFireball","hexamod:AdvancingGuard"],"picked":"SKIP","floor":40},{"not_picked":["hexamod:BacktrackSmack","hexamod:RainOfEmbers+1","hexamod:SwordOfDarkness+1"],"picked":"SKIP","floor":42},{"not_picked":["hexamod:HauntingEcho","hexamod:GhostLash","hexamod:GhostShield+1"],"picked":"SKIP","floor":43},{"not_picked":["hexamod:RainOfEmbers+1","hexamod:Firestarter+1","hexamod:BacktrackSmack+1"],"picked":"SKIP","floor":45},{"not_picked":["hexamod:PhantomCloak","hexamod:FastForward+1","hexamod:Firestarter"],"picked":"SKIP","floor":46},{"not_picked":["hexamod:NightmareGuise","hexamod:Hexaguard","hexamod:Firestarter+1"],"picked":"SKIP","floor":48},{"not_picked":["hexamod:InspiringFlames+1","hexamod:FastForward","hexamod:SearingWound"],"picked":"SKIP","floor":49}],"player_experience":711720,"relics_obtained":[{"floor":4.0,"key":"InkBottle"},{"floor":10.0,"key":"Replay:Rubber Ducky"},{"floor":12.0,"key":"Pantograph"},{"floor":20.0,"key":"Red Mask"},{"floor":24.0,"key":"Guardian:PocketSentry"},{"floor":27,"key":"hubris:TenFootPole"},{"floor":41,"key":"hubris:Metronome"},{"floor":47,"key":"Unceasing Top"}],"event_choices":[{"damage_healed":0.0,"max_hp_gain":0.0,"max_hp_loss":0.0,"gold_gain":0.0,"event_name":"Accursed Blacksmith","player_choice":"Forge","floor":5.0,"gold_loss":0.0,"damage_taken":0.0,"cards_upgraded":["hexamod:Sear"]},{"cards_removed":["hexamod:Strike"],"damage_healed":0.0,"max_hp_gain":0.0,"max_hp_loss":0.0,"gold_gain":0.0,"event_name":"Living Wall","player_choice":"Forget","floor":11.0,"gold_loss":0.0,"damage_taken":0.0},{"damage_healed":0.0,"max_hp_gain":0.0,"max_hp_loss":0.0,"gold_gain":0.0,"event_name":"Masked Bandits","player_choice":"Fought Bandits","floor":20.0,"gold_loss":0.0,"damage_taken":0.0},{"cards_removed":["hexamod:Strike"],"damage_healed":0.0,"max_hp_gain":0.0,"max_hp_loss":0.0,"gold_gain":0.0,"event_name":"Purifier","player_choice":"Purged","floor":26.0,"gold_loss":0.0,"damage_taken":0.0},{"damage_healed":0,"gold_gain":0,"player_choice":"Got Potions","damage_taken":0,"max_hp_gain":0,"max_hp_loss":0,"event_name":"Lab","floor":36,"gold_loss":0},{"damage_healed":0,"gold_gain":0,"player_choice":"Fight","damage_taken":0,"max_hp_gain":0,"max_hp_loss":0,"event_name":"Mysterious Sphere","floor":47,"gold_loss":0}],"is_beta":false,"boss_relics":[{"not_picked":["SlaversCollar","hubris:VirtuousBlindfold"],"picked":"Empty Cage"},{"not_picked":["Kintsugi","Runic Pyramid"],"picked":"Fusion Hammer"}],"items_purged_floors":[39,40],"is_endless":false,"potions_floor_spawned":[8,16,19,25,29,31,32,33,37,48,49],"killed_by":"downfall:CharBossMerchant","ascension_level":0}}