{"host":"aj7el8l5kufbk20z","time":1608202056,"event":{"mods":["AchievementEnabler","BaseMod","Colored Map","Colored Powertips","Curses Come First","Highlight Path","Minty Spire (QoL Compilation)","Quick Restart","Rare Cards Sparkle","Relic Stats","StSLib","SuperFastMode"],"gold_per_floor":[114,8,8,8,8,8,8,27,27,27,27,27,27,27,27,152,152,171,102,102,102,121,121,121,121,146,146,165,15,15,15,15,140,140,159,159,1158,1158,853,853,853,872,922,922,592,592,592,611,611,611,611],"floor_reached":50,"playtime":2793,"items_purged":["Normality","Normality"],"score":491,"play_id":"6a3d7c3d-eac1-444b-9ac0-866aed6c2fb5","local_time":"20201217184736","daily_mods":["Specialized","Flight","Lethality"],"is_ascension_mode":false,"campfire_choices":[{"data":"White Noise","floor":6,"key":"SMITH"},{"data":"White Noise","floor":7,"key":"SMITH"},{"data":"White Noise","floor":11,"key":"SMITH"},{"data":"White Noise","floor":12,"key":"SMITH"},{"data":"Loop","floor":15,"key":"SMITH"},{"data":"Seek","floor":23,"key":"SMITH"},{"data":"Stack","floor":24,"key":"SMITH"},{"data":"Stack","floor":25,"key":"SMITH"},{"data":"Thunder Strike","floor":27,"key":"SMITH"},{"data":"Zap","floor":30,"key":"SMITH"},{"floor":32,"key":"REST"},{"data":"Amplify","floor":40,"key":"SMITH"},{"data":"Capacitor","floor":41,"key":"SMITH"},{"data":"Gash","floor":44,"key":"SMITH"},{"data":"Storm","floor":46,"key":"SMITH"},{"data":"Force Field","floor":49,"key":"SMITH"}],"circlet_count":0,"master_deck":["Strike_B+1","Strike_B","Defend_B","Defend_B","Defend_B","Zap+1","Dualcast","White Noise+1","White Noise+1","White Noise+1","White Noise+1","White Noise+1","Self Repair","Stack+1","Loop+1","Injury","Lockon+1","Thunder Strike+1","Auto Shields+1","Conserve Battery+1","Beam Cell+1","Stack+1","Seek+1","Reinforced Body+1","Amplify+1","Darkness+1","White Noise+1","Capacitor+1","Gash+1","Force Field+1","Storm+1","Streamline+1"],"relics":["Cracked Core","Golden Idol","Pear","Astrolabe","Strawberry","MealTicket","Membership Card","SacredBark","Runic Capacitor","Meat on the Bone","Centennial Puzzle","Cables","DataDisk"],"acts_visited":["Exordium","TheCity","TheBeyond"],"potions_floor_usage":[35,42,47,50,50,50],"damage_taken":[{"damage":9,"enemies":"Cultist","floor":1,"turns":3},{"damage":0,"enemies":"2 Louse","floor":8,"turns":2},{"damage":65,"enemies":"Hexaghost","floor":16,"turns":7},{"damage":74,"enemies":"3 Byrds","floor":18,"turns":3},{"damage":0,"enemies":"Chosen","floor":22,"turns":4},{"damage":31,"enemies":"Centurion and Healer","floor":28,"turns":4},{"damage":18,"enemies":"Colosseum Slavers","floor":31,"turns":3},{"damage":10,"enemies":"Champ","floor":33,"turns":10},{"damage":9,"enemies":"3 Shapes","floor":35,"turns":3},{"damage":46,"enemies":"3 Darklings","floor":42,"turns":4},{"damage":11,"enemies":"Maw","floor":48,"turns":5},{"damage":87,"enemies":"Awakened One","floor":50,"turns":2}],"seed_played":"-4230686447748436371","potions_obtained":[{"floor":16,"key":"Energy Potion"},{"floor":28,"key":"Explosive Potion"},{"floor":35,"key":"AttackPotion"},{"floor":47,"key":"Fruit Juice"},{"floor":47,"key":"PowerPotion"}],"is_trial":false,"path_per_floor":["M","$","?","?","$","R","R","M","T","$","R","R","?","$","R","B",null,"M","$","?","?","M","R","R","R","T","R","M","$","R","?","R","B",null,"M","?","?","?","$","R","R","M","T","R","$","R","?","M","R","B"],"character_chosen":"DEFECT","items_purchased":["Stack","Loop","Seek","Membership Card","Capacitor","Runic Capacitor","Meat on the Bone","Explosive Potion","ColorlessPotion","Cables","DataDisk","Force Field","Storm"],"campfire_rested":1,"item_purchase_floors":[2,2,19,29,39,39,39,39,39,45,45,45,45],"current_hp_per_floor":[66,66,66,66,66,66,66,73,83,83,83,83,66,66,66,8,85,18,18,25,25,32,32,32,32,32,32,8,23,23,12,39,36,92,83,83,83,83,92,92,92,58,58,58,73,73,83,79,79,0,0],"gold":611,"neow_bonus":"","is_daily":true,"chose_seed":false,"campfire_upgraded":15,"win_rate":0.0,"timestamp":1608202056,"path_taken":["M","$","?","?","$","R","R","M","T","?","R","R","?","$","R","BOSS","M","$","?","?","M","R","R","R","T","R","?","$","R","?","R","BOSS","M","?","?","?","$","R","R","?","T","R","$","R","?","?","R","BOSS"],"items_purchased_type":["Card","Card","Card","Relic","Card","Relic","Relic","Potion","Potion","Relic","Relic","Card","Card"],"build_version":"2020-12-13","purchased_purges":2,"victory":false,"max_hp_per_floor":[75,75,75,75,75,75,75,75,85,85,85,85,85,85,85,85,85,85,85,92,92,92,92,92,92,92,92,92,92,92,92,92,92,92,92,92,92,92,92,92,92,92,92,92,92,92,102,102,102,102,102],"relic_stats":{"Centennial Puzzle":[6],"counters":[12,50],"Golden Idol":78,"Astrolabe":["Auto Shields","Conserve Battery","Beam Cell"],"MealTicket":39,"obtain_stats":[{"Pear":9,"Golden Idol":4,"Astrolabe":17,"SacredBark":34,"Runic Capacitor":39,"Cables":45,"Centennial Puzzle":43,"DataDisk":45,"Strawberry":20,"MealTicket":26,"Membership Card":29,"Cracked Core":0,"Meat on the Bone":39},{"Pear":2,"Golden Idol":1,"Astrolabe":3,"SacredBark":8,"Runic Capacitor":9,"Cables":10,"Centennial Puzzle":10,"DataDisk":10,"Strawberry":4,"MealTicket":5,"Membership Card":6,"Cracked Core":0,"Meat on the Bone":9},{"Pear":5,"Golden Idol":3,"Astrolabe":12,"SacredBark":36,"Runic Capacitor":39,"Cables":43,"Centennial Puzzle":43,"DataDisk":43,"Strawberry":15,"MealTicket":19,"Membership Card":23,"Cracked Core":0,"Meat on the Bone":39}],"Meat on the Bone":12,"Cables":[6,6,0,0,0]},"card_choices":[{"not_picked":["Redo","Ball Lightning"],"picked":"Self Repair","floor":1},{"not_picked":["Leap","Barrage"],"picked":"Lockon","floor":8},{"not_picked":["All For One","Fission"],"picked":"Thunder Strike","floor":16},{"not_picked":["Recycle+1","Compile Driver"],"picked":"Stack","floor":18},{"not_picked":["Beam Cell","Reprogram+1"],"picked":"Reinforced Body+1","floor":22},{"not_picked":["Coolheaded","Streamline"],"picked":"Melter","floor":28},{"not_picked":["Hyperbeam","Biased Cognition"],"picked":"Amplify","floor":33},{"not_picked":["Self Repair","Ball Lightning+1"],"picked":"Darkness+1","floor":35},{"not_picked":["Sweeping Beam","Ball Lightning"],"picked":"Gash","floor":42},{"not_picked":["Chaos+1","Leap+1"],"picked":"Streamline+1","floor":48}],"player_experience":258953,"relics_obtained":[{"floor":9,"key":"Pear"},{"floor":26,"key":"MealTicket"},{"floor":43,"key":"Centennial Puzzle"}],"event_choices":[{"damage_healed":0,"gold_gain":0,"player_choice":"Grow","damage_taken":0,"max_hp_gain":0,"max_hp_loss":0,"event_name":"Living Wall","floor":3,"gold_loss":0,"cards_upgraded":["White Noise"]},{"damage_healed":0,"gold_gain":0,"player_choice":"Take Wound","damage_taken":0,"relics_obtained":["Golden Idol"],"max_hp_gain":0,"max_hp_loss":0,"event_name":"Golden Idol","floor":4,"gold_loss":0,"cards_obtained":["Injury"]},{"damage_healed":0,"gold_gain":0,"player_choice":"Entered Light","damage_taken":17,"max_hp_gain":0,"max_hp_loss":0,"event_name":"Shining Light","floor":13,"gold_loss":0,"cards_upgraded":["Strike_B","Lockon"]},{"damage_healed":0,"gold_gain":0,"player_choice":"Opened","damage_taken":0,"relics_obtained":["Strawberry"],"max_hp_gain":0,"max_hp_loss":0,"event_name":"The Mausoleum","floor":20,"gold_loss":0,"cards_obtained":["Writhe"]},{"cards_removed":["Writhe"],"damage_healed":0,"gold_gain":0,"player_choice":"Purged","damage_taken":0,"max_hp_gain":0,"max_hp_loss":0,"event_name":"Purifier","floor":21,"gold_loss":0},{"damage_healed":0,"gold_gain":0,"player_choice":"Fight","damage_taken":0,"max_hp_gain":0,"max_hp_loss":0,"event_name":"Colosseum","floor":31,"gold_loss":0},{"damage_healed":0,"gold_gain":0,"player_choice":"Fled From Nobs","damage_taken":0,"max_hp_gain":0,"max_hp_loss":0,"event_name":"Colosseum","floor":31,"gold_loss":0},{"cards_removed":["Melter"],"damage_healed":0,"gold_gain":0,"player_choice":"Removed Attack","damage_taken":0,"max_hp_gain":0,"max_hp_loss":0,"event_name":"Falling","floor":36,"gold_loss":0},{"damage_healed":0,"gold_gain":999,"player_choice":"Gold","damage_taken":0,"max_hp_gain":0,"max_hp_loss":0,"event_name":"MindBloom","floor":37,"gold_loss":0,"cards_obtained":["Normality","Normality"]},{"damage_healed":0,"gold_gain":0,"player_choice":"Copied","damage_taken":0,"max_hp_gain":0,"max_hp_loss":0,"event_name":"Duplicator","floor":38,"gold_loss":0,"cards_obtained":["White Noise"]},{"damage_healed":0,"gold_gain":0,"player_choice":"Got Potions","damage_taken":0,"max_hp_gain":0,"max_hp_loss":0,"event_name":"Lab","floor":47,"gold_loss":0}],"is_beta":false,"boss_relics":[{"not_picked":["Runic Pyramid","Busted Crown"],"picked":"Astrolabe"},{"not_picked":["Black Star","Coffee Dripper"],"picked":"SacredBark"}],"items_purged_floors":[39,45],"is_endless":false,"potions_floor_spawned":[16,28,35],"killed_by":"Awakened One","ascension_level":0}}