{"host":"2yqfi47fogfu1ic4","time":1608166183,"event":{"mods":["AchievementEnabler","BaseMod","Colored Map","Colored Powertips","Highlight Path","Minty Spire (QoL Compilation)","Permanent Neow","Relic Stats","StSLib"],"gold_per_floor":[110,110,110,110,125,157,157,177,202,202,220,240,254,17,17,92,92,103,116,129,139,139,139,153,168,191,221,238,185,213,228,228,299,299,310,310,324,164,164,198,211,211,211,211,240,255,269,289,289,289,289,289,289,57,90,90,90],"floor_reached":56,"playtime":5378,"items_purged":["Strike_P"],"score":2210,"play_id":"82606571-6ff5-4823-a818-205e5d466203","local_time":"20201217014943","is_ascension_mode":true,"campfire_choices":[{"data":"Meditate","floor":7.0,"key":"SMITH"},{"data":"Scrawl","floor":10.0,"key":"SMITH"},{"data":"Eruption","floor":15.0,"key":"SMITH"},{"data":"Blasphemy","floor":23.0,"key":"SMITH"},{"data":"Ragnarok","floor":32.0,"key":"SMITH"},{"data":"MentalFortress","floor":42.0,"key":"SMITH"},{"data":"Wallop","floor":44.0,"key":"SMITH"},{"floor":49.0,"key":"RECALL"},{"data":"SpiritShield","floor":53.0,"key":"SMITH"}],"circlet_count":0,"master_deck":["AscendersBane","Defend_P","Defend_P+1","Eruption+1","Vigilance+1","WheelKick+1","Meditate+1","Scrawl+1","SandsOfTime","BowlingBash","Wallop+1","Blasphemy+1","EmptyFist","CutThroughFate","Ragnarok+1","Adaptation","FearNoEvil","SandsOfTime","InnerPeace+1","SandsOfTime","MentalFortress+1","EmptyMind+1","Wallop+1","Indignation+1","ThirdEye+1","SpiritShield+1","ThirdEye+1","Sanctity","Swivel+1","SashWhip+1","Fasting2","Swivel"],"relics":["Coffee Dripper","Vajra","Pen Nib","Frozen Eye","Snecko Eye","Nunchaku","War Paint","MealTicket","Astrolabe","OrangePellets","Matryoshka","Bag of Preparation","Prayer Wheel","Unceasing Top","Bottled Tornado"],"acts_visited":["Exordium","TheCity","TheBeyond","TheEnding"],"potions_floor_usage":[56,56],"damage_taken":[{"damage":0.0,"enemies":"Small Slimes","floor":1.0,"turns":3.0},{"damage":0.0,"enemies":"Jaw Worm","floor":5.0,"turns":3.0},{"damage":31.0,"enemies":"Gremlin Nob","floor":6.0,"turns":4.0},{"damage":0.0,"enemies":"2 Louse","floor":8.0,"turns":3.0},{"damage":4.0,"enemies":"Exordium Wildlife","floor":11.0,"turns":2.0},{"damage":0.0,"enemies":"Exordium Thugs","floor":12.0,"turns":2.0},{"damage":0.0,"enemies":"Blue Slaver","floor":13.0,"turns":3.0},{"damage":0.0,"enemies":"Slime Boss","floor":16.0,"turns":3.0},{"damage":0.0,"enemies":"Spheric Guardian","floor":18.0,"turns":1.0},{"damage":0.0,"enemies":"Chosen","floor":19.0,"turns":2.0},{"damage":0.0,"enemies":"Snecko","floor":20.0,"turns":2.0},{"damage":0.0,"enemies":"3 Cultists","floor":21.0,"turns":3.0},{"damage":0.0,"enemies":"Cultist and Chosen","floor":24.0,"turns":2.0},{"damage":0.0,"enemies":"Snake Plant","floor":25.0,"turns":1.0},{"damage":0.0,"enemies":"Gremlin Leader","floor":27.0,"turns":2.0},{"damage":0.0,"enemies":"Sentry and Sphere","floor":28.0,"turns":1.0},{"damage":15.0,"enemies":"Slavers","floor":30.0,"turns":2.0},{"damage":0.0,"enemies":"Chosen and Byrds","floor":31.0,"turns":1.0},{"damage":4.0,"enemies":"Collector","floor":33.0,"turns":4.0},{"damage":0.0,"enemies":"Orb Walker","floor":35.0,"turns":1.0},{"damage":0.0,"enemies":"3 Shapes","floor":37.0,"turns":2.0},{"damage":0.0,"enemies":"Giant Head","floor":40.0,"turns":2.0},{"damage":0.0,"enemies":"Sphere and 2 Shapes","floor":41.0,"turns":2.0},{"damage":3.0,"enemies":"Nemesis","floor":45.0,"turns":3.0},{"damage":0.0,"enemies":"3 Darklings","floor":46.0,"turns":2.0},{"damage":1.0,"enemies":"Writhing Mass","floor":47.0,"turns":2.0},{"damage":0.0,"enemies":"Maw","floor":48.0,"turns":3.0},{"damage":0.0,"enemies":"Awakened One","floor":50.0,"turns":6.0},{"damage":35.0,"enemies":"Time Eater","floor":51.0,"turns":6.0},{"damage":57,"enemies":"Shield and Spear","floor":55,"turns":5},{"damage":16,"enemies":"The Heart","floor":56,"turns":2}],"seed_played":"-2154860954785451543","potions_obtained":[{"floor":5.0,"key":"EntropicBrew"},{"floor":12.0,"key":"DistilledChaos"},{"floor":13.0,"key":"Block Potion"},{"floor":16.0,"key":"DuplicationPotion"},{"floor":30.0,"key":"ColorlessPotion"},{"floor":33.0,"key":"GamblersBrew"},{"floor":37.0,"key":"SkillPotion"},{"floor":46.0,"key":"BlessingOfTheForge"},{"floor":47.0,"key":"BottledMiracle"},{"floor":48.0,"key":"Energy Potion"}],"is_trial":false,"path_per_floor":["M","?","?","?","M","E","R","M","T","R","M","M","M","$","R","B",null,"M","M","M","M","?","R","M","M","T","E","M","?","E","M","R","B",null,"M","$","M","$","?","E","M","R","T","R","E","M","M","M","R","B","B",null,"R","$","E","B"],"character_chosen":"WATCHER","items_purchased":["Frozen Eye","OrangePellets","SpeedPotion","SpeedPotion","Fasting2","Swivel"],"campfire_rested":0,"item_purchase_floors":[14,38,54,54,54,54],"current_hp_per_floor":[61,66,66,66,66,35,35,35,35,35,31,31,31,31,31,31,63,63,63,63,63,63,63,63,63,63,63,63,63,48,48,48,44,66,66,73,73,73,73,73,73,73,73,73,70,70,69,69,69,69,34,63,63,73,16,0,0],"gold":90,"neow_bonus":"BOSS_RELIC","is_daily":false,"chose_seed":false,"campfire_upgraded":8,"win_rate":0.0,"timestamp":1608166183,"path_taken":["M","?","?","?","M","E","R","M","T","R","?","M","M","?","R","BOSS","M","M","M","M","?","R","M","M","T","E","M","?","E","?","R","BOSS","M","$","M","$","?","E","M","R","T","R","E","M","M","M","R","BOSS","BOSS","R","$","E","BOSS"],"items_purchased_type":["Relic","Relic","Potion","Potion","Card","Card"],"build_version":"2020-12-13","purchased_purges":1,"victory":false,"max_hp_per_floor":[68,73,73,73,73,73,73,73,73,73,73,73,73,73,73,73,73,73,73,73,73,73,73,73,73,73,73,73,73,73,73,73,73,73,73,73,73,73,73,73,73,73,73,73,73,73,73,73,73,73,73,73,73,73,73,73,73],"relic_stats":{"OrangePellets":[14],"Nunchaku":[11],"counters":[31,80],"Astrolabe":["EmptyMind","Wallop","Indignation"],"Snecko Eye":[91,98,94,100],"MealTicket":17,"Prayer Wheel":3,"Pen Nib":[16],"Bag of Preparation":[16],"War Paint":["Vigilance","Defend_P"],"obtain_stats":[{"Astrolabe":34,"Vajra":6,"Pen Nib":9,"Bag of Preparation":43,"War Paint":29,"Bottled Tornado":55,"Frozen Eye":14,"OrangePellets":38,"Nunchaku":27,"Matryoshka":40,"Snecko Eye":17,"MealTicket":30,"Prayer Wheel":43,"Coffee Dripper":0,"PureWater":0,"Unceasing Top":45},{"Astrolabe":19,"Vajra":3,"Pen Nib":4,"Bag of Preparation":23,"War Paint":16,"Bottled Tornado":30,"Frozen Eye":7,"OrangePellets":21,"Nunchaku":15,"Matryoshka":22,"Snecko Eye":8,"MealTicket":17,"Prayer Wheel":23,"Coffee Dripper":0,"PureWater":0,"Unceasing Top":24},{"Astrolabe":44,"Vajra":10,"Pen Nib":13,"Bag of Preparation":51,"War Paint":37,"Bottled Tornado":78,"Frozen Eye":20,"OrangePellets":47,"Nunchaku":36,"Matryoshka":49,"Snecko Eye":23,"MealTicket":39,"Prayer Wheel":51,"Coffee Dripper":0,"PureWater":0,"Unceasing Top":54}],"Unceasing Top":[0]},"card_choices":[{"not_picked":["Halt","SashWhip"],"picked":"WheelKick","floor":1.0},{"not_picked":["Halt","SashWhip"],"picked":"FlyingSleeves","floor":5.0},{"not_picked":["Conclude","CrushJoints"],"picked":"Meditate","floor":6.0},{"not_picked":["BattleHymn","PathToVictory"],"picked":"Scrawl","floor":8.0},{"not_picked":["FlyingSleeves","Sanctity"],"picked":"SandsOfTime","floor":11.0},{"not_picked":["PathToVictory","WaveOfTheHand"],"picked":"BowlingBash","floor":12.0},{"not_picked":["WreathOfFlame","Adaptation"],"picked":"Wallop","floor":13.0},{"not_picked":["Establishment","Scrawl"],"picked":"Blasphemy","floor":16.0},{"not_picked":["PathToVictory","Weave"],"picked":"EmptyFist","floor":18.0},{"not_picked":["Consecrate","ReachHeaven+1","FollowUp"],"picked":"SKIP","floor":19.0},{"not_picked":["WaveOfTheHand","FlyingSleeves","JustLucky"],"picked":"SKIP","floor":20.0},{"not_picked":["PathToVictory","Alpha"],"picked":"CutThroughFate","floor":21.0},{"not_picked":["Nirvana","CrushJoints"],"picked":"FearNoEvil","floor":24.0},{"not_picked":["ThirdEye","PathToVictory"],"picked":"SandsOfTime","floor":25.0},{"not_picked":["ClearTheMind","EmptyBody+1"],"picked":"InnerPeace+1","floor":27.0},{"not_picked":["FlurryOfBlows","PathToVictory","CrushJoints"],"picked":"SKIP","floor":28.0},{"not_picked":["SignatureMove","EmptyFist"],"picked":"SandsOfTime","floor":30.0},{"not_picked":["EmptyBody","Study"],"picked":"MentalFortress","floor":31.0},{"not_picked":["Perseverance","Evaluate","CutThroughFate"],"picked":"SKIP","floor":35.0},{"not_picked":["CrushJoints","FlyingSleeves+1","ReachHeaven"],"picked":"SKIP","floor":37.0},{"not_picked":["Vengeance","SandsOfTime+1"],"picked":"ThirdEye+1","floor":40.0},{"not_picked":["BowlingBash+1","FearNoEvil","ForeignInfluence"],"picked":"SKIP","floor":41.0},{"not_picked":["FlyingSleeves","BowlingBash"],"picked":"SpiritShield","floor":45.0},{"not_picked":["Protect","FlurryOfBlows"],"picked":"ThirdEye+1","floor":46.0},{"not_picked":["FlurryOfBlows","FlyingSleeves","Crescendo"],"picked":"SKIP","floor":46.0},{"not_picked":["Meditate","Alpha"],"picked":"Sanctity","floor":47.0},{"not_picked":["Tantrum+1","Consecrate"],"picked":"Swivel+1","floor":47.0},{"not_picked":["Crescendo","EmptyFist"],"picked":"SashWhip+1","floor":48.0},{"not_picked":["SashWhip+1","CrushJoints","CarveReality"],"picked":"SKIP","floor":48.0},{"not_picked":["Devotion","JustLucky","SashWhip"],"picked":"SKIP","floor":55}],"player_experience":1788598,"relics_obtained":[{"floor":6.0,"key":"Vajra"},{"floor":9.0,"key":"Pen Nib"},{"floor":27.0,"key":"Nunchaku"},{"floor":30.0,"key":"MealTicket"},{"floor":40.0,"key":"Matryoshka"},{"floor":43.0,"key":"Bag of Preparation"},{"floor":43.0,"key":"Prayer Wheel"},{"floor":45.0,"key":"Unceasing Top"},{"floor":55,"key":"Bottled Tornado"}],"event_choices":[{"damage_healed":0.0,"max_hp_gain":5.0,"max_hp_loss":0.0,"gold_gain":0.0,"event_name":"Big Fish","player_choice":"Donut","floor":2.0,"gold_loss":0.0,"damage_taken":0.0},{"damage_healed":0.0,"max_hp_gain":0.0,"max_hp_loss":0.0,"gold_gain":0.0,"event_name":"Living Wall","player_choice":"Grow","floor":3.0,"gold_loss":0.0,"damage_taken":0.0,"cards_upgraded":["WheelKick"]},{"damage_healed":0.0,"max_hp_gain":0.0,"max_hp_loss":0.0,"gold_gain":0.0,"event_name":"Shining Light","player_choice":"Ignored","floor":4.0,"gold_loss":0.0,"damage_taken":0.0},{"damage_healed":0.0,"max_hp_gain":0.0,"max_hp_loss":0.0,"gold_gain":0.0,"cards_transformed":["Strike_P","Strike_P"],"event_name":"Drug Dealer","player_choice":"Became Test Subject","floor":22.0,"gold_loss":0.0,"damage_taken":0.0,"cards_obtained":["Ragnarok","Adaptation"]},{"damage_healed":0.0,"max_hp_gain":0.0,"max_hp_loss":0.0,"gold_gain":0.0,"event_name":"WeMeetAgain","player_choice":"Paid Gold","floor":29.0,"gold_loss":53.0,"damage_taken":0.0,"relics_obtained":["War Paint"]},{"cards_removed":["Defend_P"],"damage_healed":0.0,"max_hp_gain":0.0,"max_hp_loss":0.0,"gold_gain":0.0,"event_name":"Wheel of Change","player_choice":"Card Removal","floor":39.0,"gold_loss":0.0,"damage_taken":0.0}],"is_beta":false,"boss_relics":[{"not_picked":["Velvet Choker","Busted Crown"],"picked":"Snecko Eye"},{"not_picked":["VioletLotus","Runic Pyramid"],"picked":"Astrolabe"}],"items_purged_floors":[14],"is_endless":false,"potions_floor_spawned":[5,12,13,16,18,24,25,30,33,37,46,47,48],"killed_by":"The Heart","ascension_level":20}}