{"host":"r3d3rfw8zyydmocx","time":1608175990,"event":{"mods":["Aspiration","BaseMod","Colored Powertips","Conspire","Downfall","Hermit","Highlight Path","Hubris","Minty Spire (QoL Compilation)","Replay The Spire","StSLib"],"gold_per_floor":[99,116,147,147,161,189,266,286,286,313,323,323,333,25,35,137,137,137,137,151,179,179,213,285,210,228,255,255,269,269,197,208,305,305,155,155,188,188,238,238,264,264,264,290,308,323,343,343,355,355,355,388,86,86,86],"floor_reached":56,"playtime":4437,"items_purged":["Slimebound:Strike_Slimebound"],"score":2573,"play_id":"26d1b1fa-ce68-4ff9-81fd-ae271791ebc7","local_time":"20201216193310","is_ascension_mode":true,"campfire_choices":[{"data":"Slimebound:Split","floor":1.0,"key":"SMITH"},{"data":"Slimebound:LevelUp","floor":9.0,"key":"SMITH"},{"data":"Slimebound:DouseInSlime","floor":18.0,"key":"SMITH"},{"data":"Slimebound:Replication","floor":22.0,"key":"SMITH"},{"floor":25.0,"key":"RECALL"},{"data":"Slimebound:Strike_Slimebound","floor":35.0,"key":"PURGE"},{"data":"Slimebound:MegaLick","floor":38.0,"key":"SMITH"},{"data":"Slimebound:SamplingLick","floor":43.0,"key":"SMITH"},{"data":"Noxious Fumes","floor":54.0,"key":"SMITH"}],"circlet_count":0,"master_deck":["Slimebound:Strike_Slimebound","Slimebound:Tackle","Slimebound:Defend_Slimebound","Slimebound:Defend_Slimebound","Slimebound:Defend_Slimebound","Slimebound:Defend_Slimebound","Slimebound:SplitMire","Slimebound:SplitMire","Slimebound:LevelUp+1","Slimebound:DouseInSlime+1","Slimebound:LeechEnergy","Deadly Poison","Noxious Fumes+1","Slimebound:Replication+1","Slimebound:SplitLeeching","Slimebound:LeechLife","Slimebound:SlimeTap","Pot Of Greed","Pot Of Greed","Slimebound:Schlurp+1","Slimebound:MegaLick+1","Slimebound:SamplingLick+1","Slimebound:SamplingLick+1","Pot Of Greed","Slimebound:Replication+1","Slimebound:Recollect+1","Slimebound:OozeBath","Slimebound:RejuvenatingLick+1","Slimebound:LeechEnergy+1","Slimebound:SplitMire+1","hubris:DuctTapeCard"],"relics":["aspiration:Lifesprig","Juzu Bracelet","Garlic","hubris:DuctTape","Regal Pillow","m_SlimeRing","aspiration:Nostalgia","Burning Blood","Omamori","Ring of Chaos","Art of War","Grinning Jar","aspiration:StickyExplosives_weak","downfall:HeartBlessingBlue","aspiration:HummingbirdHeart","Slimebound:AggressiveSlimeRelic","ClockworkSouvenir","hubris:ScarierMask","downfall:HeartBlessingRed","downfall:HeartBlessingGreen","Orichalcum","Dead Branch","hubris:Towel","hubris:TenFootPole","Mirror","Replay:Wax Seal","DollysMirror","ReplayTheSpireMod:TigerMarble"],"acts_visited":["Exordium","TheCity","TheBeyond","TheEnding"],"potions_floor_usage":[55,55],"damage_taken":[{"damage":10.0,"enemies":"Jaw Worm","floor":2.0,"turns":3.0},{"damage":24.0,"enemies":"Lagavulin","floor":3.0,"turns":7.0},{"damage":12.0,"enemies":"Small Slimes","floor":5.0,"turns":3.0},{"damage":30.0,"enemies":"Gremlin Nob","floor":6.0,"turns":3.0},{"damage":12.0,"enemies":"2 Louse","floor":8.0,"turns":2.0},{"damage":27.0,"enemies":"Replay:BlueRogue","floor":10.0,"turns":4.0},{"damage":22.0,"enemies":"Blue Slaver","floor":11.0,"turns":3.0},{"damage":16.0,"enemies":"Large Slime","floor":13.0,"turns":2.0},{"damage":16.0,"enemies":"downfall:FleeingMerchant","floor":14.0,"turns":4.0},{"damage":16.0,"enemies":"Blue Slaver","floor":15.0,"turns":2.0},{"damage":36.0,"enemies":"downfall:Watcher","floor":16.0,"turns":4.0},{"damage":20.0,"enemies":"conspire:FuzzyDice","floor":20.0,"turns":4.0},{"damage":46.0,"enemies":"conspire:SneckoGhost","floor":21.0,"turns":4.0},{"damage":31.0,"enemies":"Book of Stabbing","floor":23.0,"turns":2.0},{"damage":48.0,"enemies":"Centurion and Healer","floor":26.0,"turns":4.0},{"damage":43.0,"enemies":"Replay:Snechameleon","floor":27.0,"turns":4.0},{"damage":16.0,"enemies":"Snecko","floor":29.0,"turns":2.0},{"damage":16.0,"enemies":"downfall:FleeingMerchant","floor":31.0,"turns":4.0},{"damage":20.0,"enemies":"3 Cultists","floor":32.0,"turns":3.0},{"damage":37.0,"enemies":"downfall:Defect","floor":33.0,"turns":5.0},{"damage":32.0,"enemies":"Giant Head","floor":37.0,"turns":3.0},{"damage":20.0,"enemies":"Mind Bloom Boss Battle","floor":39.0,"turns":4.0},{"damage":21.0,"enemies":"Nemesis","floor":44.0,"turns":5.0},{"damage":20.0,"enemies":"3 Shapes","floor":45.0,"turns":2.0},{"damage":26.0,"enemies":"3 Darklings","floor":46.0,"turns":4.0},{"damage":20.0,"enemies":"Sphere and 2 Shapes","floor":47.0,"turns":2.0},{"damage":24.0,"enemies":"Maw","floor":49.0,"turns":5.0},{"damage":51.0,"enemies":"downfall:Silent","floor":50.0,"turns":4.0},{"damage":24.0,"enemies":"downfall:CharBossMerchant","floor":52.0,"turns":3.0},{"damage":101,"enemies":"downfall:NeowBoss","floor":55,"turns":17}],"seed_played":"6045125889464618750","potions_obtained":[{"floor":5.0,"key":"Fire Potion"},{"floor":6.0,"key":"Reflective Coating"},{"floor":13.0,"key":"Death Potion"},{"floor":21.0,"key":"Guardian:BlockOnCardUsePotion"},{"floor":23.0,"key":"Adrenaline Potion"},{"floor":32.0,"key":"SkillPotion"}],"is_trial":false,"path_per_floor":["R","M","E","?","M","E","T","M","R","E","M","?","M","$","M","B",null,"R","?","M","E","R","E","T","R","M","E","?","M","?","$","M","B",null,"R","?","E","R","?","?","T","$","R","E","M","M","M","$","M","B",null,"E","$","R","B",null],"character_chosen":"SLIMEBOUND","items_purchased":["aspiration:Nostalgia","Omamori","Slimebound:AggressiveSlimeRelic","ClockworkSouvenir","DollysMirror","ReplayTheSpireMod:TigerMarble"],"campfire_rested":0,"item_purchase_floors":[14,14,31,31,53,53],"current_hp_per_floor":[60,60,56,61,61,51,51,59,59,52,46,46,46,46,52,50,65,65,65,65,59,59,62,62,72,54,49,49,67,67,73,75,75,75,75,75,75,75,75,75,75,75,75,75,75,67,73,73,75,60,75,75,75,75,37],"gold":86,"neow_bonus":"RANDOM_COMMON_RELIC","is_daily":false,"chose_seed":false,"campfire_upgraded":7,"win_rate":0.0,"timestamp":1608175990,"path_taken":["R","M","E","?","M","E","T","M","R","E","M","?","M","$","M","BOSS","R","?","M","E","R","E","T","R","M","E","?","M","?","$","M","BOSS","R","?","E","R","?","?","T","$","R","E","M","M","M","?","M","BOSS","E","$","R","BOSS"],"items_purchased_type":["Relic","Relic","Relic","Relic","Relic","Relic"],"build_version":"2020-12-13","purchased_purges":1,"victory":true,"max_hp_per_floor":[60,60,60,65,65,65,65,65,65,65,65,65,65,65,65,65,65,65,65,65,65,65,65,65,75,75,75,75,75,75,75,75,75,75,75,75,75,75,75,75,75,75,75,75,75,75,75,75,75,75,75,75,75,75,75],"card_choices":[{"not_picked":["Slimebound:GrowthPunch","Slimebound:HungryTackle","Slimebound:SplitAcid"],"picked":"SKIP","floor":2.0},{"not_picked":["Slimebound:AcidTongue","Slimebound:LeechEnergy"],"picked":"Slimebound:SplitMire","floor":3.0},{"not_picked":["Slimebound:ServeAndProtect","Slimebound:LeechingTouch"],"picked":"Slimebound:SplitMire","floor":5.0},{"not_picked":["Slimebound:GoopSpray","Slimebound:Recollect","Slimebound:DuplicatedForm"],"picked":"SKIP","floor":6.0},{"not_picked":["Slimebound:ServeAndProtect","Slimebound:SlimeSpikes"],"picked":"Slimebound:LevelUp","floor":8.0},{"not_picked":["Slimebound:SlimeSpikes","Slimebound:GrowthPunch"],"picked":"Slimebound:DouseInSlime","floor":10.0},{"not_picked":["Slimebound:SplitBruiser","Slimebound:ComboTackle"],"picked":"Slimebound:LeechEnergy","floor":11.0},{"not_picked":["Slimebound:LeechingTouch","Slimebound:SamplingLick"],"picked":"Noxious Fumes","floor":13.0},{"not_picked":["Slimebound:PrepareCrush","Slimebound:TongueLash"],"picked":"Slimebound:Replication","floor":14.0},{"not_picked":["Slimebound:RollThrough","Slimebound:Replication"],"picked":"Slimebound:SplitLeeching","floor":15.0},{"not_picked":["Slimebound:DuplicatedForm","Slimebound:Overexert"],"picked":"Slimebound:LeechLife","floor":16.0},{"not_picked":["Slimebound:GrowthPunch+1","Slimebound:PressTheAttack+1"],"picked":"Slimebound:SlimeTap","floor":20.0},{"not_picked":["Slimebound:SplitBruiser","Slimebound:HungryTackle+1","Slimebound:ProtectTheBoss"],"picked":"SKIP","floor":21.0},{"not_picked":["Slimebound:SplitMire","Replay:Poison Smokescreen+1"],"picked":"Slimebound:Schlurp+1","floor":23.0},{"not_picked":["Slimebound:LeechEnergy","Slimebound:LeechingTouch+1","Slimebound:WasteNot"],"picked":"SKIP","floor":26.0},{"not_picked":["Slimebound:GrowthPunch","Slimebound:LeechEnergy+1"],"picked":"Slimebound:MegaLick","floor":27.0},{"not_picked":["Slimebound:SplitMire","Slimebound:Replication"],"picked":"Slimebound:SamplingLick+1","floor":29.0},{"not_picked":["Bouncing Flask","Slimebound:SlimeSpikes"],"picked":"Slimebound:Replication+1","floor":31.0},{"not_picked":["Slimebound:GoopSpray","Slimebound:SplitAcid"],"picked":"Slimebound:Recollect+1","floor":32.0},{"not_picked":["Slimebound:PrepareCrush","Slimebound:Darklings"],"picked":"Slimebound:OozeBath","floor":33.0},{"not_picked":["Slimebound:ComboTackle","Slimebound:SpikyOuterGoop"],"picked":"Slimebound:RejuvenatingLick+1","floor":37.0},{"not_picked":["Slimebound:FirmFortitude+1","Deadly Poison+1","Slimebound:SpikyOuterGoop+1"],"picked":"SKIP","floor":44.0},{"not_picked":["Slimebound:LeechEnergy","Slimebound:FinishingTackle","Slimebound:SplitMire"],"picked":"SKIP","floor":45.0},{"not_picked":["Slimebound:MassRepurpose","Slimebound:SplitLeeching","Deadly Poison+1"],"picked":"SKIP","floor":46.0},{"not_picked":["Bane+1","Slimebound:ServeAndProtect+1","Slimebound:ViciousTackle"],"picked":"SKIP","floor":47.0},{"not_picked":["Slimebound:ComboTackle","Slimebound:DisruptingSlam"],"picked":"Slimebound:LeechEnergy+1","floor":49.0},{"not_picked":["Slimebound:GoopSpray+1","Slimebound:Equalize+1"],"picked":"Slimebound:SplitMire+1","floor":52.0}],"player_experience":471868,"relics_obtained":[{"floor":3.0,"key":"Juzu Bracelet"},{"floor":6.0,"key":"Garlic"},{"floor":7.0,"key":"hubris:DuctTape"},{"floor":10.0,"key":"Regal Pillow"},{"floor":21.0,"key":"Grinning Jar"},{"floor":23.0,"key":"aspiration:StickyExplosives_weak"},{"floor":27.0,"key":"aspiration:HummingbirdHeart"},{"floor":37.0,"key":"Orichalcum"},{"floor":39.0,"key":"Dead Branch"},{"floor":41.0,"key":"hubris:TenFootPole"},{"floor":44.0,"key":"Mirror"},{"floor":52.0,"key":"Replay:Wax Seal"}],"event_choices":[{"damage_healed":0.0,"max_hp_gain":5.0,"max_hp_loss":0.0,"gold_gain":0.0,"event_name":"Big Fish","player_choice":"Donut","floor":4.0,"gold_loss":0.0,"damage_taken":0.0},{"damage_healed":0.0,"max_hp_gain":0.0,"max_hp_loss":0.0,"gold_gain":0.0,"event_name":"Addict","player_choice":"Stole Relic","floor":19.0,"gold_loss":0.0,"damage_taken":0.0,"relics_obtained":["Art of War"],"cards_obtained":["Shame"]},{"damage_healed":0.0,"max_hp_gain":0.0,"max_hp_loss":0.0,"gold_gain":0.0,"event_name":"The Library","player_choice":"Read","floor":28.0,"gold_loss":0.0,"damage_taken":0.0,"cards_obtained":["Slimebound:SamplingLick"]},{"damage_healed":0.0,"max_hp_gain":0.0,"max_hp_loss":0.0,"gold_gain":0.0,"event_name":"Vampires","player_choice":"Ignored","floor":30.0,"gold_loss":0.0,"damage_taken":0.0},{"damage_healed":0.0,"max_hp_gain":0.0,"max_hp_loss":0.0,"gold_gain":0.0,"event_name":"Vampires","player_choice":"Ignored","floor":39.0,"gold_loss":0.0,"damage_taken":0.0}],"is_beta":false,"boss_relics":[{"not_picked":["Kintsugi","aspiration:DefectSkillbook"],"picked":"Ring of Chaos"},{"not_picked":["conspire:SpecialSausage","aspiration:SilentSkillbook"],"picked":"hubris:ScarierMask"}],"items_purged_floors":[31],"is_endless":false,"potions_floor_spawned":[5,6,13,21,23,32,39,44],"ascension_level":3}}