{"host":"3c27c697js19kaoo","time":1608190028,"event":{"mods":["BaseMod","Dota2Spire","Hermit","Minty Spire (QoL Compilation)","Quick Restart","Remilia（蕾米莉亚）","Replay The Spire","Robot Space Explorer","Spicy Shops","StSLib","The Alterego","The Cursed","The Servant 0.9.4","vexMod","【遗物卡牌】REMEMod"],"gold_per_floor":[119,85,85,102,114,144,160,194,262,262,296,356,356,373,373,470,470,496,514,514,514,39,74,103,114,196,196,196,214,257,273,273,371,471,491,510,540,540,4,30,30,30,54,84,84,115,127,16,16,16],"floor_reached":51,"playtime":2555,"items_purged":["TheCursedMod:Wield"],"score":1039,"play_id":"6b6012d5-9d07-4eeb-8e19-7a7912446342","local_time":"20201217152708","is_ascension_mode":true,"campfire_choices":[{"floor":10.0,"key":"REST"},{"floor":15.0,"key":"REST"},{"data":"TheCursedMod:EmpowerCircles","floor":27,"key":"SMITH"},{"data":"TheCursedMod:WearCloak","floor":32,"key":"SMITH"},{"data":"REME_BattleFury","floor":42,"key":"SMITH"},{"data":"Master of Strategy","floor":49,"key":"SMITH"}],"circlet_count":0,"master_deck":["TheCursedMod:Strike_TheCursed+1","TheCursedMod:Strike_TheCursed+1","TheCursedMod:Strike_TheCursed+1","TheCursedMod:Strike_TheCursed+1","TheCursedMod:Defend_TheCursed+1","TheCursedMod:Defend_TheCursed+1","TheCursedMod:Defend_TheCursed+1","TheCursedMod:Defend_TheCursed+1","TheCursedMod:CursedWand+1","TheCursedMod:CleanUpWorkshop+1","TheCursedMod:Dregs","ScarletCoffin+1","TheCursedMod:Wield+1","TheCursedMod:FuryStrike+1","TheCursedMod:CircleOfCorruption+1","TheCursedMod:StingEye+1","TheCursedMod:StingEye+1","TheCursedMod:CircleOfFlame+1","TheCursedMod:DemonSword+1","TheCursedMod:WearCloak+1","TheCursedMod:EmpowerCircles+1","TheCursedMod:Dregs","TheCursedMod:AbyssShockwave+1","Parasite","TheCursedMod:SurpriseAttack","TheCursedMod:SurpriseAttack","REME_BattleFury+1","Master of Strategy+1","TheCursedMod:NeowsMight+1"],"relics":["TheCursedMod:BlackMagic101","REME_ComplimentaryCards","NeowsBlessing","Ornamental Fan","Dota2Spire:Butterfly","Replay:Baseball","vexMod:ConsolationPrize","ReplayTheSpireMod:Ninjato","Replay:Accelerometer","vexMod:ImprovementManual","alterego_mod:SomeoneToFightFor","ReplayTheSpireMod:CursedCoin","Chameleon Ring","Counterbalance","Dota2Spire:LotusOrb","Replay:Bottled Eggs","HornCleat","Replay:Wanted Poster","Calipers","Dota2Spire:EyeOfSkadi","ReplayTheSpireMod:ShopPack","ReplayTheSpireMod:TigerMarble","Onion Ring","Blue Doll","TungstenRod","REME_IWantAll"],"acts_visited":["Exordium","TheCity","TheBeyond"],"potions_floor_usage":[18,30,31,33],"damage_taken":[{"damage":0.0,"enemies":"Cultist","floor":1.0,"turns":1.0},{"damage":0.0,"enemies":"2 Louse","floor":4.0,"turns":5.0},{"damage":5.0,"enemies":"Small Slimes","floor":5.0,"turns":4.0},{"damage":28.0,"enemies":"Lagavulin","floor":6.0,"turns":7.0},{"damage":8.0,"enemies":"2 Fungi Beasts","floor":7.0,"turns":8.0},{"damage":10.0,"enemies":"3 Sentries","floor":8.0,"turns":10.0},{"damage":9.0,"enemies":"Lagavulin","floor":11.0,"turns":6.0},{"damage":0.0,"enemies":"Exordium Wildlife","floor":14.0,"turns":2.0},{"damage":0.0,"enemies":"The Guardian","floor":16.0,"turns":8.0},{"damage":14,"enemies":"3 Byrds","floor":18,"turns":4},{"damage":0,"enemies":"Shell Parasite","floor":19,"turns":3},{"damage":0,"enemies":"Book of Stabbing","floor":23,"turns":2},{"damage":9,"enemies":"Centurion and Healer","floor":24,"turns":6},{"damage":1,"enemies":"Sentry and Sphere","floor":25,"turns":4},{"damage":0,"enemies":"Cultist and Chosen","floor":29,"turns":2},{"damage":9,"enemies":"Gremlin Leader","floor":30,"turns":5},{"damage":0,"enemies":"Snecko","floor":31,"turns":1},{"damage":0,"enemies":"Collector","floor":33,"turns":3},{"damage":0,"enemies":"Orb Walker","floor":35,"turns":2},{"damage":9,"enemies":"3 Shapes","floor":36,"turns":3},{"damage":14,"enemies":"Writhing Mass","floor":37,"turns":5},{"damage":0,"enemies":"Nemesis","floor":40,"turns":3},{"damage":2,"enemies":"Reptomancer","floor":44,"turns":4},{"damage":0,"enemies":"R_Hoarder","floor":46,"turns":5},{"damage":0,"enemies":"Spire Growth","floor":47,"turns":2},{"damage":0,"enemies":"Replay:Hell Engine","floor":50,"turns":3}],"seed_played":"-4305323165020727685","potions_obtained":[{"floor":5.0,"key":"FearPotion"},{"floor":7.0,"key":"Explosive Potion"},{"floor":8.0,"key":"LifebloodPotion"},{"floor":11.0,"key":"PowerPotion"},{"floor":14.0,"key":"Block Potion"},{"floor":16.0,"key":"SteroidPotion"},{"floor":18,"key":"SpeedPotion"},{"floor":19,"key":"TheCursedMod:DregsPotion"},{"floor":24,"key":"DistilledChaos"},{"floor":28,"key":"LiquidMemories"},{"floor":28,"key":"SkillPotion"},{"floor":30,"key":"Ancient Potion"},{"floor":33,"key":"Elixir"},{"floor":33,"key":"Dota2Spire:HealingSalve"},{"floor":46,"key":"DuplicationPotion"}],"is_trial":false,"path_per_floor":["M","$","?","M","M","E","M","E","T","R","E","?","?","M","R","B",null,"M","M","?","?","$","E","M","M","T","R","?","M","E","M","R","B",null,"M","M","M","?","$","E","?","R","T","E","$","E","M","$","R","B",null],"character_chosen":"THE_CURSED","items_purchased":["TheCursedMod:FuryStrike","ReplayTheSpireMod:CursedCoin","Chameleon Ring","Counterbalance","Calipers","TheCursedMod:SurpriseAttack","Dota2Spire:EyeOfSkadi","ReplayTheSpireMod:ShopPack","TheCursedMod:NeowsMight+1"],"campfire_rested":2,"item_purchase_floors":[2,22,22,22,39,39,39,39,48],"current_hp_per_floor":[75,75,75,75,70,42,34,24,24,46,37,37,37,37,59,59,75,61,61,61,61,61,61,66,65,65,65,65,65,75,75,75,75,75,75,75,68,68,73,73,73,73,73,71,71,79,80,80,80,80],"gold":16,"neow_bonus":"THREE_ENEMY_KILL","is_daily":false,"chose_seed":false,"campfire_upgraded":4,"win_rate":0.0,"timestamp":1608190028,"path_taken":["M","?","?","M","M","E","?","E","T","R","E","?","?","M","R","BOSS","M","M","?","?","$","E","M","M","T","R","?","M","E","M","R","BOSS","M","?","M","?","?","E","?","R","T","E","$","E","M","$","R","BOSS"],"items_purchased_type":["Card","Relic","Relic","Relic","Relic","Card","Relic","Relic","Card"],"build_version":"2020-12-13","purchased_purges":1,"victory":true,"max_hp_per_floor":[75,75,75,75,75,75,75,75,75,75,75,75,75,75,75,75,75,75,75,75,75,75,75,75,75,75,75,75,75,75,75,75,75,75,75,75,75,75,80,80,80,80,80,80,80,80,80,80,80,80],"card_choices":[{"not_picked":["TheCursedMod:SpitefulPray","TheCursedMod:Stigma"],"picked":"TheCursedMod:Wield","floor":1.0},{"not_picked":["TheCursedMod:SpitefulPray","TheCursedMod:Stigma"],"picked":"TheCursedMod:Wield","floor":1.0},{"not_picked":["TheCursedMod:HellfireBreathing","TheCursedMod:CursedBlade"],"picked":"TheCursedMod:CircleOfCorruption","floor":4.0},{"not_picked":["TheCursedMod:VitalStrike","TheCursedMod:CircleOfFocus"],"picked":"TheCursedMod:StingEye","floor":5.0},{"not_picked":["TheCursedMod:HellfireBreathing","TheCursedMod:Torture"],"picked":"TheCursedMod:StingEye","floor":6.0},{"not_picked":["TheCursedMod:Stretching","TheCursedMod:CursedAmulet","TheCursedMod:TacticalStrike"],"picked":"SKIP","floor":7.0},{"not_picked":["TheCursedMod:CursedBlade","TheCursedMod:RapidMovement"],"picked":"TheCursedMod:CircleOfFlame","floor":8.0},{"not_picked":["TheCursedMod:CursedAmulet","TheCursedMod:CircleOfCorruption","TheCursedMod:FleshFromBone"],"picked":"SKIP","floor":11.0},{"not_picked":["TheCursedMod:DarkBarrier","TheCursedMod:CircleOfWindfury","TheCursedMod:CircleOfBlood"],"picked":"SKIP","floor":14.0},{"not_picked":["TheCursedMod:Neurasthenia","TheCursedMod:StunningStrike"],"picked":"TheCursedMod:DemonSword","floor":16.0},{"not_picked":["TheCursedMod:Wield","TheCursedMod:SpitefulStrike"],"picked":"TheCursedMod:WearCloak","floor":18},{"not_picked":["TheCursedMod:CursedStaff","TheCursedMod:TacticalStrike","TheCursedMod:WearCloak+1"],"picked":"SKIP","floor":19},{"not_picked":["TheCursedMod:Wield+1","TheCursedMod:Obscuration","TheCursedMod:RavingStaff+1"],"picked":"SKIP","floor":23},{"not_picked":["TheCursedMod:OutForBlood","TheCursedMod:AshesToAshes","TheCursedMod:CircleOfCorruption"],"picked":"SKIP","floor":24},{"not_picked":["TheCursedMod:SpitefulStrike","TheCursedMod:CircleOfWindfury","TheCursedMod:TacticalStrike"],"picked":"SKIP","floor":25},{"not_picked":["TheCursedMod:TroublousMinions","TheCursedMod:Obscuration","TheCursedMod:Evocation+1"],"picked":"SKIP","floor":29},{"not_picked":["TheCursedMod:CursedMace+1","TheCursedMod:Grudge","TheCursedMod:CursedAmulet"],"picked":"SKIP","floor":30},{"not_picked":["TheCursedMod:SpitefulStrike+1","TheCursedMod:Hemoplague"],"picked":"TheCursedMod:AbyssShockwave+1","floor":31},{"not_picked":["TheCursedMod:Stigma+1","TheCursedMod:CursedSpellbook+1","TheCursedMod:RapidMovement"],"picked":"SKIP","floor":35},{"not_picked":["TheCursedMod:Evocation","TheCursedMod:CircleOfFlame+1","TheCursedMod:Stigma"],"picked":"SKIP","floor":36},{"not_picked":["TheCursedMod:FleshFromBone","TheCursedMod:SoulCrush+1","TheCursedMod:RapidMovement"],"picked":"SKIP","floor":37},{"not_picked":["HandOfGreed","Master of Strategy"],"picked":"REME_BattleFury","floor":39},{"not_picked":["Metamorphosis","Thinking Ahead"],"picked":"Master of Strategy","floor":39},{"not_picked":["TheCursedMod:Grudge+1","TheCursedMod:SurpriseAttack+1","TheCursedMod:ParallelWorld"],"picked":"SKIP","floor":40},{"not_picked":["TheCursedMod:Wield+1","TheCursedMod:CursedSpellbook","TheCursedMod:SpitefulStrike"],"picked":"SKIP","floor":44},{"not_picked":["TheCursedMod:SurpriseAttack","TheCursedMod:CircleOfFlame","TheCursedMod:Grudge"],"picked":"SKIP","floor":46},{"not_picked":["TheCursedMod:Stretching","TheCursedMod:StingEye","TheCursedMod:DoubleShield+1"],"picked":"SKIP","floor":47}],"player_experience":127563,"relics_obtained":[{"floor":4.0,"key":"Ornamental Fan"},{"floor":6.0,"key":"Dota2Spire:Butterfly"},{"floor":7.0,"key":"Replay:Baseball"},{"floor":8.0,"key":"vexMod:ConsolationPrize"},{"floor":9.0,"key":"ReplayTheSpireMod:Ninjato"},{"floor":11.0,"key":"Replay:Accelerometer"},{"floor":23,"key":"Dota2Spire:LotusOrb"},{"floor":26,"key":"Replay:Bottled Eggs"},{"floor":30,"key":"HornCleat"},{"floor":40,"key":"ReplayTheSpireMod:TigerMarble"},{"floor":43,"key":"Blue Doll"},{"floor":44,"key":"TungstenRod"},{"floor":46,"key":"REME_IWantAll"}],"event_choices":[{"damage_healed":0.0,"max_hp_gain":0.0,"max_hp_loss":0.0,"gold_gain":0.0,"event_name":"Accursed Blacksmith","player_choice":"Forge","floor":3.0,"gold_loss":0.0,"damage_taken":0.0,"cards_upgraded":["ScarletCoffin"]},{"damage_healed":0.0,"max_hp_gain":0.0,"max_hp_loss":0.0,"gold_gain":60.0,"event_name":"Golden Wing","player_choice":"Gained Gold","floor":12.0,"gold_loss":0.0,"damage_taken":0.0},{"damage_healed":0.0,"max_hp_gain":0.0,"max_hp_loss":0.0,"gold_gain":0.0,"event_name":"Living Wall","player_choice":"Grow","floor":13.0,"gold_loss":0.0,"damage_taken":0.0,"cards_upgraded":["TheCursedMod:CircleOfFlame"]},{"damage_healed":0,"gold_gain":0,"player_choice":"Read","damage_taken":0,"max_hp_gain":0,"max_hp_loss":0,"event_name":"The Library","floor":20,"gold_loss":0,"cards_obtained":["TheCursedMod:EmpowerCircles"]},{"damage_healed":0,"gold_gain":0,"player_choice":"Choice 2","damage_taken":0,"relics_obtained":["alterego_mod:SomeoneToFightFor"],"max_hp_gain":0,"max_hp_loss":0,"event_name":"爱的神圣花园","floor":21,"gold_loss":0},{"damage_healed":0,"gold_gain":0,"player_choice":"Got Potions","damage_taken":0,"max_hp_gain":0,"max_hp_loss":0,"event_name":"Lab","floor":28,"gold_loss":0},{"damage_healed":0,"gold_gain":0,"player_choice":"Ignored","damage_taken":0,"max_hp_gain":0,"max_hp_loss":0,"event_name":"Tomb of Lord Red Mask","floor":38,"gold_loss":0},{"damage_healed":0,"gold_gain":0,"player_choice":"Gave Potion","damage_taken":0,"relics_obtained":["Onion Ring"],"max_hp_gain":0,"max_hp_loss":0,"event_name":"WeMeetAgain","floor":41,"gold_loss":0}],"is_beta":false,"boss_relics":[{"not_picked":["vexMod:RockOfEvil","Ectoplasm"],"picked":"vexMod:ImprovementManual"},{"not_picked":["Snecko Eye","vexMod:BigBerry"],"picked":"Replay:Wanted Poster"}],"items_purged_floors":[22],"is_endless":false,"potions_floor_spawned":[8,11,14,16,19,24,30,33,35,46,47],"ascension_level":3}}