{"host":"epo9t9qajflxsfbx","time":1608206330,"event":{"mods":["Act Like it!","BaseMod","Better Altar","Better Match","Better Note","Better Sensory Stone","Better Skull","Better Third Choice","Better Vampires","BetterRewards","Clockwork Mod","Defuse TimeMaze Blight","Displayed Cursed Tome","Elementarium","Hermit","Highlight Path","Hubris","Infinite Spire","Minty Spire (QoL Compilation)","Quick Restart","Relic Stats","Replay The Spire","Shade Mod","Shop Mod","Somnambulant","StSLib","The Bladedancer","The Cursed","The Hierophant","The Jungle","The Servant 0.9.4","everything is the same but u backflip on backflip"],"gold_per_floor":[115,115,134,144,157,157,172,201,201,201,201],"floor_reached":10,"playtime":480,"items_purged":[],"score":70,"play_id":"2357cb9c-64b2-44f9-8518-dea72ca2de8c","local_time":"20201217035850","daily_mods":["Heirloom","DeadlyEvents"],"is_ascension_mode":false,"campfire_choices":[{"data":"blademaster:FuryOfTheElements","floor":6,"key":"SMITH"}],"circlet_count":0,"master_deck":["blademaster:Strike","blademaster:Strike","blademaster:Strike","blademaster:Strike","blademaster:Defend","blademaster:Defend","blademaster:Defend","blademaster:Defend","blademaster:RagingBlow","blademaster:HighVoltage","blademaster:SlyStabs","blademaster:Safeguard","blademaster:EyeOfTheTornado","blademaster:FuryOfTheElements+1","blademaster:Cut","blademaster:FuriousStrike","blademaster:AspectOfWind","blademaster:Overcharge","blademaster:Stability","blademaster:Sharpen","blademaster:AwakeningDefend"],"relics":["blademaster:DancersAmulet","Ring of Chaos","Prayer Wheel","Bronze Scales","hubris:SphereOfDissonance"],"acts_visited":["Exordium"],"potions_floor_usage":[5,5],"damage_taken":[{"damage":0,"enemies":"Jaw Worm","floor":1,"turns":4},{"damage":0,"enemies":"Cultist","floor":3,"turns":4},{"damage":0,"enemies":"2 Louse","floor":4,"turns":3},{"damage":0,"enemies":"Large Slime","floor":5,"turns":5},{"damage":7,"enemies":"Blue Slaver","floor":7,"turns":4},{"damage":53,"enemies":"Gremlin Nob","floor":8,"turns":5},{"damage":18,"enemies":"Lagavulin","floor":10,"turns":2}],"seed_played":"993147399802699615","potions_obtained":[{"floor":2,"key":"SmokeBomb"},{"floor":2,"key":"SneckoOil"},{"floor":2,"key":"Energy Potion"},{"floor":8,"key":"GamblersBrew"}],"is_trial":true,"path_per_floor":["M","?","M","M","M","R","M","E","T","E"],"character_chosen":"THE_BLADEMASTER","items_purchased":[],"campfire_rested":0,"item_purchase_floors":[],"current_hp_per_floor":[75,75,75,75,75,75,68,15,15,0,0],"gold":201,"neow_bonus":"","is_daily":false,"chose_seed":false,"campfire_upgraded":1,"win_rate":0.0,"timestamp":1608206330,"path_taken":["M","?","?","M","M","R","M","?","T","?"],"items_purchased_type":[],"build_version":"2020-12-13","purchased_purges":0,"victory":false,"max_hp_per_floor":[75,75,75,75,75,75,75,75,75,75,75],"relic_stats":{"counters":[7,27],"Bronze Scales":[0],"Prayer Wheel":10,"obtain_stats":[{"Bronze Scales":8,"hubris:SphereOfDissonance":9,"Prayer Wheel":0,"Ring of Chaos":0,"blademaster:StanceHealPerk":8,"blademaster:DancersAmulet":0},{"Bronze Scales":6,"hubris:SphereOfDissonance":6,"Prayer Wheel":0,"Ring of Chaos":0,"blademaster:StanceHealPerk":6,"blademaster:DancersAmulet":0},{"Bronze Scales":25,"hubris:SphereOfDissonance":25,"Prayer Wheel":0,"Ring of Chaos":0,"blademaster:StanceHealPerk":25,"blademaster:DancersAmulet":0}]},"card_choices":[{"not_picked":["blademaster:ThunderSlash","blademaster:AwakeningStrike"],"picked":"blademaster:SlyStabs","floor":1},{"not_picked":["blademaster:Quickstep","blademaster:Blockade"],"picked":"blademaster:Safeguard","floor":1},{"not_picked":["blademaster:Breeze","blademaster:EyeOfTheStorm"],"picked":"blademaster:EyeOfTheTornado","floor":3},{"not_picked":["blademaster:ThunderSlash","blademaster:Vortex"],"picked":"blademaster:FuryOfTheElements","floor":3},{"not_picked":["blademaster:Sharpen","blademaster:Quickstep"],"picked":"blademaster:Cut","floor":4},{"not_picked":["blademaster:CloudOfSteel","blademaster:Safeguard"],"picked":"blademaster:FuriousStrike","floor":4},{"not_picked":["blademaster:ThunderingOpener","blademaster:Sunder"],"picked":"blademaster:AspectOfWind","floor":5},{"not_picked":["blademaster:Breeze","blademaster:AwakeningStrike"],"picked":"blademaster:Overcharge","floor":5},{"not_picked":["blademaster:AspectOfWind","blademaster:DaggerAndCloak"],"picked":"blademaster:Stability","floor":7},{"not_picked":["blademaster:Cut","blademaster:ThunderingOpener"],"picked":"blademaster:Sharpen","floor":7},{"not_picked":["blademaster:Breeze","blademaster:Thrust"],"picked":"blademaster:AwakeningDefend","floor":8}],"player_experience":260985,"relics_obtained":[{"floor":8,"key":"Bronze Scales"},{"floor":8,"key":"blademaster:StanceHealPerk"},{"floor":9,"key":"hubris:SphereOfDissonance"}],"event_choices":[{"damage_healed":0,"gold_gain":0,"player_choice":"Got Potions","damage_taken":0,"max_hp_gain":0,"max_hp_loss":0,"event_name":"Lab","floor":2,"gold_loss":0}],"is_beta":false,"boss_relics":[],"items_purged_floors":[],"is_endless":false,"potions_floor_spawned":[4,8],"killed_by":"Lagavulin","ascension_level":0}}