{"host":"g3bty4prdobmknyh","time":1608176853,"event":{"mods":["Act Like it!","Aspiration","BaseMod","Hermit","Minty Spire (QoL Compilation)","Pale of the Ancients","Replay The Spire","StSLib","The Blackbeard","The Hierophant","The Jungle"],"gold_per_floor":[114,114,129,229,244,274,274,304,329,344,344,359,374,74,74,174,224,239,254,269,284,299,299,329,329,354,387,411,351,351,451,451,560,560,593,626,197,218,227,227,260,299,299,323,347,347,397,439,439,439,481,505,574,49,49,73,73,148,148,148],"floor_reached":61,"playtime":4196,"items_purged":["Normality"],"score":1614,"play_id":"de36eb59-5be4-46c0-9c0e-9312c3144e48","local_time":"20201216224733","daily_mods":["SealedDeck","ControlledChaos","Terminal"],"is_ascension_mode":false,"campfire_choices":[{"data":"White Noise","floor":7.0,"key":"SMITH"},{"data":"BasicCrystalCard","floor":11.0,"key":"SMITH"},{"data":"Rip and Tear","floor":15.0,"key":"SMITH"},{"data":"Storm","floor":23.0,"key":"SMITH"},{"data":"Turbo","floor":30.0,"key":"SMITH"},{"data":"Barrage","floor":32.0,"key":"SMITH"},{"data":"FTL","floor":40.0,"key":"SMITH"},{"data":"Turbo","floor":46,"key":"SMITH"},{"data":"Buffer","floor":49,"key":"SMITH"},{"data":"Static Discharge","floor":55,"key":"SMITH"},{"data":"Capacitor","floor":57,"key":"SMITH"}],"circlet_count":0,"master_deck":["Streamline","Steam","Hologram","Melter","BasicCrystalCard+1","Turbo+1","Sweeping Beam","Defragment+1","Conserve Battery","Darkness","Barrage+1","Double Energy","Conserve Battery","White Noise+1","Beam Cell","Rip and Tear+1","Melter+1","Creative AI","ReplaySolidLightProjector","Sunder+1","White Noise+1","Stack","Undo","BasicCrystalCard+1","Storm+1","FTL+1","Turbo+1","Capacitor+1","ReplayTheSpireMod:GoodbyeWorld+1","Beam Cell+1","Electrodynamics","Sweeping Beam+1","Force Field+1","Defragment+1","Rebound","Apotheosis","All For One","Conserve Battery+1","BootSequence+1","aspiration:Polymerization+1","All For One","Parasite","Rebound+1","Buffer+1","Static Discharge+1","Aggregate+1","Gash+1","Aggregate+1","ReplayTheSpireMod:Splinters","Undo+1","Compile Driver+1"],"relics":["Cracked Core","Frozen Eye","Prayer Wheel","aspiration:HummingbirdHeart","Replay:Bottled Eggs","Art of War","Emotion Chip","Tiny House","FossilizedHelix","CeramicFish","Dead Branch","Bottled Flame","Replay:Grab Bag","Replay:Bronze Core","ChewingGum","aspiration:BursterCore","Snecko Heart","Gremlin Horn","Bird Faced Urn","ReplayTheSpireMod:Ring of Collecting","Question Card","Replay:Bottled Flurry","Prayer Wheel","paleoftheancients:Timepiece","Ginger","OrangePellets","paleoftheancients:SoulOfTheDefect","Carrot"],"acts_visited":["Exordium","TheCity","TheBeyond","TheBeyond"],"potions_floor_usage":[56,60,60],"damage_taken":[{"damage":0.0,"enemies":"Jaw Worm","floor":1.0,"turns":3.0},{"damage":0.0,"enemies":"Cultist","floor":3.0,"turns":3.0},{"damage":0.0,"enemies":"2 Louse","floor":5.0,"turns":3.0},{"damage":5.0,"enemies":"Gremlin Nob","floor":6.0,"turns":4.0},{"damage":0.0,"enemies":"3 Sentries","floor":8.0,"turns":4.0},{"damage":0.0,"enemies":"Gremlin Gang","floor":10.0,"turns":4.0},{"damage":0.0,"enemies":"2 Fungi Beasts","floor":12.0,"turns":3.0},{"damage":0.0,"enemies":"3 Louse","floor":13.0,"turns":2.0},{"damage":3.0,"enemies":"Fading Forest","floor":16.0,"turns":11.0},{"damage":0.0,"enemies":"Spheric Guardian","floor":18.0,"turns":1.0},{"damage":0.0,"enemies":"Chosen","floor":19.0,"turns":3.0},{"damage":0.0,"enemies":"Snake Plant","floor":20.0,"turns":5.0},{"damage":13.0,"enemies":"3 Cultists","floor":21.0,"turns":3.0},{"damage":0.0,"enemies":"Chosen and Byrds","floor":22.0,"turns":5.0},{"damage":0.0,"enemies":"Replay:Snechameleon","floor":24.0,"turns":6.0},{"damage":0.0,"enemies":"Centurion and Healer","floor":27.0,"turns":4.0},{"damage":4.0,"enemies":"3 Cultists","floor":28.0,"turns":5.0},{"damage":0.0,"enemies":"Colosseum Slavers","floor":31.0,"turns":3.0},{"damage":0.0,"enemies":"Colosseum Nobs","floor":31.0,"turns":3.0},{"damage":0.0,"enemies":"Collector","floor":33.0,"turns":6.0},{"damage":0.0,"enemies":"3 Shapes","floor":35.0,"turns":2.0},{"damage":0.0,"enemies":"Orb Walker","floor":36.0,"turns":2.0},{"damage":0.0,"enemies":"2 Orb Walkers","floor":38.0,"turns":2.0},{"damage":0.0,"enemies":"Writhing Mass","floor":41.0,"turns":4.0},{"damage":22.0,"enemies":"Nemesis","floor":42.0,"turns":5.0},{"damage":0.0,"enemies":"Transient","floor":44.0,"turns":5.0},{"damage":0.0,"enemies":"Jaw Worm Horde","floor":45.0,"turns":3.0},{"damage":0,"enemies":"Mind Bloom Boss Battle","floor":47,"turns":5},{"damage":0,"enemies":"Writhing Mass","floor":48,"turns":5},{"damage":0,"enemies":"Donu and Deca","floor":50,"turns":3},{"damage":0,"enemies":"Donu and Deca","floor":51,"turns":7},{"damage":11,"enemies":"Donu and Deca","floor":52,"turns":4},{"damage":29,"enemies":"Donu and Deca","floor":56,"turns":8},{"damage":64,"enemies":"paleoftheancients:N","floor":60,"turns":9}],"seed_played":"4580661739168851385","potions_obtained":[{"floor":3.0,"key":"Adrenaline Potion"},{"floor":5.0,"key":"Strength Potion"},{"floor":12.0,"key":"Ancient Potion"},{"floor":16.0,"key":"Languid Potion"},{"floor":17.0,"key":"HauntedGourdPotion"},{"floor":21.0,"key":"LiquidBronze"},{"floor":22.0,"key":"Doom Potion"},{"floor":24.0,"key":"CultistPotion"},{"floor":27.0,"key":"Cursed Concoction"},{"floor":28.0,"key":"BlessingOfTheForge"},{"floor":35.0,"key":"SkillPotion"},{"floor":52,"key":"Energy Potion"},{"floor":56,"key":"Explosive Potion"}],"is_trial":false,"path_per_floor":["M","?","M","?","M","E","R","E","T","M","R","M","M","$","R","B",null,"M","M","M","M","M","R","E","?","T","M","M","?","R","?","R","B",null,"M","M","$","?","?","R","M","E","T","M","M","R","?","M","R","B","M","M","?","$","R","M","R","T","?","B",null],"character_chosen":"DEFECT","items_purchased":["Emotion Chip","Apotheosis","Gremlin Horn","Ginger","OrangePellets"],"campfire_rested":0,"item_purchase_floors":[14,37,37,54,54],"current_hp_per_floor":[73,72,71,70,69,64,64,64,64,64,63,62,61,60,59,58,62,61,60,59,46,46,46,46,52,52,52,48,48,48,48,47,46,45,44,43,42,41,40,39,38,18,18,28,34,33,32,31,30,29,28,25,25,25,24,23,22,21,20,19],"gold":148,"neow_bonus":"","is_daily":true,"chose_seed":false,"campfire_upgraded":11,"win_rate":0.0,"timestamp":1608176853,"path_taken":["M","?","?","?","M","E","R","E","T","M","R","M","M","$","R","BOSS","M","M","M","M","?","R","E","?","T","M","M","?","R","?","R","BOSS","M","M","$","?","?","R","M","E","T","M","M","R","?","M","R","BOSS","M","M","?","$","R","M","R","T","?","BOSS"],"items_purchased_type":["Relic","Card","Relic","Relic","Relic"],"build_version":"2020-12-13","purchased_purges":1,"victory":true,"max_hp_per_floor":[73,72,71,70,69,68,67,66,65,64,63,62,61,60,59,58,62,61,60,59,58,57,56,55,54,53,52,51,50,49,48,47,46,45,44,43,42,41,40,39,38,37,36,35,34,33,32,31,30,29,28,27,26,25,24,23,22,21,20,19],"card_choices":[{"not_picked":["Scrape","Redo"],"picked":"Darkness","floor":1.0},{"not_picked":["Panic Button","Hologram"],"picked":"Barrage","floor":1.0},{"not_picked":["Beam Cell","Hologram"],"picked":"Double Energy","floor":3.0},{"not_picked":["Hologram","Blizzard","Leap"],"picked":"SKIP","floor":3.0},{"not_picked":["ReplayTheSpireMod:Reroute Power","Recycle"],"picked":"Conserve Battery","floor":5.0},{"not_picked":["Consume","Defragment"],"picked":"White Noise","floor":5.0},{"not_picked":["ReplayGash","Self Repair"],"picked":"Beam Cell","floor":6.0},{"not_picked":["Streamline","Gash","Scrape"],"picked":"SKIP","floor":8.0},{"not_picked":["ReplayGash","ReplaySort","Thunder Strike"],"picked":"SKIP","floor":10.0},{"not_picked":["Cold Snap","White Noise","Redo"],"picked":"SKIP","floor":10.0},{"not_picked":["Force Field","Stack"],"picked":"Rip and Tear","floor":12.0},{"not_picked":["Tempest","Gash","Ball Lightning"],"picked":"SKIP","floor":12.0},{"not_picked":["Coolheaded","BasicCrystalCard"],"picked":"Melter","floor":13.0},{"not_picked":["Barrage","Go for the Eyes","Redo"],"picked":"SKIP","floor":13.0},{"not_picked":["Core Surge","Multi-Cast"],"picked":"Creative AI","floor":16.0},{"not_picked":["Rebound","Conserve Battery"],"picked":"ReplaySolidLightProjector","floor":17.0},{"not_picked":["Hyperbeam","BasicCrystalCard"],"picked":"Sunder+1","floor":18.0},{"not_picked":["Compile Driver","Beam Cell","Hologram"],"picked":"SKIP","floor":18.0},{"not_picked":["ReplayTheSpireMod:System Scan+1","Chill"],"picked":"White Noise+1","floor":19.0},{"not_picked":["Cold Snap+1","Melter","Force Field"],"picked":"SKIP","floor":19.0},{"not_picked":["Sweeping Beam","Steam Power"],"picked":"Stack","floor":20.0},{"not_picked":["Recycle","Sweeping Beam"],"picked":"Undo","floor":20.0},{"not_picked":["Hologram","Compile Driver"],"picked":"BasicCrystalCard+1","floor":21.0},{"not_picked":["Streamline","Leap","Sweeping Beam"],"picked":"SKIP","floor":21.0},{"not_picked":["Static Discharge","Stack+1"],"picked":"Storm","floor":22.0},{"not_picked":["Rebound+1","Doom and Gloom"],"picked":"FTL","floor":22.0},{"not_picked":["Reprogram","Beam Cell"],"picked":"Turbo","floor":24.0},{"not_picked":["Panic Button","Cold Snap"],"picked":"Capacitor","floor":27.0},{"not_picked":["Coolheaded","Redo"],"picked":"ReplayTheSpireMod:GoodbyeWorld+1","floor":27.0},{"not_picked":["ReplayRNGCard","Barrage"],"picked":"Beam Cell+1","floor":28.0},{"not_picked":["BasicCrystalCard","Conserve Battery+1","Cold Snap+1"],"picked":"SKIP","floor":28.0},{"not_picked":["Seek","Buffer"],"picked":"Electrodynamics","floor":33.0},{"not_picked":["Panic Button","Leap+1"],"picked":"Sweeping Beam+1","floor":35.0},{"not_picked":["Recycle+1","Consume"],"picked":"Force Field+1","floor":35.0},{"not_picked":["Melter","ReplayGash+1"],"picked":"Defragment+1","floor":36.0},{"not_picked":["Leap+1","Cold Snap+1"],"picked":"Rebound","floor":36.0},{"not_picked":["Gash","Rebound+1"],"picked":"All For One","floor":41.0},{"not_picked":["Gash","Capacitor"],"picked":"Conserve Battery+1","floor":41.0},{"not_picked":["Coolheaded","Redo"],"picked":"BootSequence+1","floor":42.0},{"not_picked":["Consume+1","Redo","ReplayGash+1"],"picked":"aspiration:Polymerization+1","floor":44.0},{"not_picked":["Steam+1","BasicCrystalCard","Rainbow","Leap"],"picked":"SKIP","floor":44.0},{"not_picked":["Steam+1","BasicCrystalCard","Rainbow","Leap"],"picked":"SKIP","floor":44.0},{"not_picked":["Leap","Consume+1","Go for the Eyes+1"],"picked":"All For One","floor":45},{"not_picked":["Compile Driver+1","Sweeping Beam","Barrage","Streamline+1"],"picked":"SKIP","floor":45},{"not_picked":["Self Repair","Go for the Eyes","Leap+1"],"picked":"Rebound+1","floor":48},{"not_picked":["BasicCrystalCard","Turbo","Barrage+1"],"picked":"Buffer","floor":48},{"not_picked":["FTL","ReplaySort","Stack+1","Hologram"],"picked":"SKIP","floor":48},{"not_picked":["Coolheaded+1","BasicCrystalCard+1","Gash"],"picked":"Static Discharge","floor":51},{"not_picked":["Turbo","Compile Driver","Static Discharge"],"picked":"Aggregate+1","floor":51},{"not_picked":["Steam","Beam Cell","Blizzard"],"picked":"Gash+1","floor":51},{"not_picked":["Undo+1","Streamline","Barrage+1"],"picked":"Aggregate+1","floor":52},{"not_picked":["Sweeping Beam","Gash","Doom and Gloom","FTL"],"picked":"SKIP","floor":52},{"not_picked":["Glacier","Reinforced Body","Hello World","Fission"],"picked":"SKIP","floor":52},{"not_picked":["Redo","Blizzard+1","Leap+1"],"picked":"Undo+1","floor":53},{"not_picked":["Glacier","Ball Lightning","Hello World+1"],"picked":"Compile Driver+1","floor":56},{"not_picked":["Coolheaded","Sweeping Beam","Stack+1","Fusion+1"],"picked":"SKIP","floor":56},{"not_picked":["Amplify","Coolheaded+1","Go for the Eyes+1","ReplayTheSpireMod:Repulse"],"picked":"SKIP","floor":56}],"player_experience":906220,"relics_obtained":[{"floor":6.0,"key":"aspiration:HummingbirdHeart"},{"floor":8.0,"key":"Replay:Bottled Eggs"},{"floor":9.0,"key":"Art of War"},{"floor":24.0,"key":"FossilizedHelix"},{"floor":26.0,"key":"CeramicFish"},{"floor":31.0,"key":"Dead Branch"},{"floor":31.0,"key":"Bottled Flame"},{"floor":38.0,"key":"Bird Faced Urn"},{"floor":39.0,"key":"ReplayTheSpireMod:Ring of Collecting"},{"floor":42.0,"key":"Question Card"},{"floor":43.0,"key":"Replay:Bottled Flurry"},{"floor":47,"key":"Prayer Wheel"},{"floor":56,"key":"paleoftheancients:SoulOfTheDefect"},{"floor":58,"key":"Carrot"}],"event_choices":[{"cards_removed":["Stack"],"damage_healed":0.0,"max_hp_gain":0.0,"max_hp_loss":0.0,"gold_gain":0.0,"event_name":"Wheel of Change","player_choice":"Card Removal","floor":2.0,"gold_loss":0.0,"damage_taken":0.0},{"damage_healed":0.0,"max_hp_gain":0.0,"max_hp_loss":0.0,"gold_gain":100.0,"event_name":"Golden Shrine","player_choice":"Pray","floor":4.0,"gold_loss":0.0,"damage_taken":0.0},{"damage_healed":0.0,"max_hp_gain":0.0,"max_hp_loss":0.0,"gold_gain":0.0,"event_name":"Colosseum","player_choice":"Fight","floor":31.0,"gold_loss":0.0,"damage_taken":0.0},{"damage_healed":0.0,"max_hp_gain":0.0,"max_hp_loss":0.0,"gold_gain":0.0,"event_name":"Colosseum","player_choice":"Fought Nobs","floor":31.0,"gold_loss":0.0,"damage_taken":0.0},{"damage_healed":0.0,"max_hp_gain":0.0,"max_hp_loss":0.0,"gold_gain":0.0,"event_name":"Mysterious Sphere","player_choice":"Fight","floor":38.0,"gold_loss":0.0,"damage_taken":0.0},{"damage_healed":0,"gold_gain":0,"player_choice":"Fight","damage_taken":0,"max_hp_gain":0,"max_hp_loss":0,"event_name":"MindBloom","floor":47,"gold_loss":0}],"is_beta":false,"boss_relics":[{"not_picked":["Kintsugi","Replay:Wanted Poster"],"picked":"Tiny House"},{"not_picked":["FrozenCore","Sozu"],"picked":"Replay:Grab Bag"},{"not_picked":["Runic Dome","Replay:Fungal Core"],"picked":"Replay:Bronze Core"},{"not_picked":["Painkiller Herb","Cursed Key"],"picked":"ChewingGum"},{"not_picked":["aspiration:IroncladSkillbook","Astrolabe"],"picked":"aspiration:BursterCore"},{"not_picked":["aspiration:RitualDagger","Black Star"],"picked":"Snecko Heart"}],"items_purged_floors":[54],"is_endless":false,"potions_floor_spawned":[3,5,12,16,21,22,24,27,28,35,36,52,56],"ascension_level":0}}