{"host":"flm17o2q7bfjyna6","time":1608223866,"event":{"mods":["2.2 Compatiblity","Act Like it!","BaseMod","Better Altar","Better Match","Better Note","Better Sensory Stone","Better Skull","Better Third Choice","Better Vampires","Colored Map","Colored Powertips","DeckTracker","Hermit","Minty Spire (QoL Compilation)","Quick Restart","Replay The Spire","Reworked Bosses","Spicy Shops","StSLib","Wandering Minibosses"],"gold_per_floor":[115,131,84,84,97,97,130,130,130,162,177,177,197,197,197,295,295,312,336,62,76,96,96,115,150,150,188,200,212,251,18,18,122,122,141,232,232,246,259,292,292,322,345,45,65,75,89,123,123,123],"floor_reached":51,"playtime":4116,"items_purged":["Looming Evil","Strike_G"],"score":1514,"play_id":"041c4507-34c4-497e-a39e-5d865315daab","local_time":"20201217115106","is_ascension_mode":true,"campfire_choices":[{"data":"Neutralize","floor":6,"key":"SMITH"},{"data":"Swift Strike","floor":8,"key":"SMITH"},{"data":"Noxious Fumes","floor":15,"key":"SMITH"},{"data":"Bouncing Flask","floor":23,"key":"SMITH"},{"data":"Toxin Wave","floor":28,"key":"SMITH"},{"data":"Footwork","floor":32,"key":"SMITH"},{"data":"Draining Mist","floor":41,"key":"SMITH"},{"data":"Footwork","floor":49,"key":"SMITH"}],"circlet_count":0,"master_deck":["AscendersBane","Defend_G","Defend_G+1","Defend_G","Survivor","Neutralize+1","Backstab","Footwork+1","Deflect","Swift Strike+1","Heel Hook","Backflip+1","Noxious Fumes+1","Caltrops+1","ReplayTheSpireMod:Necrosis+1","Die Die Die","CurseOfTheBell","Dagger Spray","Bouncing Flask+1","Catalyst+1","Toxin Wave+1","Acrobatics+1","PiercingWail+1","Terror+1","Leg Sweep+1","Predator+1","Draining Mist+1","Tools of the Trade","Deadly Poison+1","Sneak Up+1","Footwork+1"],"relics":["Ring of the Snake","NeowsBlessing","ReplayTheSpireMod:CursedCoin","NlothsMask","The Specimen","Bottled Tornado","Replay:Grab Bag","Replay:Bronze Core","ReplayTheSpireMod:Onyx Gauntlets","Calling Bell","Snecko Scales","ReplayFunnel","Replay:Bottled Snecko","Du-Vu Doll","Meat on the Bone","Omamori","Ice Cream","MawBank","Bag of Preparation","Letter Opener","Incense Burner","Bronze Scales","Kintsugi","wanderingMiniBosses:LockLocket","MealTicket","Centennial Puzzle","War Paint","TwistedFunnel","ClockworkSouvenir","CeramicFish"],"acts_visited":["Exordium","TheCity","TheBeyond"],"potions_floor_usage":[7,16,50,50],"damage_taken":[{"damage":0,"enemies":"Cultist","floor":1,"turns":1},{"damage":0,"enemies":"Jaw Worm","floor":2,"turns":1},{"damage":0,"enemies":"Small Slimes","floor":5,"turns":1},{"damage":24,"enemies":"Gremlin Nob","floor":7,"turns":5},{"damage":20,"enemies":"3 Sentries","floor":10,"turns":12},{"damage":11,"enemies":"3 Louse","floor":11,"turns":4},{"damage":8,"enemies":"Blue Slaver","floor":13,"turns":3},{"damage":32,"enemies":"Fading Forest","floor":16,"turns":11},{"damage":0,"enemies":"Chosen","floor":18,"turns":4},{"damage":0,"enemies":"Shell Parasite","floor":19,"turns":5},{"damage":0,"enemies":"Cultist and Chosen","floor":21,"turns":5},{"damage":0,"enemies":"Snecko","floor":22,"turns":4},{"damage":0,"enemies":"Snake Plant","floor":24,"turns":4},{"damage":9,"enemies":"Slavers","floor":25,"turns":6},{"damage":0,"enemies":"Book of Stabbing","floor":27,"turns":4},{"damage":0,"enemies":"Slavers","floor":30,"turns":4},{"damage":0,"enemies":"bossMod:newChamp","floor":33,"turns":7},{"damage":0,"enemies":"3 Shapes","floor":35,"turns":3},{"damage":0,"enemies":"Orb Walker","floor":36,"turns":5},{"damage":3,"enemies":"3 Darklings","floor":38,"turns":2},{"damage":0,"enemies":"Jaw Worm Horde","floor":39,"turns":3},{"damage":0,"enemies":"Nemesis","floor":40,"turns":5},{"damage":4,"enemies":"Reptomancer","floor":42,"turns":4},{"damage":0,"enemies":"Spire Growth","floor":45,"turns":4},{"damage":0,"enemies":"Maw","floor":46,"turns":4},{"damage":2,"enemies":"Transient","floor":47,"turns":5},{"damage":3,"enemies":"Nemesis","floor":48,"turns":5},{"damage":0,"enemies":"Time Eater","floor":50,"turns":8}],"seed_played":"8420768510250640701","potions_obtained":[{"floor":1,"key":"Swift Potion"},{"floor":10,"key":"FearPotion"},{"floor":13,"key":"Swift Potion"},{"floor":16,"key":"Poison Potion"},{"floor":22,"key":"SpeedPotion"},{"floor":24,"key":"Adrenaline Potion"},{"floor":30,"key":"Reflective Coating"}],"is_trial":false,"path_per_floor":["M","M","$","?","M","R","E","R","T","E","M","?","M","?","R","B",null,"M","M","$","M","M","R","M","E","T","E","R","?","E","$","R","B",null,"M","M","?","M","M","E","R","E","T","$","M","M","M","E","R","B",null],"character_chosen":"THE_SILENT","items_purchased":["ReplayTheSpireMod:CursedCoin","Deflect","Swift Strike","Meat on the Bone","Omamori","Bronze Scales","TwistedFunnel","ClockworkSouvenir"],"campfire_rested":0,"item_purchase_floors":[3,3,3,20,20,31,44,44],"current_hp_per_floor":[63,63,63,63,63,63,39,39,39,19,8,80,72,72,72,40,70,70,70,70,70,70,70,70,61,61,61,61,61,61,61,61,61,75,75,75,75,72,72,72,72,68,68,80,80,80,78,75,75,75],"gold":123,"neow_bonus":"THREE_ENEMY_KILL","is_daily":false,"chose_seed":false,"campfire_upgraded":8,"win_rate":0.0,"timestamp":1608223866,"path_taken":["M","?","$","?","?","R","E","R","T","E","M","?","?","?","R","BOSS","M","M","$","M","M","R","M","E","T","E","R","?","E","$","R","BOSS","M","M","?","M","M","E","R","E","T","$","?","M","M","E","R","BOSS"],"items_purchased_type":["Relic","Card","Card","Relic","Relic","Relic","Relic","Relic"],"build_version":"2020-12-13","purchased_purges":2,"victory":true,"max_hp_per_floor":[70,70,70,70,70,70,70,70,70,70,70,80,80,80,80,80,80,80,80,80,80,80,80,80,80,80,80,80,80,80,80,80,80,80,80,80,80,80,80,80,80,80,80,80,80,80,80,80,80,80],"card_choices":[{"not_picked":["ReplayTheSpireMod:Shiv Toss","Flechettes"],"picked":"Backstab","floor":1},{"not_picked":["Bane","Underhanded Strike"],"picked":"Footwork","floor":2},{"not_picked":["Underhanded Strike","Outmaneuver"],"picked":"Heel Hook","floor":5},{"not_picked":["Dodge and Roll","Grand Finale"],"picked":"Backflip","floor":7},{"not_picked":["Well Laid Plans","Expertise"],"picked":"Tools of the Trade","floor":10},{"not_picked":["Footwork","Setup"],"picked":"Noxious Fumes","floor":11},{"not_picked":["Deflect","Choke"],"picked":"Caltrops","floor":13},{"not_picked":["Glass Knife","Atom Bomb"],"picked":"Die Die Die","floor":16},{"not_picked":["Masterful Stab+1","Blade Dance"],"picked":"Dagger Spray","floor":18},{"not_picked":["ReplayTheSpireMod:Tripwire","Caltrops"],"picked":"Bouncing Flask","floor":19},{"not_picked":["Hidden Blade","Glass Knife","Endless Agony"],"picked":"SKIP","floor":21},{"not_picked":["Dodge and Roll","Poisoned Stab","Sucker Punch"],"picked":"SKIP","floor":22},{"not_picked":["Quick Slash","Leg Sweep"],"picked":"Catalyst+1","floor":24},{"not_picked":["ReplayTheSpireMod:Shiv Toss+1","Cloak And Dagger+1","Underhanded Strike+1"],"picked":"SKIP","floor":25},{"not_picked":["Distraction+1","Cloak And Dagger"],"picked":"Toxin Wave","floor":27},{"not_picked":["Hidden Blade","Envenom"],"picked":"Acrobatics+1","floor":30},{"not_picked":["Sucker Punch+1","Reflex+1"],"picked":"PiercingWail+1","floor":35},{"not_picked":["Acrobatics","Dagger Spray"],"picked":"Terror+1","floor":36},{"not_picked":["Slice","Poisoned Stab"],"picked":"Leg Sweep+1","floor":38},{"not_picked":["Poisoned Stab","ReplayTheSpireMod:Speed Training"],"picked":"Predator+1","floor":39},{"not_picked":["Heel Hook","Dash"],"picked":"Draining Mist","floor":40},{"not_picked":["Envenom","Infinite Blades"],"picked":"Tools of the Trade","floor":42},{"not_picked":["Eviscerate+1","Prepared"],"picked":"Deadly Poison+1","floor":45},{"not_picked":["Prepared+1","ReplayTheSpireMod:Shiv Toss"],"picked":"Sneak Up+1","floor":46},{"not_picked":["Outmaneuver","Dagger Throw+1","Blade Dance+1"],"picked":"SKIP","floor":47},{"not_picked":["Slice+1","Deadly Poison+1"],"picked":"Footwork","floor":48}],"player_experience":1583745,"relics_obtained":[{"floor":7,"key":"The Specimen"},{"floor":10,"key":"Bottled Tornado"},{"floor":17,"key":"ReplayFunnel"},{"floor":17,"key":"Replay:Bottled Snecko"},{"floor":17,"key":"Du-Vu Doll"},{"floor":25,"key":"Ice Cream"},{"floor":26,"key":"MawBank"},{"floor":27,"key":"Bag of Preparation"},{"floor":30,"key":"Incense Burner"},{"floor":36,"key":"wanderingMiniBosses:LockLocket"},{"floor":40,"key":"MealTicket"},{"floor":42,"key":"Centennial Puzzle"},{"floor":43,"key":"War Paint"},{"floor":48,"key":"CeramicFish"}],"event_choices":[{"damage_healed":0,"gold_gain":0,"player_choice":"Trade","damage_taken":0,"relics_obtained":["NlothsMask"],"max_hp_gain":0,"max_hp_loss":0,"event_name":"FaceTrader","floor":4,"gold_loss":0},{"cards_removed":["Tools of the Trade"],"damage_healed":62,"gold_gain":0,"player_choice":"Offered Rare","damage_taken":0,"max_hp_gain":10,"max_hp_loss":0,"event_name":"Bonfire Elementals","floor":12,"gold_loss":0},{"damage_healed":0,"gold_gain":0,"player_choice":"Gave Potion","damage_taken":0,"relics_obtained":["Letter Opener"],"max_hp_gain":0,"max_hp_loss":0,"event_name":"WeMeetAgain","floor":29,"gold_loss":0},{"damage_healed":0,"gold_gain":0,"player_choice":"Upgraded","damage_taken":0,"max_hp_gain":0,"max_hp_loss":0,"event_name":"Upgrade Shrine","floor":37,"gold_loss":0,"cards_upgraded":["Caltrops"]}],"is_beta":false,"boss_relics":[{"not_picked":["Abe\u0027s Treasure","Fusion Hammer"],"picked":"Replay:Grab Bag"},{"not_picked":["Painkiller Herb","ReplayTheSpireMod:DimensionalGlitch"],"picked":"Replay:Bronze Core"},{"not_picked":["Philosopher\u0027s Stone","Sozu"],"picked":"ReplayTheSpireMod:Onyx Gauntlets"},{"not_picked":["Pandora\u0027s Box","Snecko Eye"],"picked":"Calling Bell"},{"not_picked":["SacredBark","Replay:Drink Me"],"picked":"Snecko Scales"},{"not_picked":["SlaversCollar","WristBlade"],"picked":"Kintsugi"}],"items_purged_floors":[3,31],"is_endless":false,"potions_floor_spawned":[1,10,13,16,22,24,25,30,33,38,40,42,47],"ascension_level":10}}