{"host":"n529wyrjhujcvty3","time":1608200147,"event":{"mods":["2.2 Compatiblity","Act Like it!","BaseMod","Better Third Choice","Lobotomy","Marisa¡]Ãú«B¡@Å]²z¨F¡^","Minty Spire (QoL Compilation)","Shop Mod","StSLib","Td1madao Mod","The Runesmith"],"gold_per_floor":[113,38,38,38,38,38,63,63,89,89,105,145,145,163,163,292,292,315,330,351,351,214,214,237,237,260,260,108,121,137,137,137,263,263,282,307,150,483,271,271,271,291,367,383,383,418,434,462,462,462],"floor_reached":51,"playtime":5725,"items_purged":["Pain","Regret","Doubt","Runesmith:Strike_RS","Runesmith:Defend_RS"],"score":755,"play_id":"fd1a6f5b-ba46-401e-ac41-de1a7297b883","local_time":"20201217181547","is_ascension_mode":false,"campfire_choices":[{"data":"Runesmith:PerfectChisel","floor":6.0,"key":"SMITH"},{"data":"Runesmith:CraftFirestone","floor":8.0,"key":"SMITH"},{"data":"Runesmith:CraftProtectio","floor":10.0,"key":"SMITH"},{"data":"Runesmith:HammerThrow","floor":15.0,"key":"SMITH"},{"data":"Runesmith:Permafrost","floor":23.0,"key":"SMITH"},{"data":"Runesmith:ReplicatingBarrier","floor":25.0,"key":"SMITH"},{"data":"Runesmith:CraftVitae","floor":27.0,"key":"SMITH"},{"data":"Runesmith:Grindstone","floor":32.0,"key":"SMITH"},{"data":"Runesmith:LithiumIon","floor":40,"key":"SMITH"},{"data":"Runesmith:PoweredAnvil","floor":45,"key":"SMITH"},{"data":"Runesmith:UnlimitedPower","floor":49,"key":"SMITH"}],"circlet_count":0,"master_deck":["Runesmith:Strike_RS","Runesmith:Defend_RS","Runesmith:Defend_RS+1","Runesmith:CraftFirestone+1","Runesmith:Fortify","Runesmith:PerfectChisel+1","Runesmith:CraftProtectio+1","Runesmith:RunicBlueprint+1","Runesmith:HammerThrow+1","Runesmith:CraftVitae+1","Runesmith:Permafrost+1","Runesmith:ReplicatingBarrier+1","Runesmith:RunicBlueprint","Runesmith:BackupBattery","Runesmith:BackupBattery+1","Runesmith:BackupBattery+1","Runesmith:LithiumIon+1","Runesmith:RuneHurl","Runesmith:Grindstone+1","Runesmith:LightningRod","Runesmith:NegativeSpace+1","Runesmith:Supernova","Runesmith:WhiteBalance+1","Runesmith:CraftSpiculum","Runesmith:PoweredAnvil+1","Runesmith:PoweredAnvil","Runesmith:OneForEveryone","Runesmith:CraftMagma","Runesmith:UnlimitedPower+1"],"relics":["Runesmith:BrokenRuby","Bird Faced Urn","HornCleat","Vajra","Runesmith:EmergencyProvisions","Coffee Dripper","MerchantsRug","Strawberry","Bronze Scales"],"acts_visited":["Exordium","TheCity","TheBeyond"],"potions_floor_usage":[],"damage_taken":[{"damage":10.0,"enemies":"2 Louse","floor":1.0,"turns":4.0},{"damage":9.0,"enemies":"Jaw Worm","floor":7.0,"turns":3.0},{"damage":2.0,"enemies":"Small Slimes","floor":11.0,"turns":4.0},{"damage":12.0,"enemies":"Lagavulin","floor":12.0,"turns":7.0},{"damage":2.0,"enemies":"Blue Slaver","floor":14.0,"turns":2.0},{"damage":6.0,"enemies":"The Guardian","floor":16.0,"turns":11.0},{"damage":2.0,"enemies":"Spheric Guardian","floor":18.0,"turns":4.0},{"damage":14.0,"enemies":"2 Thieves","floor":19.0,"turns":4.0},{"damage":7.0,"enemies":"Chosen and Byrds","floor":20.0,"turns":6.0},{"damage":0.0,"enemies":"Snecko","floor":24.0,"turns":6.0},{"damage":2.0,"enemies":"Shelled Parasite and Fungi","floor":29.0,"turns":7.0},{"damage":0.0,"enemies":"Centurion and Healer","floor":30.0,"turns":6.0},{"damage":5.0,"enemies":"Champ","floor":33.0,"turns":9.0},{"damage":6,"enemies":"3 Darklings","floor":35,"turns":7},{"damage":0,"enemies":"Orb Walker","floor":36,"turns":3},{"damage":0,"enemies":"Jaw Worm Horde","floor":42,"turns":4},{"damage":12,"enemies":"Transient","floor":44,"turns":5},{"damage":14,"enemies":"Reptomancer","floor":46,"turns":8},{"damage":0,"enemies":"Spire Growth","floor":47,"turns":4},{"damage":10,"enemies":"Nemesis","floor":48,"turns":3},{"damage":20,"enemies":"Donu and Deca","floor":50,"turns":9}],"seed_played":"6253275734615470088","potions_obtained":[{"floor":7.0,"key":"SpeedPotion"},{"floor":14.0,"key":"Fire Potion"},{"floor":16.0,"key":"Swift Potion"},{"floor":20.0,"key":"CultistPotion"},{"floor":35,"key":"SpeedPotion"}],"is_trial":false,"path_per_floor":["M","$","?","?","?","R","M","R","T","R","M","E","?","M","R","B",null,"M","M","M","?","$","R","M","R","T","R","$","M","M","$","R","B",null,"M","M","$","?","$","R","?","M","T","M","R","E","M","E","R","B",null],"character_chosen":"RUNESMITH_CLASS","items_purchased":["Runesmith:LithiumIon","Runesmith:Grindstone","MerchantsRug","Runesmith:PoweredAnvil"],"campfire_rested":0,"item_purchase_floors":[22,28,37,39],"current_hp_per_floor":[60,60,43,43,43,43,34,34,34,34,32,20,20,18,18,14,70,69,58,55,55,55,55,61,61,61,61,61,65,70,70,70,65,70,64,68,68,68,68,68,68,70,70,64,64,67,73,71,71,63],"gold":462,"neow_bonus":"TRANSFORM_TWO_CARDS","is_daily":false,"chose_seed":false,"campfire_upgraded":11,"win_rate":0.0,"timestamp":1608200147,"path_taken":["M","$","?","?","?","R","M","R","T","R","?","E","?","M","R","BOSS","M","?","M","?","$","R","M","R","T","R","$","M","?","$","R","BOSS","M","M","$","?","$","R","?","M","T","M","R","E","M","E","R","BOSS"],"items_purchased_type":["Card","Card","Relic","Card"],"build_version":"2020-12-13","purchased_purges":5,"victory":true,"max_hp_per_floor":[70,70,70,70,70,70,70,70,70,70,70,70,70,70,70,70,70,70,70,70,70,70,70,70,70,70,70,70,70,70,70,70,70,70,70,70,70,70,70,70,70,70,70,70,70,77,77,77,77,77],"card_choices":[{"not_picked":["Runesmith:EnergizedChisel","Runesmith:Repurpose"],"picked":"Runesmith:CraftProtectio","floor":1.0},{"not_picked":["Runesmith:StaticCage","Runesmith:HeatedChisel"],"picked":"Runesmith:RunicBlueprint","floor":7.0},{"not_picked":["Runesmith:EarthShield","Runesmith:UnstableHammer"],"picked":"Runesmith:HammerThrow","floor":11.0},{"not_picked":["Runesmith:Overpower","Runesmith:Terraform"],"picked":"Runesmith:CraftVitae","floor":12.0},{"not_picked":["Runesmith:MakeshiftArmor","Runesmith:StaticCage","Runesmith:CraftProtectio"],"picked":"SKIP","floor":14.0},{"not_picked":["Runesmith:GenerateForcefield","Runesmith:LastStand"],"picked":"Runesmith:ReplicatingBarrier","floor":16.0},{"not_picked":["Runesmith:Electrocute","Runesmith:Attraction"],"picked":"Runesmith:RunicBlueprint","floor":18.0},{"not_picked":["Runesmith:HammerThrow+1","Runesmith:HeatExchange"],"picked":"Runesmith:BackupBattery","floor":19.0},{"not_picked":["Runesmith:UnstableHammer+1","Runesmith:HammerThrow"],"picked":"Runesmith:BackupBattery+1","floor":20.0},{"not_picked":["Runesmith:LithiumIon+1","Runesmith:Malloc"],"picked":"Runesmith:RuneHurl","floor":24.0},{"not_picked":["Runesmith:Grindstone+1","Runesmith:Repurpose"],"picked":"Runesmith:LightningRod","floor":29.0},{"not_picked":["Runesmith:HammerThrow","Runesmith:MakeshiftArmor+1"],"picked":"Runesmith:NegativeSpace+1","floor":30.0},{"not_picked":["Runesmith:LightningRod","Runesmith:ReplicatingBarrier"],"picked":"Runesmith:Supernova","floor":33.0},{"not_picked":["Runesmith:Electrocute","Runesmith:Overpower"],"picked":"Runesmith:WhiteBalance+1","floor":35},{"not_picked":["Runesmith:Electrocute+1","Runesmith:FrozenChisel+1"],"picked":"Runesmith:CraftSpiculum","floor":36},{"not_picked":["Runesmith:Grindstone+1","Runesmith:CraftProtectio+1"],"picked":"Runesmith:PoweredAnvil","floor":42},{"not_picked":["Runesmith:Repurpose","Runesmith:Firewall+1"],"picked":"Runesmith:OneForEveryone","floor":44},{"not_picked":["Runesmith:Repurpose+1","Runesmith:Grindstone","Runesmith:EarthShield+1"],"picked":"SKIP","floor":46},{"not_picked":["Runesmith:EarthShield","Runesmith:Repurpose+1"],"picked":"Runesmith:CraftMagma","floor":47},{"not_picked":["Runesmith:UnstableHammer+1","Runesmith:HammerThrow"],"picked":"Runesmith:UnlimitedPower","floor":48}],"player_experience":361362,"relics_obtained":[{"floor":9.0,"key":"Vajra"},{"floor":12.0,"key":"War Paint"},{"floor":26.0,"key":"Runesmith:EmergencyProvisions"},{"floor":46,"key":"Strawberry"},{"floor":48,"key":"Bronze Scales"}],"event_choices":[{"damage_healed":0.0,"max_hp_gain":0.0,"max_hp_loss":0.0,"gold_gain":0.0,"event_name":"Golden Idol","player_choice":"Take Damage","floor":3.0,"gold_loss":0.0,"damage_taken":17.0,"relics_obtained":["Golden Idol"]},{"damage_healed":0.0,"max_hp_gain":0.0,"max_hp_loss":0.0,"gold_gain":0.0,"event_name":"Big Fish","player_choice":"Box","floor":4.0,"gold_loss":0.0,"damage_taken":0.0,"relics_obtained":["Bird Faced Urn"],"cards_obtained":["Regret"]},{"cards_removed":["Runesmith:ChiselStab"],"damage_healed":0.0,"max_hp_gain":0.0,"max_hp_loss":0.0,"gold_gain":0.0,"event_name":"WeMeetAgain","player_choice":"Gave Card","floor":5.0,"gold_loss":0.0,"damage_taken":0.0,"relics_obtained":["HornCleat"]},{"damage_healed":0.0,"max_hp_gain":0.0,"max_hp_loss":0.0,"gold_gain":0.0,"cards_transformed":["Runesmith:Defend_RS"],"event_name":"Transmorgrifier","player_choice":"Transformed","floor":13.0,"gold_loss":0.0,"damage_taken":0.0,"cards_obtained":["Runesmith:Permafrost"]},{"damage_healed":0.0,"max_hp_gain":0.0,"max_hp_loss":0.0,"gold_gain":0.0,"event_name":"Duplicator","player_choice":"Copied","floor":21.0,"gold_loss":0.0,"damage_taken":0.0,"cards_obtained":["Runesmith:BackupBattery"]},{"damage_healed":0,"gold_gain":333,"player_choice":"Gave Idol","damage_taken":0,"max_hp_gain":0,"max_hp_loss":0,"event_name":"The Moai Head","floor":38,"relics_lost":["Golden Idol"],"gold_loss":0},{"damage_healed":0,"gold_gain":0,"player_choice":"Ignored","damage_taken":0,"max_hp_gain":0,"max_hp_loss":0,"event_name":"Tomb of Lord Red Mask","floor":41,"gold_loss":0}],"is_beta":false,"boss_relics":[{"not_picked":["Busted Crown","Runic Pyramid"],"picked":"Cursed Key"},{"not_picked":["Calling Bell","Velvet Choker"],"picked":"Coffee Dripper"}],"items_purged_floors":[2,22,28,37,39],"is_endless":false,"potions_floor_spawned":[7,14,16,19,20,35,46,48],"ascension_level":0}}