{"host":"ctqfwlng7h8v2vsz","time":1608166973,"event":{"mods":["AchievementEnabler","BaseMod","BetterRewards","Highlight Path","Keyboard Shortcuts","Minty Spire (QoL Compilation)","Permanent Neow","Rare Cards Sparkle","Relic Stats","Shop Mod","Spicy Shops","StSLib","SuperFastMode","everything is the same but u backflip on backflip"],"gold_per_floor":[9015,9015,7762,7762,7780,7780,6909,6943,6943,6954,5880,5880,5880,5891,5891,5968,5968,5982,4867,4882,4882,4895,4895,4895,4927,5006,5050,5050,5050,3655,2732,2732,2818,2818,2847,2884,2905,2905,2905,2905,2905,1896,1896,522,522,550,1831,1865,1865,1865,1865,1865,1865,1435,1474,1474],"floor_reached":57,"playtime":1977,"items_purged":["Well Laid Plans","Distraction","Neutralize","Malaise","Eviscerate","Blade Dance","Masterful Stab","Survivor","Pain","Judgement+1"],"score":3474,"play_id":"b76277a6-0e41-4e48-934f-499e1f42470d","local_time":"20201217100253","is_ascension_mode":true,"campfire_choices":[{"data":"Judgement","floor":6,"key":"SMITH"},{"data":"After Image","floor":12,"key":"SMITH"},{"data":"Omniscience","floor":13,"key":"SMITH"},{"data":"Well Laid Plans","floor":15,"key":"SMITH"},{"data":"Seek","floor":23,"key":"SMITH"},{"data":"Body Slam","floor":24,"key":"SMITH"},{"data":"Exhume","floor":28,"key":"SMITH"},{"data":"Adrenaline","floor":29,"key":"SMITH"},{"data":"Acrobatics","floor":32,"key":"SMITH"},{"floor":40,"key":"RECALL"},{"data":"Night Terror","floor":41,"key":"SMITH"},{"data":"Adrenaline+1","floor":49,"key":"PURGE"},{"data":"ConjureBlade+1","floor":53,"key":"PURGE"}],"circlet_count":0,"master_deck":["AscendersBane","Grand Finale+1","After Image+1","Omniscience+1","Finesse+1","Acrobatics+1","After Image+1","Exhume+1","Body Slam+1","Genetic Algorithm+1","Seek+1","Adrenaline+1","Footwork+1","After Image+1","Night Terror+1","Echo Form+1","Omniscience+1","Adrenaline+1","Footwork+1","Echo Form+1","Well Laid Plans+1","Master of Strategy+1"],"relics":["Ring of the Snake","Pandora\u0027s Box","Prayer Wheel","Prayer Wheel","Question Card","Question Card","Nloth\u0027s Gift","Nloth\u0027s Gift","Nloth\u0027s Gift","Nloth\u0027s Gift","PrismaticShard","Peace Pipe","Calipers","Coffee Dripper","Coffee Dripper","Sling","Omamori","White Beast Statue","Art of War","Centennial Puzzle","Pen Nib","TheAbacus","Dream Catcher","Unceasing Top","Kunai","DollysMirror","Nunchaku","OrangePellets","Happy Flower","Darkstone Periapt","Black Star","Ornamental Fan","Lantern","Pear","Orrery","CeramicFish","Snake Skull","Pantograph","Oddly Smooth Stone","Calipers","MealTicket","Frozen Eye","HandDrill","Frozen Egg 2","Molten Egg 2","Mummified Hand","Lee\u0027s Waffle","Akabeko","Sundial","SacredBark","WingedGreaves","Bottled Lightning","Medical Kit","PreservedInsect","Gremlin Horn","Bag of Preparation","War Paint","Potion Belt","ClockworkSouvenir","Chemical X","Turnip","InkBottle","FossilizedHelix","Mark of the Bloom","Membership Card","Toxic Egg 2","Shuriken","Bag of Marbles","Tingsha","Strawberry","HornCleat","Orichalcum","Paper Crane","Anchor","Du-Vu Doll"],"acts_visited":["Exordium","TheCity","TheBeyond","TheEnding"],"potions_floor_usage":[10,56,56,56],"damage_taken":[{"damage":8,"enemies":"Small Slimes","floor":1,"turns":2},{"damage":0,"enemies":"Jaw Worm","floor":5,"turns":2},{"damage":0,"enemies":"3 Sentries","floor":8,"turns":3},{"damage":0,"enemies":"2 Louse","floor":10,"turns":2},{"damage":0,"enemies":"Blue Slaver","floor":14,"turns":2},{"damage":0,"enemies":"Slime Boss","floor":16,"turns":3},{"damage":0,"enemies":"3 Byrds","floor":18,"turns":3},{"damage":0,"enemies":"Spheric Guardian","floor":20,"turns":2},{"damage":0,"enemies":"Shelled Parasite and Fungi","floor":22,"turns":1},{"damage":0,"enemies":"Gremlin Leader","floor":25,"turns":2},{"damage":0,"enemies":"Slavers","floor":27,"turns":1},{"damage":0,"enemies":"Automaton","floor":33,"turns":2},{"damage":0,"enemies":"3 Shapes","floor":35,"turns":1},{"damage":0,"enemies":"Orb Walker","floor":36,"turns":2},{"damage":0,"enemies":"Maw","floor":37,"turns":3},{"damage":0,"enemies":"Jaw Worm Horde","floor":46,"turns":1},{"damage":0,"enemies":"Giant Head","floor":48,"turns":2},{"damage":0,"enemies":"Donu and Deca","floor":50,"turns":3},{"damage":0,"enemies":"Time Eater","floor":51,"turns":8},{"damage":0,"enemies":"Shield and Spear","floor":55,"turns":1},{"damage":0,"enemies":"The Heart","floor":56,"turns":7}],"seed_played":"5768543729663151436","potions_obtained":[{"floor":10,"key":"SpeedPotion"},{"floor":14,"key":"PowerPotion"},{"floor":20,"key":"DuplicationPotion"},{"floor":48,"key":"LiquidMemories"}],"is_trial":false,"path_per_floor":["M","?","$","?","M","R","$","E","T","M","$","R","R","M","R","B",null,"M","$","M","?","M","R","R","E","T","E","R","R","$","$","R","B",null,"M","M","M","?","?","R","R","$","T","$","?","M","$","E","R","B","B",null,"R","$","E","B",null],"character_chosen":"THE_SILENT","items_purchased":["Well Laid Plans","Sling","Omamori","White Beast Statue","Art of War","Centennial Puzzle","Swift Potion","Explosive Potion","Pen Nib","TheAbacus","Dream Catcher","Finesse","Acrobatics","DollysMirror","Nunchaku","OrangePellets","Happy Flower","Darkstone Periapt","Ornamental Fan","Lantern","Pear","Orrery","MealTicket","Frozen Eye","HandDrill","Frozen Egg 2","Molten Egg 2","Footwork+1","Mummified Hand","Lee\u0027s Waffle","Akabeko","Sundial","Footwork+1","Bottled Lightning","Medical Kit","PreservedInsect","Gremlin Horn","Bag of Preparation","ClockworkSouvenir","Chemical X","Turnip","InkBottle","FossilizedHelix","ColorlessPotion","Membership Card","Well Laid Plans+1","Toxic Egg 2","Shuriken","Strawberry","HornCleat","Orichalcum","Paper Crane"],"campfire_rested":0,"item_purchase_floors":[3,3,3,3,3,3,3,3,7,7,7,7,7,11,11,11,11,11,19,19,19,19,30,30,30,30,30,31,31,31,31,31,42,42,42,42,42,42,44,44,44,44,44,44,47,47,47,47,54,54,54,54],"current_hp_per_floor":[51,44,44,44,44,44,44,44,44,44,44,44,44,44,44,44,61,61,71,71,71,71,71,71,71,71,71,71,71,71,83,83,83,83,83,83,83,79,79,79,79,79,79,85,85,85,85,85,85,85,85,85,85,85,85,85],"gold":1474,"neow_bonus":"REMOVE_CARD","is_daily":false,"chose_seed":false,"campfire_upgraded":10,"win_rate":0.0,"timestamp":1608166973,"path_taken":["M","?","$","?","M","R","$","E","T","M","$","R","R","M","R","BOSS","M","$","M","?","M","R","R","E","T","E","R","R","$","$","R","BOSS","M","M","M","?","?","R","R","$","T","$","?","M","$","E","R","BOSS","BOSS","R","$","E","BOSS"],"items_purchased_type":["Card","Relic","Relic","Relic","Relic","Relic","Potion","Potion","Relic","Relic","Relic","Card","Card","Relic","Relic","Relic","Relic","Relic","Relic","Relic","Relic","Relic","Relic","Relic","Relic","Relic","Relic","Card","Relic","Relic","Relic","Relic","Card","Relic","Relic","Relic","Relic","Relic","Relic","Relic","Relic","Relic","Relic","Potion","Relic","Card","Relic","Relic","Relic","Relic","Relic","Relic"],"build_version":"2020-12-13","purchased_purges":10,"victory":true,"max_hp_per_floor":[66,66,66,66,66,66,66,66,66,66,66,66,66,66,66,66,66,66,76,76,76,76,76,76,76,76,76,76,76,76,83,83,83,83,83,83,83,79,79,79,79,79,79,85,85,85,85,85,85,85,85,85,85,92,92,92],"relic_stats":{"Darkstone Periapt":6,"Mark of the Bloom":112,"Gremlin Horn":[4,4],"CeramicFish":117,"Snake Skull":[0],"Bag of Preparation":[12],"Centennial Puzzle":[0],"Dream Catcher":0,"Nunchaku":[7],"TheAbacus":[252],"Mummified Hand":[142],"Sundial":[22],"Pantograph":0,"Prayer Wheel":11,"MealTicket":5,"HandDrill":[12],"Kunai":[12],"Chemical X":[4],"InkBottle":[22],"Ring of the Snake":[42],"Lee\u0027s Waffle":7,"Happy Flower":[14],"counters":[21,53],"Tingsha":[18],"Pen Nib":[8],"PreservedInsect":207,"War Paint":["ConjureBlade","Finesse"],"Orichalcum":[6],"Question Card":68,"Medical Kit":[6],"Peace Pipe":2,"OrangePellets":[4],"Ornamental Fan":[32],"Shuriken":[2],"Pandora\u0027s Box":["Infinite Blades","Masterful Stab","Eviscerate","Malaise","Grand Finale","Eviscerate","Distraction","After Image","Well Laid Plans","Blade Dance"],"Turnip":[2],"Nloth\u0027s Gift":536,"Art of War":[11],"Black Star":4,"obtain_stats":[{"Mark of the Bloom":45,"Calipers":0,"Gremlin Horn":42,"CeramicFish":25,"Sling":3,"Centennial Puzzle":3,"HornCleat":54,"DollysMirror":11,"Sundial":31,"Strawberry":54,"Prayer Wheel":0,"MealTicket":30,"HandDrill":30,"Kunai":9,"Toxic Egg 2":47,"Pear":19,"Happy Flower":11,"Oddly Smooth Stone":27,"Tingsha":48,"Pen Nib":7,"War Paint":43,"Paper Crane":54,"Question Card":0,"Akabeko":31,"Du-Vu Doll":55,"OrangePellets":11,"Shuriken":47,"Pandora\u0027s Box":0,"Molten Egg 2":30,"Nloth\u0027s Gift":0,"Black Star":17,"Unceasing Top":8,"Darkstone Periapt":11,"Lantern":19,"SacredBark":34,"Snake Skull":25,"Bag of Preparation":42,"PrismaticShard":0,"ClockworkSouvenir":44,"Frozen Eye":30,"Dream Catcher":7,"Nunchaku":11,"TheAbacus":7,"Mummified Hand":31,"Pantograph":26,"WingedGreaves":0,"Chemical X":44,"InkBottle":44,"Ring of the Snake":0,"Potion Belt":43,"Lee\u0027s Waffle":31,"PreservedInsect":42,"Omamori":3,"Frozen Egg 2":30,"Orichalcum":54,"Medical Kit":42,"White Beast Statue":3,"Peace Pipe":0,"Anchor":55,"Ornamental Fan":19,"Orrery":19,"Turnip":44,"Coffee Dripper":0,"Art of War":3,"Bag of Marbles":48,"Bottled Lightning":42,"Membership Card":47,"FossilizedHelix":44},{"Mark of the Bloom":15,"Calipers":0,"Gremlin Horn":15,"CeramicFish":10,"Sling":1,"Centennial Puzzle":1,"HornCleat":19,"DollysMirror":4,"Sundial":11,"Strawberry":19,"Prayer Wheel":0,"MealTicket":11,"HandDrill":11,"Kunai":3,"Toxic Egg 2":16,"Pear":7,"Happy Flower":4,"Oddly Smooth Stone":11,"Tingsha":17,"Pen Nib":2,"War Paint":15,"Paper Crane":19,"Question Card":0,"Akabeko":11,"Du-Vu Doll":20,"OrangePellets":4,"Shuriken":16,"Pandora\u0027s Box":0,"Molten Egg 2":11,"Nloth\u0027s Gift":0,"Black Star":6,"Unceasing Top":3,"Darkstone Periapt":4,"Lantern":7,"SacredBark":12,"Snake Skull":10,"Bag of Preparation":15,"PrismaticShard":0,"ClockworkSouvenir":15,"Frozen Eye":11,"Dream Catcher":2,"Nunchaku":4,"TheAbacus":2,"Mummified Hand":11,"Pantograph":10,"WingedGreaves":0,"Chemical X":15,"InkBottle":15,"Ring of the Snake":0,"Potion Belt":15,"Lee\u0027s Waffle":11,"PreservedInsect":15,"Omamori":1,"Frozen Egg 2":11,"Orichalcum":19,"Medical Kit":15,"White Beast Statue":1,"Peace Pipe":0,"Anchor":20,"Ornamental Fan":7,"Orrery":7,"Turnip":15,"Coffee Dripper":0,"Art of War":1,"Bag of Marbles":17,"Bottled Lightning":15,"Membership Card":16,"FossilizedHelix":15},{"Mark of the Bloom":31,"Calipers":0,"Gremlin Horn":31,"CeramicFish":22,"Sling":2,"Centennial Puzzle":2,"HornCleat":45,"DollysMirror":9,"Sundial":23,"Strawberry":45,"Prayer Wheel":0,"MealTicket":23,"HandDrill":23,"Kunai":7,"Toxic Egg 2":32,"Pear":17,"Happy Flower":9,"Oddly Smooth Stone":23,"Tingsha":34,"Pen Nib":4,"War Paint":31,"Paper Crane":45,"Question Card":0,"Akabeko":23,"Du-Vu Doll":46,"OrangePellets":9,"Shuriken":32,"Pandora\u0027s Box":0,"Molten Egg 2":23,"Nloth\u0027s Gift":0,"Black Star":14,"Unceasing Top":7,"Darkstone Periapt":9,"Lantern":17,"SacredBark":25,"Snake Skull":22,"Bag of Preparation":31,"PrismaticShard":0,"ClockworkSouvenir":31,"Frozen Eye":23,"Dream Catcher":4,"Nunchaku":9,"TheAbacus":4,"Mummified Hand":23,"Pantograph":22,"WingedGreaves":0,"Chemical X":31,"InkBottle":31,"Ring of the Snake":0,"Potion Belt":31,"Lee\u0027s Waffle":23,"PreservedInsect":31,"Omamori":2,"Frozen Egg 2":23,"Orichalcum":45,"Medical Kit":31,"White Beast Statue":2,"Peace Pipe":0,"Anchor":46,"Ornamental Fan":17,"Orrery":17,"Turnip":31,"Coffee Dripper":0,"Art of War":2,"Bag of Marbles":34,"Bottled Lightning":31,"Membership Card":32,"FossilizedHelix":31}],"Unceasing Top":[1]},"card_choices":[{"not_picked":["Die Die Die","Feed","Apotheosis","Hyperbeam"],"picked":"Judgement","floor":1},{"not_picked":["Storm of Steel","Malaise","Blasphemy","Grand Finale","Rainbow"],"picked":"SKIP","floor":1},{"not_picked":["Mayhem","Apotheosis","Grand Finale","Phantasmal Killer"],"picked":"Omniscience","floor":5},{"not_picked":["Electrodynamics","Creative AI","Immolate","Machine Learning","Alpha"],"picked":"SKIP","floor":5},{"not_picked":["Juggernaut","Buffer","Alpha","Secret Weapon","Amplify"],"picked":"SKIP","floor":8},{"not_picked":["Meteor Strike","Magnetism","Electrodynamics","Violence"],"picked":"Adrenaline","floor":10},{"not_picked":["SpiritShield","Wish","Electrodynamics","Juggernaut","Transmutation"],"picked":"SKIP","floor":10},{"not_picked":["Secret Technique","Corpse Explosion","Juggernaut","Grand Finale","Burst"],"picked":"SKIP","floor":14},{"not_picked":["Malaise","Ragnarok","Thunder Strike","Bludgeon","Secret Technique"],"picked":"SKIP","floor":14},{"not_picked":["Impervious","Fiend Fire","Venomology","HandOfGreed"],"picked":"Exhume","floor":16},{"not_picked":["Wish","Electrodynamics","Ragnarok","Envenom","Fiend Fire"],"picked":"SKIP","floor":18},{"not_picked":["Creative AI","Doppelganger","Secret Weapon","Demon Form","Feed"],"picked":"SKIP","floor":18},{"not_picked":["Havoc+1","True Grit","Ghostly Armor","Deflect+1"],"picked":"Body Slam","floor":19},{"not_picked":["Dark Shackles","CutThroughFate","BowlingBash+1","Fire Breathing"],"picked":"Genetic Algorithm+1","floor":19},{"not_picked":["Metamorphosis","Fission","Impervious","Apotheosis","Mayhem"],"picked":"SKIP","floor":20},{"not_picked":["Bludgeon","Electrodynamics","Brutality","Reaper","A Thousand Cuts"],"picked":"SKIP","floor":20},{"not_picked":["SpiritShield","Ragnarok","Scrawl","DevaForm"],"picked":"Seek","floor":22},{"not_picked":["Wraith Form v2","Wish","Envenom","HandOfGreed","Hyperbeam"],"picked":"SKIP","floor":22},{"not_picked":["DevaForm","Fiend Fire","MasterReality","Die Die Die","Tools of the Trade"],"picked":"SKIP","floor":25},{"not_picked":["Judgement","DevaForm","Creative AI","Ragnarok"],"picked":"Adrenaline","floor":27},{"not_picked":["Night Terror","Metamorphosis","DeusExMachina","Thunder Strike+1"],"picked":"After Image+1","floor":33},{"not_picked":["Die Die Die+1","Sadistic Nature+1","Biased Cognition+1","Corruption+1"],"picked":"ConjureBlade","floor":35},{"not_picked":["Corpse Explosion","Master of Strategy","Bullet Time","Doppelganger"],"picked":"Night Terror","floor":35},{"not_picked":["Ragnarok+1","MasterReality+1","A Thousand Cuts+1","Unload+1"],"picked":"Echo Form+1","floor":36},{"not_picked":["HandOfGreed+1","A Thousand Cuts+1","Alpha","Vault"],"picked":"Omniscience","floor":36},{"not_picked":["Sadistic Nature+1","HandOfGreed+1","Thinking Ahead","Glass Knife+1"],"picked":"Adrenaline","floor":37},{"not_picked":["Reboot","Barricade+1","Die Die Die+1","Multi-Cast","Feed+1"],"picked":"SKIP","floor":37},{"not_picked":["Brilliance+1","Multi-Cast","Limit Break","LessonLearned+1"],"picked":"Echo Form+1","floor":46},{"not_picked":["DeusExMachina","Reboot","Juggernaut+1","ConjureBlade","Feed+1"],"picked":"SKIP","floor":46},{"not_picked":["Barricade+1","Juggernaut+1","Thinking Ahead+1","SpiritShield+1","Venomology+1"],"picked":"SKIP","floor":48},{"not_picked":["MasterReality+1","Apotheosis+1","Biased Cognition+1","Core Surge+1"],"picked":"Master of Strategy+1","floor":55}],"player_experience":344207,"relics_obtained":[{"floor":8,"key":"Unceasing Top"},{"floor":9,"key":"Kunai"},{"floor":25,"key":"CeramicFish"},{"floor":25,"key":"Snake Skull"},{"floor":26,"key":"Pantograph"},{"floor":27,"key":"Oddly Smooth Stone"},{"floor":27,"key":"Calipers"},{"floor":48,"key":"Bag of Marbles"},{"floor":48,"key":"Tingsha"},{"floor":55,"key":"Anchor"},{"floor":55,"key":"Du-Vu Doll"}],"event_choices":[{"cards_removed":["Infinite Blades"],"damage_healed":0,"gold_gain":0,"player_choice":"Card Removal","damage_taken":7,"max_hp_gain":0,"max_hp_loss":0,"event_name":"Golden Wing","floor":2,"gold_loss":0},{"damage_healed":0,"gold_gain":0,"player_choice":"Ignored","damage_taken":0,"max_hp_gain":0,"max_hp_loss":0,"event_name":"Liars Game","floor":4,"gold_loss":0},{"damage_healed":0,"gold_gain":0,"player_choice":"Ignored","damage_taken":0,"max_hp_gain":0,"max_hp_loss":0,"event_name":"Ghosts","floor":21,"gold_loss":0},{"damage_healed":0,"gold_gain":0,"player_choice":"Max HP","damage_taken":0,"max_hp_gain":0,"max_hp_loss":4,"event_name":"Winding Halls","floor":38,"gold_loss":0},{"cards_removed":["Well Laid Plans"],"damage_healed":0,"gold_gain":0,"player_choice":"Removed Power","damage_taken":0,"max_hp_gain":0,"max_hp_loss":0,"event_name":"Falling","floor":39,"gold_loss":0},{"damage_healed":0,"gold_gain":0,"player_choice":"Upgrade","damage_taken":0,"relics_obtained":["Mark of the Bloom"],"max_hp_gain":0,"max_hp_loss":0,"event_name":"MindBloom","floor":45,"gold_loss":0,"cards_upgraded":["Grand Finale","After Image","Adrenaline","Omniscience","Adrenaline"]}],"is_beta":false,"boss_relics":[{"not_picked":["Tiny House","Pandora\u0027s Box"],"picked":"Black Star"},{"not_picked":["Fusion Hammer","SlaversCollar"],"picked":"SacredBark"}],"items_purged_floors":[3,7,7,11,19,19,30,30,44,47],"is_endless":false,"potions_floor_spawned":[5,8,10,14,16,18,20,22,25,27,33,35,36,37,46,48,55],"ascension_level":20}}