{"host":"soyfmymeou4emntr","time":1608248500,"event":{"mods":["BaseMod","Minty Spire (QoL Compilation)","Relic Sorter","Relic Stats","StSLib"],"gold_per_floor":[115,125,142,142,63,101,101,142,169,169,188,211,236,236,236],"floor_reached":14,"playtime":777,"items_purged":[],"score":204,"play_id":"6e7d55ff-9139-423f-b285-fc8188bf26c4","local_time":"20201217164140","is_ascension_mode":true,"campfire_choices":[{"data":"Consume","floor":7.0,"key":"SMITH"},{"floor":10.0,"key":"REST"}],"circlet_count":0,"master_deck":["AscendersBane","Strike_B","Strike_B","Strike_B","Strike_B","Defend_B","Defend_B","Defend_B","Defend_B","Zap","Dualcast","Consume+1","Coolheaded","Loop","Capacitor","Tempest","Sweeping Beam","Conserve Battery","Machine Learning"],"relics":["SacredBark","Golden Idol","MealTicket","Juzu Bracelet","Tiny Chest"],"acts_visited":["Exordium"],"potions_floor_usage":[14],"damage_taken":[{"damage":2.0,"enemies":"Cultist","floor":1.0,"turns":4.0},{"damage":3.0,"enemies":"2 Louse","floor":2.0,"turns":4.0},{"damage":3.0,"enemies":"Jaw Worm","floor":3.0,"turns":6.0},{"damage":5.0,"enemies":"3 Sentries","floor":6.0,"turns":2.0},{"damage":39.0,"enemies":"Gremlin Nob","floor":8.0,"turns":4.0},{"damage":7.0,"enemies":"Looter","floor":11.0,"turns":4.0},{"damage":6.0,"enemies":"Exordium Wildlife","floor":12.0,"turns":6.0},{"damage":6.0,"enemies":"Blue Slaver","floor":13.0,"turns":6.0},{"damage":14,"enemies":"3 Sentries","floor":14,"turns":5}],"seed_played":"9067652968982322235","potions_obtained":[{"floor":1.0,"key":"PowerPotion"},{"floor":8.0,"key":"ColorlessPotion"},{"floor":13.0,"key":"EssenceOfDarkness"}],"is_trial":false,"path_per_floor":["M","M","M","?","$","E","R","E","T","R","M","M","M","E"],"character_chosen":"DEFECT","items_purchased":["Capacitor"],"campfire_rested":1,"item_purchase_floors":[5],"current_hp_per_floor":[62,59,56,56,56,51,51,12,12,31,24,18,12,0,0],"gold":236,"neow_bonus":"BOSS_RELIC","is_daily":false,"chose_seed":false,"campfire_upgraded":1,"win_rate":0.0,"timestamp":1608248500,"path_taken":["M","M","M","?","$","E","R","E","T","R","M","M","M","E"],"items_purchased_type":["Card"],"build_version":"2020-12-13","purchased_purges":0,"victory":false,"max_hp_per_floor":[71,71,71,64,64,64,64,64,64,64,64,64,64,64,64],"relic_stats":{"counters":[9,41],"Golden Idol":30,"MealTicket":0,"Tiny Chest":0,"Juzu Bracelet":0,"obtain_stats":[{"Golden Idol":4,"SacredBark":0,"MealTicket":6,"Tiny Chest":9,"Juzu Bracelet":8,"Cracked Core":0},{"Golden Idol":3,"SacredBark":0,"MealTicket":4,"Tiny Chest":5,"Juzu Bracelet":5,"Cracked Core":0},{"Golden Idol":14,"SacredBark":0,"MealTicket":16,"Tiny Chest":20,"Juzu Bracelet":20,"Cracked Core":0}]},"card_choices":[{"not_picked":["Hello World","Hologram"],"picked":"Consume","floor":1.0},{"not_picked":["Consume","Hologram"],"picked":"Coolheaded","floor":2.0},{"not_picked":["Go for the Eyes","Ball Lightning"],"picked":"Loop","floor":3.0},{"not_picked":["Coolheaded","BootSequence"],"picked":"Tempest","floor":6.0},{"not_picked":["Go for the Eyes","Redo"],"picked":"Sweeping Beam","floor":8.0},{"not_picked":["Steam","Stack"],"picked":"Conserve Battery","floor":11.0},{"not_picked":["Stack","Sweeping Beam","Rebound"],"picked":"SKIP","floor":12.0},{"not_picked":["Compile Driver","Undo"],"picked":"Machine Learning","floor":13.0}],"player_experience":2587065,"relics_obtained":[{"floor":6.0,"key":"MealTicket"},{"floor":8.0,"key":"Juzu Bracelet"},{"floor":9.0,"key":"Tiny Chest"}],"event_choices":[{"damage_healed":0.0,"max_hp_gain":0.0,"max_hp_loss":7.0,"gold_gain":0.0,"event_name":"Golden Idol","player_choice":"Lose Max HP","floor":4.0,"gold_loss":0.0,"damage_taken":0.0,"relics_obtained":["Golden Idol"]}],"is_beta":false,"boss_relics":[],"items_purged_floors":[],"is_endless":false,"potions_floor_spawned":[1,8,13],"killed_by":"3 Sentries","ascension_level":20}}