{"host":"ctqfwlng7h8v2vsz","time":1608164719,"event":{"mods":["AchievementEnabler","BaseMod","BetterRewards","Highlight Path","Keyboard Shortcuts","Minty Spire (QoL Compilation)","Permanent Neow","Rare Cards Sparkle","Relic Stats","Shop Mod","Spicy Shops","StSLib","SuperFastMode","everything is the same but u backflip on backflip"],"gold_per_floor":[9010,8935,8304,8260,8274,8274,8274,8274,8274,7487,7519,7536,7565,6936,6936,7010,7010,7027,6118,6118,6168,6186,6186,6186,6186,6186,6186,5444,4764,4801,4801,4801,4885,4885,4918,4131,3399,3424,3480,3480,3480,3510,3510,3510,2913,2913,2952,2981,2981,2981,2981,2981,2981,2350,2379,2379],"floor_reached":57,"playtime":2168,"items_purged":["Backstab","All Out Attack","Backstab","Normality","Neutralize","PiercingWail","Doppelganger","Survivor","Choke+1","Finisher","Dash"],"score":3548,"play_id":"61384b8a-cc64-4ada-a6d9-7e919a8a2e18","local_time":"20201217092519","is_ascension_mode":true,"campfire_choices":[{"data":"Adrenaline","floor":6.0,"key":"SMITH"},{"data":"Flying Knee","floor":7.0,"key":"PURGE"},{"floor":8.0,"key":"RECALL"},{"data":"Demon Form","floor":15.0,"key":"SMITH"},{"data":"Deep Breath","floor":23.0,"key":"SMITH"},{"data":"Adrenaline","floor":24.0,"key":"SMITH"},{"data":"Echo Form","floor":25.0,"key":"SMITH"},{"data":"Well Laid Plans","floor":27.0,"key":"PURGE"},{"data":"Well Laid Plans","floor":32.0,"key":"SMITH"},{"data":"ConjureBlade","floor":40,"key":"SMITH"},{"data":"Scrawl","floor":41,"key":"SMITH"},{"data":"Footwork","floor":46,"key":"SMITH"},{"data":"Footwork","floor":49,"key":"SMITH"},{"data":"Blade Dance","floor":53,"key":"PURGE"}],"circlet_count":0,"master_deck":["AscendersBane","Adrenaline+1","Quick Slash+1","Demon Form+1","Reboot","Adrenaline+1","Footwork+1","Adrenaline+1","Echo Form+1","Well Laid Plans+1","Impatience","Deep Breath+1","Footwork","Escape Plan","Finesse","Echo Form","ConjureBlade+1","Madness+1","Echo Form","Footwork+1","Finesse","Scrawl+1","Master of Strategy","Backflip+1","Scrawl+1","Echo Form"],"relics":["Ring of the Snake","Pandora\u0027s Box","Prayer Wheel","Prayer Wheel","Question Card","Question Card","Nloth\u0027s Gift","Nloth\u0027s Gift","Nloth\u0027s Gift","PrismaticShard","Peace Pipe","Coffee Dripper","Coffee Dripper","Calipers","Membership Card","Pantograph","Vajra","HornCleat","InkBottle","Bronze Scales","OrangePellets","Mercury Hourglass","Letter Opener","Orichalcum","ClockworkSouvenir","Tingsha","Whetstone","Mango","Tough Bandages","DollysMirror","SacredBark","Mummified Hand","Chemical X","CeramicFish","Lee\u0027s Waffle","Happy Flower","Bird Faced Urn","Lantern","Pear","Frozen Eye","HandDrill","MealTicket","Shuriken","Sling","Meat on the Bone","Regal Pillow","Akabeko","Unceasing Top","SlaversCollar","TheAbacus","CaptainsWheel","Molten Egg 2","Shovel","Du-Vu Doll","Bag of Preparation","Gremlin Horn","Singing Bowl","Medical Kit","WingedGreaves","Bottled Lightning","Snake Skull","Oddly Smooth Stone","Toxic Egg 2","Omamori","Paper Crane","Orrery","Turnip","Sundial","FossilizedHelix","Bag of Marbles","Anchor","Pen Nib"],"acts_visited":["Exordium","TheCity","TheBeyond","TheEnding"],"potions_floor_usage":[56,56,56,56],"damage_taken":[{"damage":0.0,"enemies":"Small Slimes","floor":1.0,"turns":1.0},{"damage":0.0,"enemies":"Jaw Worm","floor":5.0,"turns":1.0},{"damage":0.0,"enemies":"3 Sentries","floor":11.0,"turns":2.0},{"damage":0.0,"enemies":"Cultist","floor":12.0,"turns":1.0},{"damage":0.0,"enemies":"Gremlin Nob","floor":13.0,"turns":2.0},{"damage":0.0,"enemies":"The Guardian","floor":16.0,"turns":3.0},{"damage":0.0,"enemies":"2 Thieves","floor":18.0,"turns":1.0},{"damage":0.0,"enemies":"Slavers","floor":30.0,"turns":1.0},{"damage":0.0,"enemies":"Automaton","floor":33.0,"turns":2.0},{"damage":0.0,"enemies":"Orb Walker","floor":35.0,"turns":1.0},{"damage":0.0,"enemies":"3 Darklings","floor":38.0,"turns":1.0},{"damage":0.0,"enemies":"2 Orb Walkers","floor":39.0,"turns":2.0},{"damage":0,"enemies":"Giant Head","floor":42,"turns":1},{"damage":0,"enemies":"Nemesis","floor":47,"turns":3},{"damage":0,"enemies":"Writhing Mass","floor":48,"turns":2},{"damage":0,"enemies":"Awakened One","floor":50,"turns":3},{"damage":0,"enemies":"Time Eater","floor":51,"turns":4},{"damage":0,"enemies":"Shield and Spear","floor":55,"turns":2},{"damage":0,"enemies":"The Heart","floor":56,"turns":5}],"seed_played":"-1709393504005826392","potions_obtained":[{"floor":5.0,"key":"LiquidBronze"}],"is_trial":false,"path_per_floor":["M","?","$","?","M","R","R","R","T","$","E","M","E","$","R","B",null,"M","$","?","?","?","R","R","R","T","R","$","$","E","?","R","B",null,"M","$","$","M","?","R","R","E","T","?","$","R","E","M","R","B","B",null,"R","$","E","B",null],"character_chosen":"THE_SILENT","items_purchased":["Membership Card","Pantograph","Vajra","HornCleat","LiquidMemories","Quick Slash","Secret Technique","Well Laid Plans","Bronze Scales","OrangePellets","Mercury Hourglass","Letter Opener","Orichalcum","ClockworkSouvenir","Footwork","Dash","Whetstone","Mango","Tough Bandages","Fruit Juice","Block Potion","DollysMirror","Mummified Hand","Well Laid Plans","Chemical X","CeramicFish","Lee\u0027s Waffle","Happy Flower","Bird Faced Urn","PowerPotion","Impatience","Lantern","Pear","Frozen Eye","HandDrill","MealTicket","Footwork","Escape Plan","Finesse","Shuriken","Sling","Meat on the Bone","Regal Pillow","Akabeko","Footwork","TheAbacus","CaptainsWheel","Molten Egg 2","Shovel","Strange Spoon","Du-Vu Doll","Bag of Preparation","Gremlin Horn","Singing Bowl","Medical Kit","Finesse","Oddly Smooth Stone","Toxic Egg 2","Omamori","Paper Crane","Backflip+1","PowerPotion","Orrery","Sundial","FossilizedHelix","Bag of Marbles","Anchor"],"campfire_rested":0,"item_purchase_floors":[3,3,3,3,3,3,10,10,10,10,10,10,10,10,14,14,14,14,14,14,14,14,19,19,19,19,19,19,19,19,19,28,28,28,28,28,28,28,29,29,29,29,29,29,36,36,36,36,36,36,37,37,37,37,37,37,45,45,45,45,45,45,45,54,54,54,54],"current_hp_per_floor":[59,59,59,59,59,59,59,59,59,59,59,59,59,78,78,85,85,85,92,92,92,92,92,92,92,92,92,102,102,102,102,102,102,102,102,102,102,104,104,104,104,104,104,99,109,109,109,111,111,111,111,111,111,111,113,113],"gold":2379,"neow_bonus":"TRANSFORM_CARD","is_daily":false,"chose_seed":false,"campfire_upgraded":10,"win_rate":0.0,"timestamp":1608164719,"path_taken":["M","?","$","?","M","R","R","R","T","$","E","M","E","$","R","BOSS","M","$","?","?","?","R","R","R","T","R","$","$","E","?","R","BOSS","M","$","$","?","?","R","R","E","T","?","$","R","E","M","R","BOSS","BOSS","R","$","E","BOSS"],"items_purchased_type":["Relic","Relic","Relic","Relic","Potion","Card","Card","Card","Relic","Relic","Relic","Relic","Relic","Relic","Card","Card","Relic","Relic","Relic","Potion","Potion","Relic","Relic","Card","Relic","Relic","Relic","Relic","Relic","Potion","Card","Relic","Relic","Relic","Relic","Relic","Card","Card","Card","Relic","Relic","Relic","Relic","Relic","Card","Relic","Relic","Relic","Relic","Relic","Relic","Relic","Relic","Relic","Relic","Card","Relic","Relic","Relic","Relic","Card","Potion","Relic","Relic","Relic","Relic","Relic"],"build_version":"2020-12-13","purchased_purges":11,"victory":true,"max_hp_per_floor":[66,66,66,66,66,66,66,66,66,66,66,66,66,85,85,85,85,85,92,92,92,92,92,92,92,92,92,102,102,102,102,102,102,102,102,102,102,104,104,104,104,104,104,99,109,109,109,111,111,111,111,111,111,111,113,113],"relic_stats":{"Regal Pillow":0,"Gremlin Horn":[6,7],"Singing Bowl":16,"CeramicFish":153,"Snake Skull":[0],"Bag of Preparation":[18],"Whetstone":["Quick Slash","Choke"],"Tough Bandages":[3],"TheAbacus":[276],"Shovel":0,"Mummified Hand":[186],"Sundial":[14],"Pantograph":7,"Prayer Wheel":7,"MealTicket":0,"HandDrill":[18],"Chemical X":[8],"InkBottle":[42],"Ring of the Snake":[38],"Lee\u0027s Waffle":7,"Happy Flower":[9],"counters":[19,38],"Tingsha":[6],"Pen Nib":[0],"Letter Opener":[449],"Orichalcum":[18],"Question Card":58,"Medical Kit":[11],"Mercury Hourglass":[145],"Peace Pipe":3,"OrangePellets":[1],"Shuriken":[25],"Bronze Scales":[81],"Bird Faced Urn":[0],"Pandora\u0027s Box":["PiercingWail","All Out Attack","Backstab","Choke","Blade Dance","Adrenaline","Flechettes","Backstab","Flying Knee","Catalyst"],"Turnip":[3],"Nloth\u0027s Gift":276,"obtain_stats":[{"Calipers":0,"Gremlin Horn":37,"CeramicFish":19,"Vajra":3,"Whetstone":14,"Sling":29,"HornCleat":3,"DollysMirror":14,"Sundial":54,"Prayer Wheel":0,"MealTicket":28,"HandDrill":28,"Toxic Egg 2":45,"Pear":28,"Happy Flower":19,"Oddly Smooth Stone":45,"Tingsha":11,"Pen Nib":55,"Letter Opener":10,"Paper Crane":45,"Question Card":0,"Akabeko":29,"Du-Vu Doll":37,"OrangePellets":10,"SlaversCollar":34,"Shuriken":29,"Bronze Scales":10,"Bird Faced Urn":19,"Pandora\u0027s Box":0,"Molten Egg 2":36,"Nloth\u0027s Gift":0,"Unceasing Top":30,"Meat on the Bone":29,"Lantern":28,"Regal Pillow":29,"Singing Bowl":37,"SacredBark":17,"Mango":14,"Snake Skull":43,"Bag of Preparation":37,"PrismaticShard":0,"ClockworkSouvenir":10,"Frozen Eye":28,"Tough Bandages":14,"TheAbacus":36,"Shovel":36,"Mummified Hand":19,"Pantograph":3,"WingedGreaves":0,"Chemical X":19,"InkBottle":9,"Ring of the Snake":0,"Lee\u0027s Waffle":19,"Omamori":45,"Orichalcum":10,"Medical Kit":37,"Mercury Hourglass":10,"Peace Pipe":0,"Strange Spoon":36,"CaptainsWheel":36,"Anchor":54,"Orrery":45,"Turnip":47,"Coffee Dripper":0,"Bag of Marbles":54,"Membership Card":3,"Bottled Lightning":42,"FossilizedHelix":54},{"Calipers":0,"Gremlin Horn":10,"CeramicFish":7,"Vajra":1,"Whetstone":5,"Sling":7,"HornCleat":1,"DollysMirror":5,"Sundial":17,"Prayer Wheel":0,"MealTicket":7,"HandDrill":7,"Toxic Egg 2":13,"Pear":7,"Happy Flower":7,"Oddly Smooth Stone":13,"Tingsha":3,"Pen Nib":18,"Letter Opener":2,"Paper Crane":13,"Question Card":0,"Akabeko":7,"Du-Vu Doll":10,"OrangePellets":2,"SlaversCollar":9,"Shuriken":7,"Bronze Scales":2,"Bird Faced Urn":7,"Pandora\u0027s Box":0,"Molten Egg 2":10,"Nloth\u0027s Gift":0,"Unceasing Top":8,"Meat on the Bone":7,"Lantern":7,"Regal Pillow":7,"Singing Bowl":10,"SacredBark":6,"Mango":5,"Snake Skull":13,"Bag of Preparation":10,"PrismaticShard":0,"ClockworkSouvenir":2,"Frozen Eye":7,"Tough Bandages":5,"TheAbacus":10,"Shovel":10,"Mummified Hand":7,"Pantograph":1,"WingedGreaves":0,"Chemical X":7,"InkBottle":2,"Ring of the Snake":0,"Lee\u0027s Waffle":7,"Omamori":13,"Orichalcum":2,"Medical Kit":10,"Mercury Hourglass":2,"Peace Pipe":0,"Strange Spoon":10,"CaptainsWheel":10,"Anchor":17,"Orrery":13,"Turnip":14,"Coffee Dripper":0,"Bag of Marbles":17,"Membership Card":1,"Bottled Lightning":13,"FossilizedHelix":17},{"Calipers":0,"Gremlin Horn":15,"CeramicFish":11,"Vajra":1,"Whetstone":7,"Sling":11,"HornCleat":1,"DollysMirror":7,"Sundial":31,"Prayer Wheel":0,"MealTicket":11,"HandDrill":11,"Toxic Egg 2":19,"Pear":11,"Happy Flower":11,"Oddly Smooth Stone":19,"Tingsha":4,"Pen Nib":33,"Letter Opener":2,"Paper Crane":19,"Question Card":0,"Akabeko":11,"Du-Vu Doll":15,"OrangePellets":2,"SlaversCollar":14,"Shuriken":11,"Bronze Scales":2,"Bird Faced Urn":11,"Pandora\u0027s Box":0,"Molten Egg 2":15,"Nloth\u0027s Gift":0,"Unceasing Top":12,"Meat on the Bone":11,"Lantern":11,"Regal Pillow":11,"Singing Bowl":15,"SacredBark":10,"Mango":7,"Snake Skull":19,"Bag of Preparation":15,"PrismaticShard":0,"ClockworkSouvenir":2,"Frozen Eye":11,"Tough Bandages":7,"TheAbacus":15,"Shovel":15,"Mummified Hand":11,"Pantograph":1,"WingedGreaves":0,"Chemical X":11,"InkBottle":2,"Ring of the Snake":0,"Lee\u0027s Waffle":11,"Omamori":19,"Orichalcum":2,"Medical Kit":15,"Mercury Hourglass":2,"Peace Pipe":0,"Strange Spoon":15,"CaptainsWheel":15,"Anchor":31,"Orrery":19,"Turnip":22,"Coffee Dripper":0,"Bag of Marbles":31,"Membership Card":1,"Bottled Lightning":19,"FossilizedHelix":31}],"Unceasing Top":[0],"Meat on the Bone":0},"card_choices":[{"not_picked":["Creative AI","FearNoEvil","Corruption","Battle Trance","Sadistic Nature"],"picked":"SKIP","floor":1.0},{"not_picked":["All For One","Sadistic Nature","Wraith Form v2","Venomology","Secret Weapon"],"picked":"SKIP","floor":1.0},{"not_picked":["Bandage Up","Multi-Cast","Capacitor","Thunder Strike"],"picked":"DevaForm","floor":5.0},{"not_picked":["Evolve","Devotion","Barricade","HandOfGreed","Biased Cognition"],"picked":"SKIP","floor":5.0},{"not_picked":["Apotheosis","SpiritShield","Core Surge","Berserk","Panache"],"picked":"SKIP","floor":11.0},{"not_picked":["Devotion","Skewer","Electrodynamics","The Bomb"],"picked":"Demon Form","floor":12.0},{"not_picked":["Unload","Electrodynamics","Predator","Rainbow"],"picked":"Reboot","floor":12.0},{"not_picked":["Brutality","Barricade","Vault","Malaise"],"picked":"Adrenaline","floor":13.0},{"not_picked":["Secret Technique","BattleHymn","The Bomb","Fission","DeusExMachina"],"picked":"SKIP","floor":18.0},{"not_picked":["Limit Break","Reflex","Echo Form","Panache","Die Die Die"],"picked":"SKIP","floor":18.0},{"not_picked":["Limit Break","Reflex","Panache","Die Die Die"],"picked":"Echo Form","floor":18.0},{"not_picked":["Secret Technique","BattleHymn","The Bomb","Fission","DeusExMachina"],"picked":"SKIP","floor":18.0},{"not_picked":["A Thousand Cuts","DevaForm","Meteor Strike","DeusExMachina"],"picked":"Echo Form","floor":30.0},{"not_picked":["Blasphemy","Night Terror","Offering","Establishment"],"picked":"ConjureBlade","floor":33.0},{"not_picked":["Rainbow","Thunder Strike","Dash+1","Magnetism"],"picked":"Madness+1","floor":35.0},{"not_picked":["Panache","DevaForm","Thunder Strike","Unload"],"picked":"Echo Form","floor":35.0},{"not_picked":["ReachHeaven+1","Thinking Ahead","Thunder Strike+1","Wish","Perseverance+1"],"picked":"Singing Bowl","floor":38.0},{"not_picked":["ConjureBlade","A Thousand Cuts","Vault","Wish"],"picked":"Scrawl","floor":38.0},{"not_picked":["HandOfGreed+1","Metamorphosis","Biased Cognition","Burst"],"picked":"Master of Strategy","floor":39},{"not_picked":["Juggernaut","Echo Form","Seek","Establishment","DevaForm"],"picked":"SKIP","floor":42},{"not_picked":["SashWhip+1","Bloodletting+1","Poisoned Stab+1","Gash+1","Burning Pact+1"],"picked":"Singing Bowl","floor":45},{"not_picked":["Bane+1","Ball Lightning+1","Iron Wave+1","Sever Soul+1","Genetic Algorithm+1"],"picked":"Singing Bowl","floor":45},{"not_picked":["Twin Strike+1","PiercingWail+1","Searing Blow+1","Flying Knee+1","Doom and Gloom+1"],"picked":"Singing Bowl","floor":45},{"not_picked":["Perseverance+1","Reaper+1","Flame Barrier+1","Anger+1","Barrage+1"],"picked":"Singing Bowl","floor":45},{"not_picked":["Dodge and Roll+1","Force Field+1","Conclude+1","Weave+1","Biased Cognition"],"picked":"Singing Bowl","floor":45},{"not_picked":["Fiend Fire+1","Electrodynamics","Alpha+1","Storm of Steel+1"],"picked":"Scrawl+1","floor":47},{"not_picked":["Doom and Gloom+1","Good Instincts+1","SpiritShield+1","Juggernaut"],"picked":"Echo Form","floor":48},{"not_picked":["Bludgeon+1","Corruption","Glacier+1","Noxious Fumes","DevaForm"],"picked":"Singing Bowl","floor":48},{"not_picked":["ConjureBlade+1","Ragnarok+1","Die Die Die+1","Berserk","Devotion"],"picked":"Singing Bowl","floor":55}],"player_experience":342039,"relics_obtained":[{"floor":9.0,"key":"InkBottle"},{"floor":11.0,"key":"Tingsha"},{"floor":30.0,"key":"Unceasing Top"},{"floor":42,"key":"Bottled Lightning"},{"floor":43,"key":"Snake Skull"},{"floor":47,"key":"Turnip"},{"floor":55,"key":"Pen Nib"}],"event_choices":[{"cards_removed":["Flechettes"],"damage_healed":0.0,"max_hp_gain":0.0,"max_hp_loss":0.0,"gold_gain":0.0,"event_name":"The Cleric","player_choice":"Card Removal","floor":2.0,"gold_loss":75.0,"damage_taken":0.0},{"damage_healed":0.0,"max_hp_gain":0.0,"max_hp_loss":0.0,"gold_gain":0.0,"event_name":"World of Goop","player_choice":"Left Gold","floor":4.0,"gold_loss":44.0,"damage_taken":0.0},{"damage_healed":0.0,"max_hp_gain":0.0,"max_hp_loss":0.0,"gold_gain":0.0,"event_name":"Cursed Tome","player_choice":"Ignored","floor":20.0,"gold_loss":0.0,"damage_taken":0.0},{"damage_healed":0.0,"max_hp_gain":0.0,"max_hp_loss":0.0,"gold_gain":50.0,"event_name":"Nest","player_choice":"Stole From Cult","floor":21.0,"gold_loss":0.0,"damage_taken":0.0},{"damage_healed":0.0,"max_hp_gain":0.0,"max_hp_loss":0.0,"gold_gain":0.0,"cards_transformed":["DevaForm","Secret Technique"],"event_name":"Drug Dealer","player_choice":"Became Test Subject","floor":22.0,"gold_loss":0.0,"damage_taken":0.0,"cards_obtained":["Doppelganger","Deep Breath"]},{"damage_healed":0.0,"max_hp_gain":0.0,"max_hp_loss":0.0,"gold_gain":0.0,"event_name":"FaceTrader","player_choice":"Leave","floor":31.0,"gold_loss":0.0,"damage_taken":0.0},{"damage_healed":0.0,"max_hp_gain":0.0,"max_hp_loss":0.0,"gold_gain":0.0,"event_name":"Mysterious Sphere","player_choice":"Fight","floor":39.0,"gold_loss":0.0,"damage_taken":0.0},{"damage_healed":0,"gold_gain":0,"player_choice":"Max HP","damage_taken":0,"max_hp_gain":0,"max_hp_loss":5,"event_name":"Winding Halls","floor":44,"gold_loss":0}],"is_beta":false,"boss_relics":[{"not_picked":["HoveringKite","Tiny House"],"picked":"SacredBark"},{"not_picked":["Snecko Eye","Busted Crown"],"picked":"SlaversCollar"}],"items_purged_floors":[3,10,10,14,19,28,28,29,36,37,54],"is_endless":false,"potions_floor_spawned":[5,16,33,38,47],"ascension_level":20}}