{"host":"Kdaddybrian","time":1608188865,"event":{"mods":["AchievementEnabler","BaseMod","Bestiary","Colored Powertips","Minty Spire (QoL Compilation)","Potion Indicator Mod","Quick Restart","Rare Cards Sparkle","Relic Stats","StSLib","Uncapped"],"gold_per_floor":[113,113,133,151,168,168,179,213,213,213,213,213,388,403,403,403,403],"floor_reached":16,"playtime":450,"items_purged":[],"score":153,"play_id":"b2254945-f3be-41b6-ad3e-c3e7d79168a1","local_time":"20201217020745","is_ascension_mode":true,"campfire_choices":[{"floor":6,"key":"REST"},{"data":"Electrodynamics","floor":15,"key":"SMITH"}],"circlet_count":0,"master_deck":["AscendersBane","Strike_B","Strike_B","Strike_B","Strike_B","Defend_B","Defend_B","Defend_B","Defend_B","Zap","Dualcast","Electrodynamics+1","Go for the Eyes","Reinforced Body","Compile Driver","Chill","Cold Snap","Seek","Doubt","Conserve Battery"],"relics":["Cracked Core","Regal Pillow","Pantograph","Turnip","HornCleat"],"acts_visited":["Exordium"],"potions_floor_usage":[14,16],"damage_taken":[{"damage":0,"enemies":"2 Louse","floor":1,"turns":1},{"damage":0,"enemies":"Cultist","floor":3,"turns":3},{"damage":10,"enemies":"Small Slimes","floor":4,"turns":3},{"damage":7,"enemies":"Looter","floor":5,"turns":3},{"damage":4,"enemies":"2 Fungi Beasts","floor":7,"turns":3},{"damage":27,"enemies":"Gremlin Nob","floor":8,"turns":5},{"damage":7,"enemies":"Exordium Wildlife","floor":14,"turns":4},{"damage":35,"enemies":"Hexaghost","floor":16,"turns":11}],"seed_played":"7582889446659141608","potions_obtained":[{"floor":1,"key":"Strength Potion"},{"floor":2,"key":"BlessingOfTheForge"},{"floor":2,"key":"Ancient Potion"},{"floor":7,"key":"Dexterity Potion"}],"is_trial":false,"path_per_floor":["M","?","M","M","M","R","M","E","T","?","?","T","?","M","R","B"],"character_chosen":"DEFECT","items_purchased":[],"campfire_rested":1,"item_purchase_floors":[],"current_hp_per_floor":[50,50,50,40,33,55,51,24,24,17,17,17,17,10,10,0,0],"gold":403,"neow_bonus":"THREE_RARE_CARDS","is_daily":false,"chose_seed":false,"campfire_upgraded":1,"win_rate":0.0,"timestamp":1608188865,"path_taken":["M","?","M","M","?","R","?","E","T","?","?","?","?","?","R","BOSS"],"items_purchased_type":[],"build_version":"2020-12-07","purchased_purges":0,"victory":false,"max_hp_per_floor":[75,75,75,75,75,75,75,75,75,75,75,75,75,75,75,75,75],"relic_stats":{"Regal Pillow":0,"counters":[8,33],"Pantograph":25,"Turnip":[0],"obtain_stats":[{"Regal Pillow":8,"HornCleat":12,"Pantograph":9,"Turnip":10,"Cracked Core":0},{"Regal Pillow":6,"HornCleat":6,"Pantograph":6,"Turnip":6,"Cracked Core":0},{"Regal Pillow":18,"HornCleat":18,"Pantograph":18,"Turnip":18,"Cracked Core":0}]},"card_choices":[{"not_picked":["Biased Cognition","All For One"],"picked":"Electrodynamics","floor":0},{"not_picked":["Recycle","Steam"],"picked":"Go for the Eyes","floor":1},{"not_picked":["Stack","Leap"],"picked":"Reinforced Body","floor":3},{"not_picked":["Redo","Reprogram"],"picked":"Compile Driver","floor":4},{"not_picked":["White Noise","Lockon"],"picked":"Chill","floor":5},{"not_picked":["Streamline","Sweeping Beam"],"picked":"Cold Snap","floor":7},{"not_picked":["Stack","Coolheaded"],"picked":"Seek","floor":8},{"not_picked":["Auto Shields","Force Field"],"picked":"Conserve Battery","floor":14}],"player_experience":2867124,"relics_obtained":[{"floor":8,"key":"Regal Pillow"},{"floor":9,"key":"Pantograph"},{"floor":12,"key":"HornCleat"}],"event_choices":[{"damage_healed":0,"gold_gain":0,"player_choice":"Got Potions","damage_taken":0,"max_hp_gain":0,"max_hp_loss":0,"event_name":"Lab","floor":2,"gold_loss":0},{"damage_healed":0,"gold_gain":0,"player_choice":"Success","damage_taken":7,"relics_obtained":["Turnip"],"max_hp_gain":0,"max_hp_loss":0,"event_name":"Scrap Ooze","floor":10,"gold_loss":0},{"damage_healed":0,"gold_gain":0,"player_choice":"Ignored","damage_taken":0,"max_hp_gain":0,"max_hp_loss":0,"event_name":"Shining Light","floor":11,"gold_loss":0},{"damage_healed":0,"gold_gain":175,"player_choice":"AGREE","damage_taken":0,"max_hp_gain":0,"max_hp_loss":0,"event_name":"Liars Game","floor":13,"gold_loss":0,"cards_obtained":["Doubt"]}],"is_beta":true,"boss_relics":[],"items_purged_floors":[],"is_endless":false,"potions_floor_spawned":[1,7],"killed_by":"Hexaghost","ascension_level":10}}