{"host":"wghdsg8ym2wc7ov9","time":1608243485,"event":{"mods":["AchievementEnabler","BaseMod","Better Altar","Better Note","Colored Map","Hermit","Highlight Path","Jorbs\u0027s Wanderer Trilogy","Minty Spire (QoL Compilation)","Random Character Button","Relic Stats","Shop Mod","StSLib","The Bug Knight","The Cursed","The Hierophant","The Servant 0.9.4"],"gold_per_floor":[112,122,122,133,150,182,182,198,198,218,218,230,243,270,270,375,375,389,407,427,427,442,442,455,455,481,512,40,90,109,175,175,175,175],"floor_reached":33,"playtime":6026,"items_purged":[],"score":335,"play_id":"bb19d706-b634-4968-b091-ec86792d7b1f","local_time":"20201217141805","is_ascension_mode":false,"campfire_choices":[{"floor":7.0,"key":"REST"},{"floor":11.0,"key":"REST"},{"data":"LikeWater","floor":15.0,"key":"SMITH"},{"floor":23.0,"key":"REST"},{"floor":25.0,"key":"REST"},{"floor":32,"key":"REST"}],"circlet_count":0,"master_deck":["Strike_P","Strike_P","Strike_P","Strike_P","Defend_P","Defend_P","Defend_P","Defend_P","Eruption","Vigilance","LikeWater+1","Halt","ReachHeaven","Indignation","Wallop","LikeWater","WheelKick","FlurryOfBlows","Tantrum","Conclude","MasterReality","CurseOfTheBell","WindmillStrike","SashWhip","Pray+1","SpiritShield","WaveOfTheHand","ClearTheMind+1","Mayhem","ThirdEye","Good Instincts","Meditate+1","EmptyBody"],"relics":["PureWater","Akabeko","Anchor","Kunai","Calling Bell","White Beast Statue","Blood Vial","Calipers","SsserpentHead","Pen Nib","MerchantsRug","Nloth\u0027s Gift"],"acts_visited":["Exordium","TheCity"],"potions_floor_usage":[27,27,27,30,30,31,33,33],"damage_taken":[{"damage":0.0,"enemies":"Cultist","floor":1.0,"turns":2.0},{"damage":0.0,"enemies":"Small Slimes","floor":2.0,"turns":5.0},{"damage":10.0,"enemies":"Jaw Worm","floor":4.0,"turns":3.0},{"damage":8.0,"enemies":"3 Louse","floor":5.0,"turns":3.0},{"damage":47.0,"enemies":"Lagavulin","floor":6.0,"turns":6.0},{"damage":0.0,"enemies":"Large Slime","floor":8.0,"turns":6.0},{"damage":0.0,"enemies":"2 Fungi Beasts","floor":10.0,"turns":3.0},{"damage":0.0,"enemies":"Exordium Thugs","floor":12.0,"turns":4.0},{"damage":0.0,"enemies":"Blue Slaver","floor":13.0,"turns":3.0},{"damage":13.0,"enemies":"3 Sentries","floor":14.0,"turns":3.0},{"damage":0.0,"enemies":"Slime Boss","floor":16.0,"turns":7.0},{"damage":0.0,"enemies":"Spheric Guardian","floor":18.0,"turns":2.0},{"damage":10.0,"enemies":"3 Byrds","floor":19.0,"turns":5.0},{"damage":14.0,"enemies":"Snake Plant","floor":20.0,"turns":3.0},{"damage":22.0,"enemies":"3 Cultists","floor":22.0,"turns":5.0},{"damage":16.0,"enemies":"Centurion and Healer","floor":24.0,"turns":7.0},{"damage":41,"enemies":"Gremlin Leader","floor":27,"turns":12},{"damage":16,"enemies":"Sentry and Sphere","floor":30,"turns":6},{"damage":10,"enemies":"Shelled Parasite and Fungi","floor":31,"turns":10},{"damage":55,"enemies":"Automaton","floor":33,"turns":6}],"seed_played":"-42993570278112417","potions_obtained":[{"floor":2.0,"key":"FearPotion"},{"floor":4.0,"key":"DuplicationPotion"},{"floor":8.0,"key":"CultistPotion"},{"floor":10.0,"key":"Fire Potion"},{"floor":12.0,"key":"BlessingOfTheForge"},{"floor":13.0,"key":"AttackPotion"},{"floor":18.0,"key":"PowerPotion"},{"floor":19.0,"key":"BottledMiracle"},{"floor":20.0,"key":"BottledMiracle"},{"floor":22.0,"key":"SpeedPotion"},{"floor":24.0,"key":"SpeedPotion"},{"floor":27,"key":"Weak Potion"},{"floor":30,"key":"LiquidBronze"},{"floor":31,"key":"CultistPotion"}],"is_trial":false,"path_per_floor":["M","M","?","M","M","E","R","M","T","M","R","M","M","E","R","B",null,"M","M","M","?","M","R","M","R","T","E","$","?","M","M","R","B"],"character_chosen":"WATCHER","items_purchased":["EntropicBrew","Mayhem","MerchantsRug","ThirdEye","Good Instincts"],"campfire_rested":5,"item_purchase_floors":[28,28,28,28,28],"current_hp_per_floor":[79,79,79,69,61,14,37,37,37,37,60,60,60,47,47,47,79,79,69,57,57,37,60,46,69,69,30,30,30,16,8,31,0,0],"gold":175,"neow_bonus":"TEN_PERCENT_HP_BONUS","is_daily":false,"chose_seed":false,"campfire_upgraded":1,"win_rate":0.0,"timestamp":1608243485,"path_taken":["M","?","?","M","M","E","R","M","T","M","R","M","M","E","R","BOSS","M","?","M","?","M","R","M","R","T","E","$","?","M","?","R","BOSS"],"items_purchased_type":["Potion","Card","Relic","Card","Card"],"build_version":"2020-12-13","purchased_purges":0,"victory":false,"max_hp_per_floor":[79,79,79,79,79,79,79,79,79,79,79,79,79,79,79,79,79,79,79,79,79,79,79,79,79,79,79,79,79,79,79,79,79,79],"relic_stats":{"Blood Vial":14,"SsserpentHead":100,"counters":[20,101],"Pen Nib":[4],"Nloth\u0027s Gift":0,"Kunai":[15],"obtain_stats":[{"MerchantsRug":28,"Calipers":17,"Pen Nib":26,"GoldenEye":14,"Akabeko":3,"White Beast Statue":17,"Calling Bell":17,"Blood Vial":17,"SsserpentHead":21,"Anchor":6,"WingedGreaves":27,"Nloth\u0027s Gift":29,"Kunai":9,"PureWater":0},{"MerchantsRug":17,"Calipers":11,"Pen Nib":16,"GoldenEye":10,"Akabeko":2,"White Beast Statue":11,"Calling Bell":11,"Blood Vial":11,"SsserpentHead":14,"Anchor":5,"WingedGreaves":17,"Nloth\u0027s Gift":17,"Kunai":6,"PureWater":0},{"MerchantsRug":79,"Calipers":45,"Pen Nib":67,"GoldenEye":38,"Akabeko":7,"White Beast Statue":45,"Calling Bell":45,"Blood Vial":45,"SsserpentHead":55,"Anchor":19,"WingedGreaves":79,"Nloth\u0027s Gift":79,"Kunai":25,"PureWater":0}]},"card_choices":[{"not_picked":["CrushJoints","TalkToTheHand"],"picked":"LikeWater","floor":1.0},{"not_picked":["Worship","SashWhip"],"picked":"Halt","floor":2.0},{"not_picked":["WreathOfFlame","BowlingBash"],"picked":"ReachHeaven","floor":4.0},{"not_picked":["Evaluate","Protect"],"picked":"Indignation","floor":5.0},{"not_picked":["FlyingSleeves","Prostrate"],"picked":"Wallop","floor":6.0},{"not_picked":["DeceiveReality","CarveReality"],"picked":"LikeWater","floor":8.0},{"not_picked":["Alpha","JustLucky"],"picked":"WheelKick","floor":10.0},{"not_picked":["ThirdEye","Halt"],"picked":"FlurryOfBlows","floor":12.0},{"not_picked":["CutThroughFate","Swivel"],"picked":"Tantrum","floor":13.0},{"not_picked":["Crescendo","JustLucky"],"picked":"Conclude","floor":14.0},{"not_picked":["Brilliance","Blasphemy"],"picked":"MasterReality","floor":16.0},{"not_picked":["FlurryOfBlows","JustLucky"],"picked":"WindmillStrike","floor":18.0},{"not_picked":["Collect","Meditate"],"picked":"SashWhip","floor":19.0},{"not_picked":["BowlingBash","JustLucky"],"picked":"Pray+1","floor":20.0},{"not_picked":["SashWhip+1","WreathOfFlame"],"picked":"SpiritShield","floor":22.0},{"not_picked":["Fasting2","CarveReality"],"picked":"WaveOfTheHand","floor":24.0},{"not_picked":["Blasphemy","FlyingSleeves+1"],"picked":"ClearTheMind+1","floor":27},{"not_picked":["CrushJoints","ThirdEye"],"picked":"Meditate+1","floor":30},{"not_picked":["Tantrum","Consecrate"],"picked":"EmptyBody","floor":31}],"player_experience":424878,"relics_obtained":[{"floor":6.0,"key":"Anchor"},{"floor":9.0,"key":"Kunai"},{"floor":14.0,"key":"GoldenEye"},{"floor":17.0,"key":"White Beast Statue"},{"floor":17.0,"key":"Blood Vial"},{"floor":17.0,"key":"Calipers"},{"floor":26.0,"key":"Pen Nib"},{"floor":27,"key":"WingedGreaves"}],"event_choices":[{"damage_healed":0.0,"max_hp_gain":0.0,"max_hp_loss":0.0,"gold_gain":0.0,"event_name":"WeMeetAgain","player_choice":"Gave Potion","floor":3.0,"gold_loss":0.0,"damage_taken":0.0,"relics_obtained":["Akabeko"]},{"damage_healed":0.0,"max_hp_gain":0.0,"max_hp_loss":0.0,"gold_gain":0.0,"event_name":"FaceTrader","player_choice":"Trade","floor":21.0,"gold_loss":0.0,"damage_taken":0.0,"relics_obtained":["SsserpentHead"]},{"damage_healed":0,"gold_gain":0,"player_choice":"Traded Relic","damage_taken":0,"relics_obtained":["Nloth\u0027s Gift"],"max_hp_gain":0,"max_hp_loss":0,"event_name":"N\u0027loth","floor":29,"relics_lost":["WingedGreaves"],"gold_loss":0}],"is_beta":false,"boss_relics":[{"not_picked":["Astrolabe","VioletLotus"],"picked":"Calling Bell"}],"items_purged_floors":[],"is_endless":false,"potions_floor_spawned":[2,4,8,10,12,13,18,19,20,22,24,27,30,31],"killed_by":"Automaton","ascension_level":0}}