{"host":"egyxg9lnjq7g2hmw","time":1608176030,"event":{"mods":["AchievementEnabler","BaseMod","Block Reminder","Colored Map","Colored Powertips","Highlight Path","Minty Spire (QoL Compilation)","Rare Cards Sparkle","StSLib"],"gold_per_floor":[119,137,153,153,26,26,56,56,110,129,157,127,127,140,140,218,218,229,229,243,253,302,302,121,71,71,71,99,99,118,118,118,194,194,210,79,99,124,135,162,162,209,233,233,233],"floor_reached":44,"playtime":2032,"items_purged":["Strike_G","Strike_G"],"score":907,"play_id":"ee307d78-a4f1-4fe7-9424-efe8d2921c9b","local_time":"20201216193350","is_ascension_mode":true,"campfire_choices":[{"data":"Mayhem","floor":6.0,"key":"SMITH"},{"data":"Dash","floor":8.0,"key":"SMITH"},{"data":"Neutralize","floor":13.0,"key":"SMITH"},{"data":"Poisoned Stab","floor":15.0,"key":"SMITH"},{"floor":23.0,"key":"REST"},{"data":"Bullet Time","floor":27.0,"key":"SMITH"},{"floor":29.0,"key":"REST"},{"floor":32.0,"key":"REST"},{"data":"1","floor":41.0,"key":"LIFT"}],"circlet_count":0,"master_deck":["AscendersBane","Defend_G","Defend_G","Defend_G","Defend_G","Defend_G","Survivor","Neutralize+1","Mayhem+1","Dash+1","Dagger Spray","Poisoned Stab+1","PiercingWail","Phantasmal Killer","CurseOfTheBell","Backstab","Predator","Bullet Time+1","Backstab","Backstab","Sucker Punch+1","Bite","Bite","Bite","Bite","Bite","Flying Knee+1","Night Terror","Parasite","Glass Knife","All Out Attack+1"],"relics":["Ring of the Snake","Nunchaku","Pen Nib","Anchor","Calling Bell","Letter Opener","Du-Vu Doll","Nloth\u0027s Gift","Dream Catcher","Orichalcum","Oddly Smooth Stone","Coffee Dripper","Happy Flower","Girya","Peace Pipe","Tough Bandages","Regal Pillow"],"acts_visited":["Exordium","TheCity","TheBeyond"],"potions_floor_usage":[],"damage_taken":[{"damage":10.0,"enemies":"Jaw Worm","floor":1.0,"turns":7.0},{"damage":7.0,"enemies":"Cultist","floor":2.0,"turns":5.0},{"damage":0.0,"enemies":"Small Slimes","floor":3.0,"turns":3.0},{"damage":20.0,"enemies":"3 Sentries","floor":7.0,"turns":8.0},{"damage":13.0,"enemies":"Exordium Thugs","floor":10.0,"turns":5.0},{"damage":15.0,"enemies":"Gremlin Nob","floor":11.0,"turns":4.0},{"damage":0.0,"enemies":"Red Slaver","floor":14.0,"turns":4.0},{"damage":5.0,"enemies":"Hexaghost","floor":16.0,"turns":11.0},{"damage":21.0,"enemies":"Shell Parasite","floor":18.0,"turns":4.0},{"damage":8.0,"enemies":"Chosen","floor":20.0,"turns":5.0},{"damage":1.0,"enemies":"Snake Plant","floor":21.0,"turns":3.0},{"damage":37.0,"enemies":"Slavers","floor":28.0,"turns":7.0},{"damage":15.0,"enemies":"Shelled Parasite and Fungi","floor":30.0,"turns":2.0},{"damage":32.0,"enemies":"Champ","floor":33.0,"turns":8.0},{"damage":12.0,"enemies":"3 Darklings","floor":35.0,"turns":5.0},{"damage":0.0,"enemies":"Orb Walker","floor":37.0,"turns":2.0},{"damage":3.0,"enemies":"Mind Bloom Boss Battle","floor":38.0,"turns":6.0},{"damage":21.0,"enemies":"Writhing Mass","floor":39.0,"turns":7.0},{"damage":31.0,"enemies":"Nemesis","floor":40.0,"turns":7.0},{"damage":12.0,"enemies":"2 Orb Walkers","floor":42.0,"turns":3.0},{"damage":27,"enemies":"Giant Head","floor":44,"turns":4}],"seed_played":"-830791804618160802","potions_obtained":[{"floor":1.0,"key":"LiquidBronze"},{"floor":2.0,"key":"Block Potion"},{"floor":12.0,"key":"GhostInAJar"},{"floor":16.0,"key":"CultistPotion"},{"floor":28.0,"key":"DuplicationPotion"},{"floor":38.0,"key":"AttackPotion"},{"floor":39.0,"key":"DistilledChaos"}],"is_trial":false,"path_per_floor":["M","M","M","?","$","R","E","R","T","M","E","?","R","M","R","B",null,"M","?","M","M","T","R","$","?","T","R","E","R","M","?","R","B",null,"M","?","M","?","M","E","R","?","T","E"],"character_chosen":"THE_SILENT","items_purchased":["Dagger Spray","Backstab"],"campfire_rested":3,"item_purchase_floors":[5,24],"current_hp_per_floor":[34,27,27,66,66,66,46,46,46,33,18,18,18,18,18,13,53,32,32,24,23,23,42,42,42,42,42,5,24,9,9,22,8,37,29,29,33,44,35,16,16,10,10,0,0],"gold":233,"neow_bonus":"RANDOM_COLORLESS_2","is_daily":false,"chose_seed":false,"campfire_upgraded":5,"win_rate":0.0,"timestamp":1608176030,"path_taken":["M","M","M","?","?","R","E","R","T","M","E","?","R","M","R","BOSS","M","?","M","?","?","R","$","?","T","R","E","R","?","?","R","BOSS","M","?","?","?","M","E","R","?","T","E"],"items_purchased_type":["Card","Card"],"build_version":"2020-12-13","purchased_purges":2,"victory":false,"max_hp_per_floor":[66,66,66,66,66,66,66,66,66,66,66,66,66,66,66,66,66,66,66,66,66,66,66,66,66,66,66,66,66,66,46,46,46,46,46,46,46,46,46,46,46,46,46,46,46],"card_choices":[{"not_picked":["Master of Strategy","Transmutation"],"picked":"Mayhem","floor":0.0},{"not_picked":["Eviscerate","Deadly Poison"],"picked":"Dash","floor":1.0},{"not_picked":["Tactician","Blade Dance"],"picked":"Dash","floor":2.0},{"not_picked":["Deadly Poison","Prepared","Calculated Gamble"],"picked":"SKIP","floor":3.0},{"not_picked":["Slice","Bane"],"picked":"Poisoned Stab","floor":7.0},{"not_picked":["Dagger Spray","Deflect","Acrobatics"],"picked":"SKIP","floor":10.0},{"not_picked":["Riddle With Holes","Burst"],"picked":"PiercingWail","floor":11.0},{"not_picked":["All Out Attack","Deflect","Skewer"],"picked":"SKIP","floor":14.0},{"not_picked":["Doppelganger","Burst"],"picked":"Phantasmal Killer","floor":16.0},{"not_picked":["Dash","Endless Agony"],"picked":"Backstab","floor":18.0},{"not_picked":["Quick Slash","Dash"],"picked":"Predator","floor":20.0},{"not_picked":["Malaise","Underhanded Strike"],"picked":"Bullet Time","floor":21.0},{"not_picked":["Reflex","Tactician"],"picked":"Backstab","floor":28.0},{"not_picked":["Dagger Spray","Noxious Fumes"],"picked":"Sucker Punch+1","floor":30.0},{"not_picked":["Cloak And Dagger","Blur+1"],"picked":"Flying Knee+1","floor":32.0},{"not_picked":["Storm of Steel","Malaise"],"picked":"Night Terror","floor":33.0},{"not_picked":["Deadly Poison","Grand Finale","Underhanded Strike"],"picked":"SKIP","floor":35.0},{"not_picked":["Poisoned Stab","PiercingWail+1","Acrobatics"],"picked":"SKIP","floor":37.0},{"not_picked":["Well Laid Plans","Blade Dance","Tactician"],"picked":"SKIP","floor":39.0},{"not_picked":["Tactician+1","Escape Plan"],"picked":"Glass Knife","floor":40.0},{"not_picked":["Endless Agony+1","Poisoned Stab+1"],"picked":"All Out Attack+1","floor":42.0}],"player_experience":490688,"relics_obtained":[{"floor":7.0,"key":"Nunchaku"},{"floor":9.0,"key":"Pen Nib"},{"floor":11.0,"key":"Anchor"},{"floor":17.0,"key":"Boot"},{"floor":17.0,"key":"Letter Opener"},{"floor":17.0,"key":"Du-Vu Doll"},{"floor":22.0,"key":"Dream Catcher"},{"floor":26.0,"key":"Orichalcum"},{"floor":28.0,"key":"Oddly Smooth Stone"},{"floor":38.0,"key":"Girya"},{"floor":40.0,"key":"Peace Pipe"},{"floor":42.0,"key":"Tough Bandages"},{"floor":43.0,"key":"Regal Pillow"}],"event_choices":[{"cards_removed":["Dash"],"damage_healed":39.0,"max_hp_gain":0.0,"max_hp_loss":0.0,"gold_gain":0.0,"event_name":"Bonfire Elementals","player_choice":"Offered Uncommon","floor":4.0,"gold_loss":0.0,"damage_taken":0.0},{"damage_healed":0.0,"max_hp_gain":0.0,"max_hp_loss":0.0,"gold_gain":0.0,"event_name":"The Woman in Blue","player_choice":"Bought 2 Potions","floor":12.0,"gold_loss":0.0,"damage_taken":0.0},{"damage_healed":0.0,"max_hp_gain":0.0,"max_hp_loss":0.0,"gold_gain":0.0,"event_name":"N\u0027loth","player_choice":"Traded Relic","floor":19.0,"relics_lost":["Boot"],"gold_loss":0.0,"damage_taken":0.0,"relics_obtained":["Nloth\u0027s Gift"]},{"damage_healed":0.0,"max_hp_gain":0.0,"max_hp_loss":0.0,"gold_gain":0.0,"event_name":"The Joust","player_choice":"Bet on Murderer","floor":25.0,"gold_loss":50.0,"damage_taken":0.0},{"damage_healed":0.0,"max_hp_gain":0.0,"max_hp_loss":20.0,"gold_gain":0.0,"event_name":"Vampires","player_choice":"Became a vampire","floor":31.0,"gold_loss":0.0,"damage_taken":0.0,"cards_obtained":["Bite","Bite","Bite","Bite","Bite"]},{"damage_healed":0.0,"max_hp_gain":0.0,"max_hp_loss":0.0,"gold_gain":0.0,"event_name":"WeMeetAgain","player_choice":"Paid Gold","floor":36.0,"gold_loss":131.0,"damage_taken":0.0,"relics_obtained":["Happy Flower"]},{"damage_healed":0.0,"max_hp_gain":0.0,"max_hp_loss":0.0,"gold_gain":0.0,"event_name":"MindBloom","player_choice":"Fight","floor":38.0,"gold_loss":0.0,"damage_taken":0.0},{"damage_healed":0.0,"max_hp_gain":0.0,"max_hp_loss":0.0,"gold_gain":0.0,"event_name":"Mysterious Sphere","player_choice":"Fight","floor":42.0,"gold_loss":0.0,"damage_taken":0.0}],"is_beta":false,"boss_relics":[{"not_picked":["Empty Cage","Runic Dome"],"picked":"Calling Bell"},{"not_picked":["SacredBark","Fusion Hammer"],"picked":"Coffee Dripper"}],"items_purged_floors":[5,24],"is_endless":false,"potions_floor_spawned":[1,2,14,16,28,30,38,39],"killed_by":"Giant Head","ascension_level":18}}