{"host":"soyfmymeou4emntr","time":1608174624,"event":{"mods":["BaseMod","Minty Spire (QoL Compilation)","Relic Sorter","Relic Stats","StSLib"],"gold_per_floor":[115,115,127,92,6,6,37,37,64,64,64,96,116,144,144,217,217,233,249,164,164,164,164],"floor_reached":22,"playtime":1551,"items_purged":[],"score":425,"play_id":"853c1e1b-b87e-46bf-9a37-10db1605864a","local_time":"20201216201024","is_ascension_mode":true,"campfire_choices":[{"data":"Perfected Strike","floor":6.0,"key":"SMITH"},{"data":"Barricade","floor":8,"key":"SMITH"},{"floor":10,"key":"REST"},{"floor":15,"key":"REST"}],"circlet_count":0,"master_deck":["AscendersBane","Defend_R","Defend_R","Bash+1","Flex","Perfected Strike+1","Inflame","Barricade+1","Disarm","Wild Strike","Inflame+1","Limit Break","Carnage+1","Sword Boomerang+1","Immolate+1","Flex","Iron Wave+1","Bite","Bite","Bite","Bite","Bite"],"relics":["Runic Pyramid","InkBottle","Toxic Egg 2","Frozen Egg 2","Lantern","Astrolabe"],"acts_visited":["Exordium","TheCity"],"potions_floor_usage":[12,16,19,22],"damage_taken":[{"damage":1.0,"enemies":"Cultist","floor":1.0,"turns":3.0},{"damage":7.0,"enemies":"Jaw Worm","floor":3.0,"turns":2.0},{"damage":31,"enemies":"Gremlin Nob","floor":7,"turns":4},{"damage":30,"enemies":"3 Sentries","floor":12,"turns":8},{"damage":17,"enemies":"Small Slimes","floor":13,"turns":3},{"damage":6,"enemies":"Gremlin Nob","floor":14,"turns":3},{"damage":11,"enemies":"Hexaghost","floor":16,"turns":8},{"damage":12,"enemies":"Chosen","floor":18,"turns":5},{"damage":22,"enemies":"2 Thieves","floor":19,"turns":2},{"damage":39,"enemies":"Shelled Parasite and Fungi","floor":22,"turns":2}],"seed_played":"948185437613498840","potions_obtained":[{"floor":1.0,"key":"Explosive Potion"},{"floor":14,"key":"BlessingOfTheForge"},{"floor":16,"key":"Strength Potion"},{"floor":19,"key":"LiquidMemories"}],"is_trial":false,"path_per_floor":["M","?","M","?","$","R","E","R","T","R","?","E","M","E","R","B",null,"M","M","?","?","M"],"character_chosen":"IRONCLAD","items_purchased":["Inflame"],"campfire_rested":2,"item_purchase_floors":[5],"current_hp_per_floor":[67,67,60,75,75,75,44,44,44,66,66,36,19,13,35,24,62,50,28,28,28,0,0],"gold":164,"neow_bonus":"BOSS_RELIC","is_daily":false,"chose_seed":false,"campfire_upgraded":2,"win_rate":0.0,"timestamp":1608174624,"path_taken":["M","?","M","?","$","R","E","R","T","R","?","E","?","E","R","BOSS","M","M","?","?","M"],"items_purchased_type":["Card"],"build_version":"2020-12-13","purchased_purges":0,"victory":false,"max_hp_per_floor":[75,75,75,75,75,75,75,75,75,75,75,75,75,75,75,75,75,75,75,75,52,52,52],"relic_stats":{"counters":[10,40],"Astrolabe":["Carnage","Sword Boomerang","Immolate"],"obtain_stats":[{"Lantern":14,"Astrolabe":17,"Frozen Egg 2":12,"Toxic Egg 2":20,"Burning Blood":0,"InkBottle":7,"Runic Pyramid":0},{"Lantern":6,"Astrolabe":7,"Frozen Egg 2":4,"Toxic Egg 2":9,"Burning Blood":0,"InkBottle":3,"Runic Pyramid":0},{"Lantern":23,"Astrolabe":31,"Frozen Egg 2":17,"Toxic Egg 2":38,"Burning Blood":0,"InkBottle":9,"Runic Pyramid":0}],"InkBottle":[7]},"card_choices":[{"not_picked":["Reckless Charge","Battle Trance"],"picked":"Flex","floor":1.0},{"not_picked":["Second Wind","Thunderclap"],"picked":"Perfected Strike","floor":3.0},{"not_picked":["Blood for Blood","Anger"],"picked":"Barricade","floor":7},{"not_picked":["Havoc","Armaments"],"picked":"Disarm","floor":12},{"not_picked":["Sword Boomerang","Clothesline"],"picked":"Wild Strike","floor":13},{"not_picked":["Havoc","Dropkick"],"picked":"Inflame+1","floor":14},{"not_picked":["Impervious","Feed"],"picked":"Limit Break","floor":16},{"not_picked":["Anger+1","True Grit"],"picked":"Flex","floor":18},{"not_picked":["Power Through","Shrug It Off"],"picked":"Iron Wave+1","floor":19}],"player_experience":2581211,"relics_obtained":[{"floor":7,"key":"InkBottle"},{"floor":12,"key":"Frozen Egg 2"},{"floor":14,"key":"Lantern"}],"event_choices":[{"damage_healed":0.0,"max_hp_gain":0.0,"max_hp_loss":0.0,"gold_gain":0.0,"event_name":"Living Wall","player_choice":"Grow","floor":2.0,"gold_loss":0.0,"damage_taken":0.0,"cards_upgraded":["Bash"]},{"damage_healed":18.0,"max_hp_gain":0.0,"max_hp_loss":0.0,"gold_gain":0.0,"event_name":"The Cleric","player_choice":"Healed","floor":4.0,"gold_loss":35.0,"damage_taken":0.0},{"cards_removed":["Defend_R"],"damage_healed":0,"gold_gain":0,"player_choice":"Offered Basic","damage_taken":0,"max_hp_gain":0,"max_hp_loss":0,"event_name":"Bonfire Elementals","floor":11,"gold_loss":0},{"damage_healed":0,"gold_gain":0,"player_choice":"Obtained Relic","damage_taken":0,"relics_obtained":["Toxic Egg 2"],"max_hp_gain":0,"max_hp_loss":0,"event_name":"Addict","floor":20,"gold_loss":85},{"damage_healed":0,"gold_gain":0,"player_choice":"Became a vampire","damage_taken":0,"max_hp_gain":0,"max_hp_loss":23,"event_name":"Vampires","floor":21,"gold_loss":0,"cards_obtained":["Bite","Bite","Bite","Bite","Bite"]}],"is_beta":false,"boss_relics":[{"not_picked":["Runic Cube","Calling Bell"],"picked":"Astrolabe"}],"items_purged_floors":[],"is_endless":false,"potions_floor_spawned":[1,14,16,19],"killed_by":"Shelled Parasite and Fungi","ascension_level":20}}