{"host":"xr9kfrtt7uxz0mdc","time":1608230183,"event":{"mods":["AchievementEnabler","BaseMod","Highlight Path","Minty Spire (QoL Compilation)"],"gold_per_floor":[117,217,227,227,148,148,223,249,249,268,294,314,328,343,343,447,447,466,486,585,306,318,318,349,367,393,405,417,417],"floor_reached":28,"playtime":1444,"items_purged":["Defend_P"],"score":275,"play_id":"9aaa8de6-d166-403b-b3eb-25f4a7e80db0","local_time":"20201217193623","is_ascension_mode":false,"campfire_choices":[{"floor":6.0,"key":"RECALL"},{"floor":15.0,"key":"REST"},{"floor":23,"key":"REST"}],"circlet_count":0,"master_deck":["Strike_P","Strike_P","Strike_P","Strike_P","Defend_P","Defend_P","Defend_P","Eruption+1","Vigilance","EmptyFist","Conclude","BattleHymn","Evaluate+1","DeceiveReality+1","Perseverance+1","Halt+1","DeusExMachina+1","Vengeance+1","ClearTheMind+1","FearNoEvil","SashWhip"],"relics":["PureWater","NeowsBlessing","Toxic Egg 2","Pocketwatch","Fusion Hammer","Membership Card","Smiling Mask","MawBank","Frozen Egg 2"],"acts_visited":["Exordium","TheCity"],"potions_floor_usage":[],"damage_taken":[{"damage":0.0,"enemies":"Small Slimes","floor":1.0,"turns":1.0},{"damage":0.0,"enemies":"Cultist","floor":3.0,"turns":1.0},{"damage":0.0,"enemies":"3 Sentries","floor":8.0,"turns":1.0},{"damage":3.0,"enemies":"Jaw Worm","floor":10.0,"turns":3.0},{"damage":10.0,"enemies":"Gremlin Nob","floor":11.0,"turns":3.0},{"damage":6.0,"enemies":"Large Slime","floor":12.0,"turns":4.0},{"damage":0.0,"enemies":"Lots of Slimes","floor":13.0,"turns":1.0},{"damage":10.0,"enemies":"Exordium Thugs","floor":14.0,"turns":5.0},{"damage":27.0,"enemies":"Slime Boss","floor":16.0,"turns":10.0},{"damage":9,"enemies":"3 Byrds","floor":18,"turns":7},{"damage":0,"enemies":"Chosen","floor":19,"turns":4},{"damage":27,"enemies":"Sentry and Sphere","floor":22,"turns":5},{"damage":42,"enemies":"Gremlin Leader","floor":24,"turns":9},{"damage":12,"enemies":"Snake Plant","floor":25,"turns":5},{"damage":4,"enemies":"Centurion and Healer","floor":28,"turns":1}],"seed_played":"-5728728099863151811","potions_obtained":[{"floor":1.0,"key":"SteroidPotion"},{"floor":10.0,"key":"FearPotion"},{"floor":12.0,"key":"SteroidPotion"},{"floor":16.0,"key":"BottledMiracle"}],"is_trial":false,"path_per_floor":["M","?","M","?","$","R","?","E","T","M","E","M","M","M","R","B",null,"M","M","?","$","M","R","E","M","T","T","M"],"character_chosen":"WATCHER","items_purchased":["BattleHymn","ClearTheMind+1","Membership Card"],"campfire_rested":2,"item_purchase_floors":[5,21,21],"current_hp_per_floor":[72,72,72,72,72,72,61,61,61,58,48,42,42,32,53,26,72,63,63,63,63,36,57,15,3,3,3,0,0],"gold":417,"neow_bonus":"THREE_ENEMY_KILL","is_daily":false,"chose_seed":false,"campfire_upgraded":0,"win_rate":0.0,"timestamp":1608230183,"path_taken":["M","?","?","?","$","R","?","E","T","M","E","M","M","M","R","BOSS","M","M","?","$","M","R","E","M","T","?","M"],"items_purchased_type":["Card","Card","Relic"],"build_version":"2020-12-13","purchased_purges":1,"victory":false,"max_hp_per_floor":[72,72,72,72,72,72,72,72,72,72,72,72,72,72,72,72,72,72,72,72,72,72,72,72,72,72,72,72,72],"card_choices":[{"not_picked":["Swivel","FollowUp"],"picked":"EmptyFist","floor":1.0},{"not_picked":["BowlingBash","Weave"],"picked":"Conclude","floor":3.0},{"not_picked":["Consecrate","CrushJoints","FollowUp"],"picked":"SKIP","floor":8.0},{"not_picked":["TalkToTheHand","FollowUp"],"picked":"Evaluate+1","floor":10.0},{"not_picked":["Weave","CrushJoints"],"picked":"DeceiveReality+1","floor":11.0},{"not_picked":["FollowUp","DeceiveReality+1"],"picked":"Perseverance+1","floor":12.0},{"not_picked":["Crescendo+1","SashWhip","Protect+1"],"picked":"SKIP","floor":13.0},{"not_picked":["BowlingBash","FollowUp"],"picked":"Halt+1","floor":14.0},{"not_picked":["ConjureBlade+1","Omniscience+1"],"picked":"DeusExMachina+1","floor":16.0},{"not_picked":["FollowUp","JustLucky","WheelKick"],"picked":"SKIP","floor":18},{"not_picked":["BowlingBash","FlyingSleeves"],"picked":"Vengeance+1","floor":19},{"not_picked":["FollowUp","EmptyFist","Swivel+1"],"picked":"SKIP","floor":22},{"not_picked":["ClearTheMind+1","Adaptation"],"picked":"FearNoEvil","floor":24},{"not_picked":["WindmillStrike","CutThroughFate"],"picked":"SashWhip","floor":25}],"player_experience":80898,"relics_obtained":[{"floor":8.0,"key":"Toxic Egg 2"},{"floor":11.0,"key":"Pocketwatch"},{"floor":24,"key":"Smiling Mask"},{"floor":26,"key":"MawBank"},{"floor":27,"key":"Frozen Egg 2"}],"event_choices":[{"damage_healed":0.0,"max_hp_gain":0.0,"max_hp_loss":0.0,"gold_gain":100.0,"event_name":"Golden Shrine","player_choice":"Pray","floor":2.0,"gold_loss":0.0,"damage_taken":0.0},{"damage_healed":0.0,"max_hp_gain":0.0,"max_hp_loss":0.0,"gold_gain":0.0,"event_name":"Living Wall","player_choice":"Grow","floor":4.0,"gold_loss":0.0,"damage_taken":0.0,"cards_upgraded":["Eruption"]},{"damage_healed":0.0,"max_hp_gain":0.0,"max_hp_loss":0.0,"gold_gain":75.0,"event_name":"World of Goop","player_choice":"Gather Gold","floor":7.0,"gold_loss":0.0,"damage_taken":11.0},{"damage_healed":0,"gold_gain":99,"player_choice":"Stole From Cult","damage_taken":0,"max_hp_gain":0,"max_hp_loss":0,"event_name":"Nest","floor":20,"gold_loss":0}],"is_beta":false,"boss_relics":[{"not_picked":["Astrolabe","Runic Pyramid"],"picked":"Fusion Hammer"}],"items_purged_floors":[21],"is_endless":false,"potions_floor_spawned":[1,10,12,14,16,19,22,25],"killed_by":"Centurion and Healer","ascension_level":0}}