{"host":"i1h39d0gfh5c6uxl","time":1608226352,"event":{"mods":["AchievementEnabler","BaseMod","Colored Map","Colored Powertips","Highlight Path","Minty Spire (QoL Compilation)"],"gold_per_floor":[117,117,117,117,117,151,177,503,579,579,605,617,630,235,235,309,309,329,329,340,16,16,47,47,80,80,80,93,93,109,109,109,181,181,200,213,29,82,102,135,151,151,151],"floor_reached":42,"playtime":1869,"items_purged":["Strike_R"],"score":1089,"play_id":"c23e588e-985d-4fe4-bb0a-5bda3791bb4b","local_time":"20201218013232","is_ascension_mode":true,"campfire_choices":[{"data":"Clothesline","floor":10.0,"key":"SMITH"},{"data":"Uppercut","floor":15.0,"key":"SMITH"},{"data":"Double Tap","floor":24.0,"key":"SMITH"},{"floor":27.0,"key":"REST"},{"floor":32.0,"key":"REST"}],"circlet_count":0,"master_deck":["AscendersBane","Bash+1","Pommel Strike","Twin Strike","Clothesline+1","Uppercut+1","Headbutt","Reaper","Offering","Demon Form+1","Feel No Pain","Carnage","Pommel Strike","Battle Trance","Flex","Flame Barrier","Cleave","Double Tap+1","Reaper","Ghostly Armor+1","Wild Strike","Fiend Fire","Armaments+1","Sadistic Nature","Heavy Blade+1","Dual Wield+1"],"relics":["Burning Blood","NeowsBlessing","Bronze Scales","Toy Ornithopter","Old Coin","Mummified Hand","Smiling Mask","Pandora\u0027s Box","Lee\u0027s Waffle","Toxic Egg 2","CaptainsWheel","Ornamental Fan","Cursed Key","Prayer Wheel","Nunchaku"],"acts_visited":["Exordium","TheCity","TheBeyond"],"potions_floor_usage":[],"damage_taken":[{"damage":0.0,"enemies":"Small Slimes","floor":1.0,"turns":2.0},{"damage":0.0,"enemies":"3 Sentries","floor":6.0,"turns":1.0},{"damage":0.0,"enemies":"Lagavulin","floor":8.0,"turns":1.0},{"damage":6.0,"enemies":"Gremlin Nob","floor":11.0,"turns":3.0},{"damage":2.0,"enemies":"2 Louse","floor":12.0,"turns":2.0},{"damage":6.0,"enemies":"Cultist","floor":13.0,"turns":3.0},{"damage":85.0,"enemies":"Slime Boss","floor":16.0,"turns":11.0},{"damage":36.0,"enemies":"2 Thieves","floor":18.0,"turns":3.0},{"damage":21.0,"enemies":"Chosen","floor":20.0,"turns":5.0},{"damage":54.0,"enemies":"Gremlin Leader","floor":23.0,"turns":6.0},{"damage":41.0,"enemies":"Book of Stabbing","floor":25.0,"turns":4.0},{"damage":30.0,"enemies":"Snake Plant","floor":28.0,"turns":4.0},{"damage":21.0,"enemies":"Cultist and Chosen","floor":30.0,"turns":6.0},{"damage":84.0,"enemies":"Champ","floor":33.0,"turns":11.0},{"damage":6.0,"enemies":"Orb Walker","floor":35.0,"turns":3.0},{"damage":44.0,"enemies":"3 Darklings","floor":36.0,"turns":5.0},{"damage":65.0,"enemies":"2 Orb Walkers","floor":38.0,"turns":4.0},{"damage":10.0,"enemies":"Maw","floor":39.0,"turns":6.0},{"damage":64.0,"enemies":"Nemesis","floor":40.0,"turns":7.0},{"damage":16.0,"enemies":"Jaw Worm Horde","floor":41.0,"turns":3.0},{"damage":40,"enemies":"Giant Head","floor":42,"turns":5}],"seed_played":"1271191071895351407","potions_obtained":[{"floor":6.0,"key":"SteroidPotion"},{"floor":11.0,"key":"Regen Potion"},{"floor":16.0,"key":"SneckoOil"},{"floor":23.0,"key":"PowerPotion"},{"floor":30.0,"key":"SpeedPotion"},{"floor":35.0,"key":"Dexterity Potion"},{"floor":36.0,"key":"AttackPotion"},{"floor":38.0,"key":"HeartOfIron"}],"is_trial":false,"path_per_floor":["M","?","?","?","?","E","T","E","T","R","E","M","M","$","R","B",null,"M","?","M","$","?","E","R","E","T","R","M","$","M","?","R","B",null,"M","M","$","?","M","E","M","E"],"character_chosen":"IRONCLAD","items_purchased":["Reaper","Offering","Lee\u0027s Waffle","Double Tap","Sadistic Nature"],"campfire_rested":2,"item_purchase_floors":[14,14,21,21,37],"current_hp_per_floor":[74,74,74,67,44,50,50,56,56,56,61,65,65,65,65,14,60,35,35,26,82,82,40,40,20,20,44,36,36,34,34,58,25,68,75,60,60,38,66,34,24,0,0],"gold":151,"neow_bonus":"THREE_ENEMY_KILL","is_daily":false,"chose_seed":false,"campfire_upgraded":3,"win_rate":0.0,"timestamp":1608226352,"path_taken":["M","?","?","?","?","E","?","E","T","R","E","M","M","$","R","BOSS","M","?","?","$","?","E","R","E","T","R","M","$","M","?","R","BOSS","M","M","?","?","M","E","M","E"],"items_purchased_type":["Card","Card","Relic","Card","Card"],"build_version":"2020-12-13","purchased_purges":1,"victory":false,"max_hp_per_floor":[75,75,75,75,75,75,75,75,75,75,75,75,75,75,75,75,75,75,75,75,82,82,82,82,82,82,82,82,82,82,82,82,82,82,82,82,82,82,82,82,82,82,82],"card_choices":[{"not_picked":["Thunderclap","Sword Boomerang"],"picked":"Pommel Strike","floor":1.0},{"not_picked":["Clash","Barricade"],"picked":"Twin Strike","floor":6.0},{"not_picked":["Warcry","Wild Strike"],"picked":"Clothesline","floor":8.0},{"not_picked":["Flex","Dropkick","Metallicize"],"picked":"SKIP","floor":11.0},{"not_picked":["Feel No Pain","Heavy Blade"],"picked":"Uppercut","floor":12.0},{"not_picked":["Clash","Heavy Blade"],"picked":"Headbutt","floor":13.0},{"not_picked":["Juggernaut","Reaper"],"picked":"Demon Form","floor":16.0},{"not_picked":["Ghostly Armor","True Grit"],"picked":"Flame Barrier","floor":18.0},{"not_picked":["Thunderclap","Pummel"],"picked":"Cleave","floor":20.0},{"not_picked":["Flex+1","Sentinel+1"],"picked":"Reaper","floor":23.0},{"not_picked":["Perfected Strike","Wild Strike","Warcry+1"],"picked":"SKIP","floor":25.0},{"not_picked":["Pommel Strike","Headbutt+1","Perfected Strike"],"picked":"SKIP","floor":28.0},{"not_picked":["Metallicize","Sword Boomerang"],"picked":"Ghostly Armor+1","floor":30.0},{"not_picked":["Corruption","Berserk"],"picked":"Fiend Fire","floor":33.0},{"not_picked":["Sword Boomerang","Cleave+1","Clash"],"picked":"SKIP","floor":35.0},{"not_picked":["Heavy Blade","Clothesline"],"picked":"Armaments+1","floor":36.0},{"not_picked":["Reckless Charge","Anger"],"picked":"Heavy Blade+1","floor":39.0},{"not_picked":["Iron Wave+1","Clash+1","Uppercut"],"picked":"SKIP","floor":39.0},{"not_picked":["Armaments+1","Flex+1"],"picked":"Dual Wield+1","floor":40.0},{"not_picked":["Heavy Blade+1","Sword Boomerang","Inflame"],"picked":"SKIP","floor":41.0},{"not_picked":["Feel No Pain+1","Sentinel+1","Iron Wave+1"],"picked":"SKIP","floor":41.0},{"not_picked":["Heavy Blade+1","Sword Boomerang","Inflame"],"picked":"SKIP","floor":41.0},{"not_picked":["Feel No Pain+1","Sentinel+1","Iron Wave+1"],"picked":"SKIP","floor":41.0}],"player_experience":1274472,"relics_obtained":[{"floor":6.0,"key":"Bronze Scales"},{"floor":7.0,"key":"Toy Ornithopter"},{"floor":8.0,"key":"Old Coin"},{"floor":9.0,"key":"Mummified Hand"},{"floor":11.0,"key":"Smiling Mask"},{"floor":23.0,"key":"Toxic Egg 2"},{"floor":25.0,"key":"CaptainsWheel"},{"floor":26.0,"key":"Ornamental Fan"},{"floor":38.0,"key":"Prayer Wheel"},{"floor":40.0,"key":"Nunchaku"}],"event_choices":[{"damage_healed":0.0,"max_hp_gain":0.0,"max_hp_loss":0.0,"gold_gain":0.0,"event_name":"Living Wall","player_choice":"Grow","floor":2.0,"gold_loss":0.0,"damage_taken":0.0,"cards_upgraded":["Bash"]},{"damage_healed":0.0,"max_hp_gain":0.0,"max_hp_loss":0.0,"gold_gain":0.0,"event_name":"Liars Game","player_choice":"Ignored","floor":3.0,"gold_loss":0.0,"damage_taken":0.0},{"cards_removed":["Strike_R"],"damage_healed":0.0,"max_hp_gain":0.0,"max_hp_loss":0.0,"gold_gain":0.0,"event_name":"Golden Wing","player_choice":"Card Removal","floor":4.0,"gold_loss":0.0,"damage_taken":7.0},{"damage_healed":0.0,"max_hp_gain":0.0,"max_hp_loss":0.0,"gold_gain":0.0,"event_name":"Shining Light","player_choice":"Entered Light","floor":5.0,"gold_loss":0.0,"damage_taken":23.0,"cards_upgraded":["Defend_R","Strike_R"]},{"damage_healed":0.0,"max_hp_gain":0.0,"max_hp_loss":0.0,"gold_gain":0.0,"event_name":"Accursed Blacksmith","player_choice":"Forge","floor":19.0,"gold_loss":0.0,"damage_taken":0.0,"cards_upgraded":["Demon Form"]},{"cards_removed":["Sentinel"],"damage_healed":0.0,"max_hp_gain":0.0,"max_hp_loss":0.0,"gold_gain":0.0,"event_name":"Back to Basics","player_choice":"Elegance","floor":22.0,"gold_loss":0.0,"damage_taken":0.0},{"damage_healed":0.0,"max_hp_gain":0.0,"max_hp_loss":0.0,"gold_gain":0.0,"cards_transformed":["Sentinel"],"event_name":"Transmorgrifier","player_choice":"Transformed","floor":31.0,"gold_loss":0.0,"damage_taken":0.0,"cards_obtained":["Wild Strike"]},{"damage_healed":0.0,"max_hp_gain":0.0,"max_hp_loss":0.0,"gold_gain":0.0,"event_name":"Mysterious Sphere","player_choice":"Fight","floor":38.0,"gold_loss":0.0,"damage_taken":0.0}],"is_beta":false,"boss_relics":[{"not_picked":["SlaversCollar","Tiny House"],"picked":"Pandora\u0027s Box"},{"not_picked":["Runic Dome","Fusion Hammer"],"picked":"Cursed Key"}],"items_purged_floors":[14],"is_endless":false,"potions_floor_spawned":[6,11,16,23,30,35,36,38],"killed_by":"Giant Head","ascension_level":20}}