{"host":"keq0h3zgiuz4rmh9","time":1608185656,"event":{"mods":["AchievementEnabler","BaseMod","BetterRewards","Downfall","Duelist Mod","GifTheSpireLib","Hermit","Minty Spire (QoL Compilation)","Replay The Spire","StSLib","The Cursed","The Necromancer"],"gold_per_floor":[125,142,127,158,158,158,158,158,186,186,296,596,596,614,631,731,731,731,764,780,276,276,276],"floor_reached":22,"playtime":1483,"items_purged":["Regret","Slimebound:Icky"],"score":229,"play_id":"4845e150-73ad-4237-93ed-7085fe41f371","local_time":"20201217011416","is_ascension_mode":true,"campfire_choices":[{"data":"theDuelist:CurseDragon","floor":6,"key":"SMITH"},{"floor":10,"key":"REST"}],"circlet_count":0,"master_deck":["theDuelist:BabyDragon","theDuelist:CastleWalls","theDuelist:CastleWalls","theDuelist:CaveDragon","theDuelist:CaveDragon+1","theDuelist:LesserDragon","theDuelist:LesserDragon+1","theDuelist:Sparks+1","theDuelist:Sparks+1","theDuelist:YamataDragon+1","theDuelist:CurseDragon+1","theDuelist:Sabersaurus+1","theDuelist:BusterBladerDDS","Slimebound:Icky","Run Through","theDuelist:DoomkaiserDragon","theDuelist:DragonPiper"],"relics":["theDuelist:MillenniumPuzzle","theDuelist:CardPoolRelic","theDuelist:CardPoolBasicRelic","theDuelist:BoosterPackPoolRelic","theDuelist:CardPoolAddRelic","theDuelist:CardPoolMinusRelic","theDuelist:CardPoolSaveRelic","theDuelist:CardPoolOptionsRelic","theDuelist:MillenniumRod","Ice Cream","theDuelist:ZoneToken","theDuelist:PointPass","downfall:BrokenWingStatue","Black Star","FossilizedHelix","Question Card","Sling","Bottled Lightning"],"acts_visited":["Exordium","TheCity"],"potions_floor_usage":[20,22,22],"damage_taken":[{"damage":0,"enemies":"2 Louse","floor":2,"turns":1},{"damage":0,"enemies":"downfall:FleeingMerchant","floor":3,"turns":4},{"damage":10,"enemies":"3 Sentries","floor":4,"turns":7},{"damage":27,"enemies":"Lagavulin","floor":9,"turns":4},{"damage":8,"enemies":"downfall:FleeingMerchant","floor":11,"turns":4},{"damage":0,"enemies":"Small Slimes","floor":14,"turns":2},{"damage":0,"enemies":"Jaw Worm","floor":15,"turns":2},{"damage":26,"enemies":"downfall:Watcher","floor":16,"turns":6},{"damage":12,"enemies":"theDuelist:KaibaA2","floor":19,"turns":6},{"damage":0,"enemies":"3 Byrds","floor":20,"turns":5},{"damage":0,"enemies":"downfall:FleeingMerchant","floor":21,"turns":5},{"damage":102,"enemies":"downfall:FleeingMerchant","floor":22,"turns":7}],"seed_played":"939530773463705047","potions_obtained":[{"floor":14,"key":"theDuelist:StunPotion"},{"floor":15,"key":"champ:CounterPotion"},{"floor":16,"key":"Block Potion"}],"is_trial":false,"path_per_floor":["R","M","$","E","?","R","T","?","E","R","$","?","?","M","M","B",null,"R","E","M","$","?"],"character_chosen":"THE_DUELIST","items_purchased":["theDuelist:PointPass","Sling","Bottled Lightning"],"campfire_rested":1,"item_purchase_floors":[11,21,21],"current_hp_per_floor":[80,80,80,70,70,70,70,70,43,67,59,59,59,59,59,33,80,80,68,68,68,0,0],"gold":276,"neow_bonus":"THREE_CARDS","is_daily":false,"chose_seed":false,"campfire_upgraded":1,"win_rate":0.0,"timestamp":1608185656,"path_taken":["R","M","$","E","?","R","T","?","E","R","$","?","?","M","M","BOSS","R","E","M","$","?"],"items_purchased_type":["Relic","Relic","Relic"],"build_version":"2020-12-13","purchased_purges":2,"victory":false,"max_hp_per_floor":[80,80,80,80,80,80,80,80,80,80,80,80,80,80,80,80,80,80,80,80,80,80,80],"card_choices":[{"not_picked":["Panic Button","theDuelist:Hydrogeddon","theDuelist:MoltenDestruction","theDuelist:CyberDragonNachster"],"picked":"theDuelist:CurseDragon","floor":2},{"not_picked":["theDuelist:SpiralSpearStrike","theDuelist:SoulCharge","theDuelist:DragonTreasure","theDuelist:SilverWing","theDuelist:SystemDown"],"picked":"SKIP","floor":3},{"not_picked":["theDuelist:GravityLash+1","theDuelist:FiendSkull+1"],"picked":"theDuelist:Sabersaurus+1","floor":4},{"not_picked":["theDuelist:GravityLash","theDuelist:CyberDragonInfinity","theDuelist:DefensiveTactics","theDuelist:WaterDragon"],"picked":"theDuelist:BusterBladerDDS","floor":9},{"not_picked":["theDuelist:ArtifactSanctum","theDuelist:SystemDown","theDuelist:TyrantWing","Life Link","theDuelist:TotemDragon"],"picked":"SKIP","floor":11},{"not_picked":["theDuelist:BabyDragon","theDuelist:LordD","theDuelist:RedRisingDragon","Replay:Sssssssssshield"],"picked":"Run Through","floor":14},{"not_picked":["theDuelist:BusterBlader","theDuelist:Hydrogeddon","theDuelist:LesserDragon","theDuelist:Pyrorex","theDuelist:MythicWaterDragon"],"picked":"SKIP","floor":15},{"not_picked":["theDuelist:BlueDuston","ReplayTheSpireMod:Necrogeddon","Poisoned Strike","Eclipse"],"picked":"theDuelist:DoomkaiserDragon","floor":16},{"not_picked":["theDuelist:DragonTreasure","theDuelist:JurassicImpact","theDuelist:SilverWing+1","FIFO Queue"],"picked":"SKIP","floor":19},{"not_picked":["theDuelist:BabyDragon","theDuelist:CaveDragon+1","theDuelist:LesserDragon","theDuelist:Sabersaurus+1","Slimebound:Icky"],"picked":"SKIP","floor":20},{"not_picked":["theDuelist:BlackStego","theDuelist:Freezadon+1","theDuelist:TornadoDragon","theDuelist:Earthquake"],"picked":"theDuelist:DragonPiper","floor":21}],"player_experience":156291,"relics_obtained":[{"floor":4,"key":"theDuelist:MillenniumRod"},{"floor":7,"key":"Ice Cream"},{"floor":9,"key":"theDuelist:ZoneToken"},{"floor":19,"key":"FossilizedHelix"},{"floor":19,"key":"Question Card"}],"event_choices":[{"damage_healed":0,"gold_gain":0,"player_choice":"Ignored","damage_taken":0,"max_hp_gain":0,"max_hp_loss":0,"event_name":"Vampires","floor":18,"gold_loss":0},{"damage_healed":0,"gold_gain":0,"player_choice":"Fight","duelist":true,"damage_taken":0,"max_hp_gain":0,"max_hp_loss":0,"event_name":"Battle City","floor":22,"gold_loss":0}],"is_beta":false,"boss_relics":[{"not_picked":["theDuelist:GamblerChip","Inserter"],"picked":"Black Star"}],"items_purged_floors":[11,21],"is_endless":false,"potions_floor_spawned":[14,15,16],"killed_by":"downfall:FleeingMerchant","ascension_level":2}}