{"host":"y76x98twjnyyxs83","time":1608240655,"event":{"mods":["BaseMod","Colored Powertips","Minty Spire (QoL Compilation)","Permanent Neow","Quick Restart","Rare Cards Sparkle","Relic Stats","StSLib"],"gold_per_floor":[113,128,143,143,157,157,157,190,190,190,190],"floor_reached":10,"playtime":256,"items_purged":[],"score":126,"play_id":"d932459f-7973-4087-9a38-8f8bda8f3370","local_time":"20201218053055","is_ascension_mode":true,"campfire_choices":[{"data":"Wild Strike","floor":6,"key":"SMITH"}],"circlet_count":0,"master_deck":["AscendersBane","Strike_R","Strike_R","Strike_R","Strike_R","Strike_R","Defend_R","Defend_R","Defend_R","Defend_R","Bash","Wild Strike+1","Spot Weakness","Feed"],"relics":["Cursed Key","Champion Belt","Magic Flower"],"acts_visited":["Exordium"],"potions_floor_usage":[],"damage_taken":[{"damage":7,"enemies":"Small Slimes","floor":1,"turns":3},{"damage":1,"enemies":"Cultist","floor":2,"turns":3},{"damage":2,"enemies":"2 Louse","floor":3,"turns":3},{"damage":11,"enemies":"Looter","floor":5,"turns":2},{"damage":25,"enemies":"Lagavulin","floor":8,"turns":6},{"damage":28,"enemies":"Gremlin Nob","floor":10,"turns":3}],"seed_played":"2058791486588717785","potions_obtained":[{"floor":3,"key":"Strength Potion"}],"is_trial":false,"path_per_floor":["M","M","M","?","M","R","?","E","T","E"],"character_chosen":"IRONCLAD","items_purchased":[],"campfire_rested":0,"item_purchase_floors":[],"current_hp_per_floor":[61,60,58,58,47,47,47,22,22,0,0],"gold":190,"neow_bonus":"BOSS_RELIC","is_daily":false,"chose_seed":false,"campfire_upgraded":1,"win_rate":0.0,"timestamp":1608240655,"path_taken":["M","M","M","?","M","R","?","E","T","E"],"items_purchased_type":[],"build_version":"2020-12-13","purchased_purges":0,"victory":false,"max_hp_per_floor":[75,75,75,75,75,75,75,75,75,75,75],"relic_stats":{"counters":[6,20],"Magic Flower":[0],"Champion Belt":[3],"Cursed Key":0,"obtain_stats":[{"Magic Flower":8,"Champion Belt":7,"Cursed Key":0,"Burning Blood":0},{"Magic Flower":5,"Champion Belt":4,"Cursed Key":0,"Burning Blood":0},{"Magic Flower":17,"Champion Belt":11,"Cursed Key":0,"Burning Blood":0}]},"card_choices":[{"not_picked":["Cleave","Warcry"],"picked":"Wild Strike","floor":1},{"not_picked":["Headbutt","Reckless Charge"],"picked":"Spot Weakness","floor":2},{"not_picked":["Warcry","Ghostly Armor","Headbutt"],"picked":"SKIP","floor":3},{"not_picked":["Anger","Twin Strike","Pommel Strike"],"picked":"SKIP","floor":5},{"not_picked":["Anger","Twin Strike","Pommel Strike"],"picked":"SKIP","floor":5},{"not_picked":["Anger","Twin Strike","Pommel Strike"],"picked":"SKIP","floor":5},{"not_picked":["Clash","Fire Breathing"],"picked":"Feed","floor":8}],"player_experience":1093195,"relics_obtained":[{"floor":8,"key":"Magic Flower"}],"event_choices":[{"damage_healed":0,"gold_gain":0,"player_choice":"Ignored","damage_taken":0,"max_hp_gain":0,"max_hp_loss":0,"event_name":"Liars Game","floor":4,"gold_loss":0},{"damage_healed":0,"gold_gain":0,"player_choice":"Gave Potion","damage_taken":0,"relics_obtained":["Champion Belt"],"max_hp_gain":0,"max_hp_loss":0,"event_name":"WeMeetAgain","floor":7,"gold_loss":0}],"is_beta":false,"boss_relics":[],"items_purged_floors":[],"is_endless":false,"potions_floor_spawned":[3],"killed_by":"Gremlin Nob","ascension_level":17}}