{"host":"899crud3100o27sg","time":1608214830,"event":{"mods":["BaseMod","Better Third Choice","Colored Map","Colored Powertips","Downfall","Minty Spire (QoL Compilation)","Quick Restart","Relic Stats","Shop Mod","StSLib","The IronCluck"],"gold_per_floor":[109,119,131,131,131,157,157,167,167,183,208,223,242,39,39,136,136,148,163,173,190,54,80,80,93,93,121,121,211,237,256,256,352,352,370,384,395,405,405,405,444,465,465,485,505,537,51,86,86,86],"floor_reached":51,"playtime":1740,"items_purged":["Strike_B","Defend_B","Defend_B"],"score":965,"play_id":"39d1c1d8-dfcc-4ac1-be78-64513fc5fde4","local_time":"20201218005030","is_ascension_mode":false,"campfire_choices":[{"data":"Storm","floor":7.0,"key":"SMITH"},{"floor":15,"key":"REST"},{"data":"Defragment","floor":24,"key":"SMITH"},{"data":"Storm","floor":28,"key":"SMITH"},{"data":"Capacitor","floor":32,"key":"SMITH"},{"data":"Heatsinks","floor":40,"key":"SMITH"},{"data":"Defragment","floor":49,"key":"SMITH"}],"circlet_count":0,"master_deck":["Strike_B+1","Strike_B+1","Strike_B+1","Defend_B+1","Defend_B","Zap+1","Dualcast","Storm+1","Capacitor+1","Heatsinks+1","Chill","Storm+1","Rainbow","Genetic Algorithm","Storm+1","Defragment+1","Core Surge","Chill","Sweeping Beam+1","Lockon+1","Ball Lightning+1","Rainbow+1","Heatsinks+1","Cold Snap+1","Heatsinks+1","Defragment+1","Beam Cell+1","Defragment","Force Field"],"relics":["Cracked Core","Sundial","Lantern","Anchor","Whetstone","Busted Crown","DataDisk","Molten Egg 2","White Beast Statue","Boot","Nuclear Battery","CeramicFish","HornCleat","FossilizedHelix","War Paint","Bag of Preparation","Cables"],"acts_visited":["Exordium","TheCity","TheBeyond"],"potions_floor_usage":[21,27,30,33,35,37,41,44,46,48,50],"damage_taken":[{"damage":0.0,"enemies":"2 Louse","floor":1.0,"turns":3.0},{"damage":3.0,"enemies":"Jaw Worm","floor":2.0,"turns":4.0},{"damage":1.0,"enemies":"Cultist","floor":3.0,"turns":3.0},{"damage":33.0,"enemies":"Lagavulin","floor":6.0,"turns":8.0},{"damage":5.0,"enemies":"Looter","floor":8.0,"turns":3.0},{"damage":2.0,"enemies":"Gremlin Gang","floor":10.0,"turns":4.0},{"damage":14.0,"enemies":"Gremlin Nob","floor":11.0,"turns":3.0},{"damage":7.0,"enemies":"3 Louse","floor":12.0,"turns":3.0},{"damage":0,"enemies":"2 Fungi Beasts","floor":13,"turns":3},{"damage":13,"enemies":"The Guardian","floor":16,"turns":8},{"damage":0,"enemies":"Chosen","floor":18,"turns":4},{"damage":5,"enemies":"2 Thieves","floor":19,"turns":3},{"damage":8,"enemies":"Snake Plant","floor":20,"turns":3},{"damage":0,"enemies":"Snecko","floor":21,"turns":3},{"damage":13,"enemies":"Book of Stabbing","floor":23,"turns":4},{"damage":0,"enemies":"3 Cultists","floor":25,"turns":4},{"damage":1,"enemies":"Slavers","floor":27,"turns":4},{"damage":0,"enemies":"Book of Stabbing","floor":30,"turns":4},{"damage":5,"enemies":"Centurion and Healer","floor":31,"turns":4},{"damage":0,"enemies":"Collector","floor":33,"turns":7},{"damage":17,"enemies":"3 Darklings","floor":35,"turns":4},{"damage":0,"enemies":"3 Shapes","floor":36,"turns":3},{"damage":0,"enemies":"3 Darklings","floor":37,"turns":3},{"damage":8,"enemies":"Writhing Mass","floor":38,"turns":3},{"damage":18,"enemies":"Reptomancer","floor":41,"turns":4},{"damage":0,"enemies":"Maw","floor":42,"turns":4},{"damage":0,"enemies":"3 Darklings","floor":44,"turns":3},{"damage":0,"enemies":"Sphere and 2 Shapes","floor":45,"turns":2},{"damage":8,"enemies":"Nemesis","floor":46,"turns":2},{"damage":0,"enemies":"Reptomancer","floor":48,"turns":3},{"damage":0,"enemies":"Donu and Deca","floor":50,"turns":6}],"seed_played":"-7540643303931804337","potions_obtained":[{"floor":1.0,"key":"Energy Potion"},{"floor":6.0,"key":"Explosive Potion"},{"floor":10.0,"key":"Energy Potion"},{"floor":13,"key":"PotionOfCapacity"},{"floor":19,"key":"EssenceOfSteel"},{"floor":23,"key":"Swift Potion"},{"floor":25,"key":"Slimebound:ThreeZeroPotion"},{"floor":27,"key":"Fire Potion"},{"floor":30,"key":"SmokeBomb"},{"floor":31,"key":"Dexterity Potion"},{"floor":33,"key":"ColorlessPotion"},{"floor":35,"key":"SmokeBomb"},{"floor":36,"key":"FocusPotion"},{"floor":37,"key":"ColorlessPotion"},{"floor":38,"key":"SkillPotion"},{"floor":41,"key":"hexamod:EctoCoolerPotion"},{"floor":42,"key":"FocusPotion"},{"floor":44,"key":"FairyPotion"},{"floor":45,"key":"EntropicBrew"},{"floor":46,"key":"SkillPotion"},{"floor":48,"key":"champ:CounterPotion"}],"is_trial":false,"path_per_floor":["M","M","M","?","T","E","R","M","T","M","E","M","M","$","R","B",null,"M","M","M","M","$","E","R","M","T","E","R","?","E","M","R","B",null,"M","M","M","M","?","R","E","M","T","M","M","E","$","E","R","B",null],"character_chosen":"DEFECT","items_purchased":["Defragment","Block Potion","Chill","Defragment","War Paint","Bag of Preparation"],"campfire_rested":1,"item_purchase_floors":[14,14,22,47,47,47],"current_hp_per_floor":[82,79,78,62,62,29,29,24,24,22,8,1,1,1,25,12,82,82,77,69,69,69,56,56,56,56,55,55,43,43,38,38,38,82,65,65,65,57,57,57,39,39,39,39,39,31,31,31,31,31],"gold":86,"neow_bonus":"TEN_PERCENT_HP_BONUS","is_daily":false,"chose_seed":false,"campfire_upgraded":6,"win_rate":0.0,"timestamp":1608214830,"path_taken":["M","M","M","?","?","E","R","M","T","M","E","M","M","$","R","BOSS","M","M","M","M","$","E","R","M","T","E","R","?","E","M","R","BOSS","M","?","M","M","?","R","E","?","T","M","M","E","$","E","R","BOSS"],"items_purchased_type":["Card","Potion","Card","Card","Relic","Relic"],"build_version":"2020-12-13","purchased_purges":3,"victory":true,"max_hp_per_floor":[82,82,82,82,82,82,82,82,82,82,82,82,82,82,82,82,82,82,82,82,82,82,82,82,82,82,82,82,82,82,82,82,82,82,82,82,82,82,82,82,82,82,82,82,82,82,82,82,82,82],"relic_stats":{"Busted Crown":40,"counters":[31,119],"Sundial":[14],"CeramicFish":45,"Bag of Preparation":[4],"Whetstone":["Strike_B","Strike_B"],"War Paint":["Zap","Rainbow"],"Boot":[8],"obtain_stats":[{"Lantern":6,"CeramicFish":41,"Bag of Preparation":47,"Whetstone":11,"War Paint":47,"Boot":30,"White Beast Statue":27,"Nuclear Battery":34,"Cables":48,"Anchor":9,"DataDisk":23,"Busted Crown":17,"HornCleat":43,"Sundial":5,"Molten Egg 2":26,"Cracked Core":0,"FossilizedHelix":46},{"Lantern":4,"CeramicFish":25,"Bag of Preparation":29,"Whetstone":7,"War Paint":29,"Boot":18,"White Beast Statue":17,"Nuclear Battery":20,"Cables":30,"Anchor":5,"DataDisk":15,"Busted Crown":10,"HornCleat":26,"Sundial":3,"Molten Egg 2":16,"Cracked Core":0,"FossilizedHelix":29},{"Lantern":18,"CeramicFish":99,"Bag of Preparation":110,"Whetstone":28,"War Paint":110,"Boot":71,"White Beast Statue":67,"Nuclear Battery":82,"Cables":113,"Anchor":21,"DataDisk":59,"Busted Crown":42,"HornCleat":103,"Sundial":10,"Molten Egg 2":63,"Cracked Core":0,"FossilizedHelix":110}],"Cables":[5,3,2,0,0]},"card_choices":[{"not_picked":["Compile Driver","Barrage"],"picked":"Storm","floor":1.0},{"not_picked":["Rebound","Gash"],"picked":"Capacitor","floor":2.0},{"not_picked":["Ball Lightning","Compile Driver"],"picked":"Heatsinks","floor":3.0},{"not_picked":["Loop","Sweeping Beam"],"picked":"Chill","floor":6.0},{"not_picked":["Stack","Rebound","Barrage"],"picked":"SKIP","floor":8.0},{"not_picked":["Ball Lightning","Fission"],"picked":"Storm","floor":10.0},{"not_picked":["Sweeping Beam","Go for the Eyes"],"picked":"Rainbow","floor":11.0},{"not_picked":["Cold Snap","Streamline"],"picked":"Genetic Algorithm","floor":12.0},{"not_picked":["Consume","Barrage"],"picked":"Storm","floor":13},{"not_picked":["Hyperbeam","Meteor Strike"],"picked":"Core Surge","floor":16},{"not_picked":["Steam Power"],"picked":"SKIP","floor":18},{"not_picked":["Consume"],"picked":"SKIP","floor":19},{"not_picked":["Go for the Eyes"],"picked":"SKIP","floor":20},{"not_picked":["Rebound"],"picked":"SKIP","floor":21},{"not_picked":[],"picked":"Sweeping Beam+1","floor":23},{"not_picked":["Gash+1"],"picked":"SKIP","floor":25},{"not_picked":["Turbo"],"picked":"SKIP","floor":27},{"not_picked":[],"picked":"Lockon+1","floor":30},{"not_picked":[],"picked":"Ball Lightning+1","floor":31},{"not_picked":[],"picked":"Rainbow","floor":33},{"not_picked":["Conserve Battery"],"picked":"SKIP","floor":35},{"not_picked":[],"picked":"Heatsinks+1","floor":36},{"not_picked":[],"picked":"Cold Snap+1","floor":37},{"not_picked":["Hologram"],"picked":"SKIP","floor":38},{"not_picked":[],"picked":"Heatsinks+1","floor":41},{"not_picked":[],"picked":"Defragment","floor":42},{"not_picked":[],"picked":"Beam Cell+1","floor":44},{"not_picked":["Turbo"],"picked":"SKIP","floor":45},{"not_picked":["Streamline+1"],"picked":"SKIP","floor":46},{"not_picked":[],"picked":"Force Field","floor":48}],"player_experience":1003679,"relics_obtained":[{"floor":5.0,"key":"Sundial"},{"floor":6.0,"key":"Lantern"},{"floor":9.0,"key":"Anchor"},{"floor":11.0,"key":"Whetstone"},{"floor":23,"key":"DataDisk"},{"floor":26,"key":"Molten Egg 2"},{"floor":27,"key":"White Beast Statue"},{"floor":30,"key":"Boot"},{"floor":41,"key":"CeramicFish"},{"floor":43,"key":"HornCleat"},{"floor":46,"key":"FossilizedHelix"},{"floor":48,"key":"Cables"}],"event_choices":[{"damage_healed":78.0,"max_hp_gain":0.0,"max_hp_loss":82.0,"gold_gain":0.0,"event_name":"betterThird:BetterShining","player_choice":"Upgrade","floor":4.0,"gold_loss":0.0,"damage_taken":16.0,"cards_upgraded":["Defend_B","Strike_B"]},{"damage_healed":0,"gold_gain":90,"player_choice":"GOLD ","damage_taken":12,"max_hp_gain":0,"max_hp_loss":0,"event_name":"Knowing Skull","floor":29,"potions_obtained":[],"gold_loss":0,"cards_obtained":[]},{"damage_healed":0,"gold_gain":0,"player_choice":"Forge","damage_taken":0,"max_hp_gain":0,"max_hp_loss":0,"event_name":"Accursed Blacksmith","floor":39,"gold_loss":0,"cards_upgraded":["Storm"]}],"is_beta":false,"boss_relics":[{"not_picked":["SlaversCollar","Pandora\u0027s Box"],"picked":"Busted Crown"},{"not_picked":["expansioncontent:StudyCardRelic","Velvet Choker"],"picked":"Nuclear Battery"}],"items_purged_floors":[14,22,47],"is_endless":false,"potions_floor_spawned":[1,6,10,13,19,23,25,27,30,31,33,35,36,37,38,41,42,44,45,46,48],"ascension_level":0}}