{"host":"svp5k7820qggnejp","time":1608176299,"event":{"mods":["Aspiration","Astrologer","BaseMod","BetterRewards","Clockwork Mod","FutureSeer","Hermit","Hubris","Infinite Spire","Mad Scientist","Minty Spire (QoL Compilation)","Potionbrewer","Railgun Mod","Replay The Spire","Spicy Shops","StSLib","The Dragon Tamer","The Gatherer","The Necromancer","Transform Curses","Treasure Hunter"],"gold_per_floor":[100,100,112,112,132,157,186,186,186,186,186,36,65,65,65,164,164,174,191,191,191,191,221,221,221,275,275],"floor_reached":26,"playtime":1075,"items_purged":[],"score":438,"play_id":"39c5027b-090b-469c-a031-809e5c5874fc","local_time":"20201216223819","daily_mods":["Hoarder","Vintage","Heirloom","Time Dilation","Flight"],"is_ascension_mode":false,"campfire_choices":[{"floor":15,"key":"REST"}],"circlet_count":0,"master_deck":["Demon Form","Wraith Form v2","Echo Form","DevaForm","Gatherer:BomberForm","TheRailgun:Level_6","potionbrewer:AlchemistForm","Clockwork:PerfectForm","DTMod:ResonanceForm","astrologer:Starfield","TheRailgun:Strike","TheRailgun:Strike","TheRailgun:Strike","TheRailgun:Defend","TheRailgun:Defend","TheRailgun:Defend","TheRailgun:Defend","TheRailgun:Discharge","TheRailgun:Static","TheRailgun:Zip","TH:DeckOfManyThings","TH:DeckOfManyThings","TH:DeckOfManyThings","TheRailgun:Overload","TheRailgun:Overload","TheRailgun:Overload","TH:CopperCoins","TH:CopperCoins","TH:CopperCoins","TheRailgun:Lightningbolt","TheRailgun:Lightningbolt","TheRailgun:Lightningbolt","TheRailgun:Scatter_Railgun+1","TheRailgun:Scatter_Railgun+1","TheRailgun:Scatter_Railgun+1","TH:ArmorSpikes","TH:ArmorSpikes","TH:ArmorSpikes","TheRailgun:Oneesama","TheRailgun:Oneesama","TheRailgun:Oneesama","TheRailgun:Battery_Pack","TheRailgun:Battery_Pack","TheRailgun:Battery_Pack","TH:CopperCoins","TH:CopperCoins","TH:CopperCoins","TheRailgun:Railgun","TheRailgun:Railgun","TheRailgun:Railgun","TheRailgun:Iron_Dust_Field+1","TheRailgun:Iron_Dust_Field+1","TheRailgun:Iron_Dust_Field+1","Pot Of Greed","Pot Of Greed","Pot Of Greed","Pot Of Greed","Pot Of Greed","Pot Of Greed","Pot Of Greed","Pot Of Greed","Pot Of Greed","Pot Of Greed","Pot Of Greed","Pot Of Greed","Pot Of Greed","Pot Of Greed","Pot Of Greed","ReplayTheSpireMod:Omega Cannon","ReplayTheSpireMod:Omega Cannon","ReplayTheSpireMod:Omega Cannon"],"relics":["TheRailgun:CoinRelic","replay:Trail_Library","Pondfish Scales","hubris:GlazedTorus","hubris:DeckOfHolding","Pear","ReplayFunnel","Boot","infinitespire:Eraser","hubris:EmptyBottle","hubris:SphereOfDissonance","NeowsBlessing","Black Star","hubris:Reverence","infinitespire:Satchel","PrismaticShard","hubris:ToyBattleship","Grinning Jar","infinitespire:Lucky Rock"],"acts_visited":["Exordium","TheCity"],"potions_floor_usage":[23,23],"damage_taken":[{"damage":3,"enemies":"Jaw Worm","floor":3,"turns":4},{"damage":7,"enemies":"Cultist","floor":5,"turns":4},{"damage":26,"enemies":"Gremlin Nob","floor":6,"turns":5},{"damage":8,"enemies":"Lagavulin","floor":7,"turns":5},{"damage":18,"enemies":"3 Sentries","floor":13,"turns":4},{"damage":0,"enemies":"Fading Forest","floor":16,"turns":1},{"damage":20,"enemies":"2 Thieves","floor":18,"turns":1},{"damage":0,"enemies":"Shell Parasite","floor":19,"turns":1},{"damage":0,"enemies":"Slavers","floor":23,"turns":1}],"seed_played":"1070286140829083896","potions_obtained":[{"floor":7,"key":"FearPotion"},{"floor":13,"key":"Milkshake"},{"floor":16,"key":"Adrenaline Potion"}],"is_trial":true,"path_per_floor":["WH","WH","M","WH","M","E","E","?","T","WH","WH","$","E","WH","R","B",null,"M","M","?","WH","WH","E","WH","WH","T"],"character_chosen":"THE_DEFAULT","items_purchased":["hubris:EmptyBottle"],"campfire_rested":1,"item_purchase_floors":[12],"current_hp_per_floor":[70,77,77,84,87,94,86,86,86,95,105,105,87,87,113,113,113,93,93,85,96,108,108,121,135,135,135],"gold":275,"neow_bonus":"TEN_PERCENT_HP_BONUS","is_daily":false,"chose_seed":false,"campfire_upgraded":0,"win_rate":0.0,"timestamp":1608176299,"path_taken":["WH","WH","M","WH","M","E","E","?","T","WH","WH","?","E","WH","R","BOSS","M","?","?","WH","WH","E","WH","WH","T"],"items_purchased_type":["Relic"],"build_version":"2020-12-13","purchased_purges":0,"victory":false,"max_hp_per_floor":[70,77,77,84,94,94,94,94,94,103,113,113,113,113,113,113,113,113,113,113,124,136,136,149,163,163,163],"card_choices":[{"not_picked":["TH:PixieDust"],"picked":"TH:DeckOfManyThings","floor":6},{"not_picked":["TheRailgun:Electrical_Storm","TheRailgun:Aerial_Shot"],"picked":"TheRailgun:Overload","floor":6},{"not_picked":["TH:TreasureMap"],"picked":"TH:CopperCoins","floor":7},{"not_picked":["TheRailgun:Recharge","TheRailgun:Mental_Out"],"picked":"TheRailgun:Lightningbolt","floor":7},{"not_picked":["TH:Mimic"],"picked":"TH:ArmorSpikes","floor":9},{"not_picked":["TheRailgun:Aerial_Shot","TheRailgun:Circuit_Breaker"],"picked":"TheRailgun:Battery_Pack","floor":13},{"not_picked":["TH:TreasureMap","TH:CursedSword"],"picked":"SKIP","floor":13},{"not_picked":["TH:DeckOfManyThings"],"picked":"TH:CopperCoins","floor":16},{"not_picked":["TheRailgun:Supercharge","TheRailgun:Judgement_Officer"],"picked":"TheRailgun:Railgun","floor":16},{"not_picked":["TheRailgun:Mental_Out","TheRailgun:Aerial_Shot"],"picked":"TheRailgun:Iron_Dust_Field+1","floor":20},{"not_picked":["Gatherer:SmartManeuver","FlurryOfBlows+1"],"picked":"ReplayTheSpireMod:Omega Cannon","floor":23},{"not_picked":["TH:CursedSword","TH:EnergyPotion"],"picked":"SKIP","floor":23},{"not_picked":["TH:EnergyPotion","TH:Mimic"],"picked":"SKIP","floor":26}],"player_experience":192220,"relics_obtained":[{"floor":3,"key":"hubris:DeckOfHolding"},{"floor":5,"key":"Pear"},{"floor":6,"key":"ReplayFunnel"},{"floor":7,"key":"Boot"},{"floor":9,"key":"infinitespire:Eraser"},{"floor":13,"key":"hubris:SphereOfDissonance"},{"floor":18,"key":"hubris:Reverence"},{"floor":19,"key":"infinitespire:Satchel"},{"floor":20,"key":"PrismaticShard"},{"floor":23,"key":"hubris:ToyBattleship"},{"floor":23,"key":"Grinning Jar"},{"floor":26,"key":"infinitespire:Lucky Rock"}],"event_choices":[],"is_beta":false,"boss_relics":[{"not_picked":["ReplayTheSpireMod:SealedPack","Astrolabe"],"picked":"Black Star"}],"items_purged_floors":[],"is_endless":false,"potions_floor_spawned":[7,13,16,18,19],"ascension_level":0}}