{"host":"3xls0xm49ftugio7","time":1608215500,"event":{"mods":["2.2 Compatiblity","AchievementEnabler","Act Like it!","BaseMod","Colored Powertips","Downfall","GifTheSpireLib","Minty Spire (QoL Compilation)","Quick Restart","Relic Stats","StSLib"],"gold_per_floor":[199,299,311,311,339,339,339,10,10,42,56,72,172,172,185,284,284,284,284,319,333,433,433,433,358,375,300,320,335,167,186,200,302,302,302,347,367,417,429,429,429,454,465,390,295,311,15,28,44,44,44,70,51,51,51],"floor_reached":56,"playtime":11345,"items_purged":["champ:Strike","champ:Strike","champ:Defend"],"score":1380,"play_id":"5dedd169-e647-4c67-b114-e677f5ac236b","local_time":"20201217163140","is_ascension_mode":true,"campfire_choices":[{"data":"champ:Execute","floor":1.0,"key":"SMITH"},{"data":"champ:CrookedStrike","floor":4.0,"key":"SMITH"},{"data":"champ:FocusedBerserking","floor":9.0,"key":"SMITH"},{"data":"champ:Improvising","floor":18.0,"key":"SMITH"},{"data":"champ:StrikeOfGenius","floor":23.0,"key":"SMITH"},{"floor":25.0,"key":"RECALL"},{"data":"champ:StanceDance","floor":27.0,"key":"SMITH"},{"data":"champ:PerfectForm","floor":35.0,"key":"SMITH"},{"data":"champ:GladiatorStyle","floor":40.0,"key":"SMITH"},{"floor":44.0,"key":"DIG"},{"floor":54,"key":"DIG"}],"circlet_count":0,"master_deck":["champ:Strike+1","champ:Defend+1","champ:Defend","champ:Defend+1","champ:Execute+1","champ:Taunt","champ:CrookedStrike+1","champ:CrownThrow","champ:FocusedBerserking+1","champ:Shatter","champ:Improvising+1","champ:BladeFlurry","champ:RisingSlash","champ:CalledShot","champ:StanceDance+1","champ:SwordThrow+1","champ:Circumvent","champ:StrikeOfGenius+1","champ:AdrenalArmor+1","champ:FanOfKnives","champ:Duel+1","champ:FaceSlap+1","champ:GladiatorStyle","champ:Aggression","champ:PerfectForm+1","champ:GladiatorStyle+1","champ:GladiatorsShout","champ:IronFortress","champ:BringItOn+1","Guardian:Aged","champ:CheapShot","champ:CalledShot+1","Secret Technique","champ:BerserkersShout+1","champ:PreciseThrust+1","champ:Improvising","champ:ShieldWall"],"relics":["champ:ChampionCrown","Pen Nib","Pantograph","Membership Card","Bag of Preparation","War Paint","Ancient Tea Set","champ:ChampionCrownUpgraded","Centennial Puzzle","Potion Belt","downfall:HeartBlessingBlue","downfall:HeartBlessingRed","hexamod:BolsterEngine","Cursed Key","champ:GladiatorsBookOfMartialProwess","Gambling Chip","Shovel","champ:DefensiveTrainingManual","downfall:HeartBlessingGreen","Mummified Hand","Whetstone","White Beast Statue","TheAbacus","Lee\u0027s Waffle","Torii","Blood Vial","HornCleat"],"acts_visited":["Exordium","TheCity","TheBeyond","TheEnding"],"potions_floor_usage":[],"damage_taken":[{"damage":5.0,"enemies":"2 Louse","floor":3.0,"turns":2.0},{"damage":34.0,"enemies":"Gremlin Nob","floor":5.0,"turns":5.0},{"damage":5.0,"enemies":"downfall:FleeingMerchant","floor":8.0,"turns":4.0},{"damage":24.0,"enemies":"3 Sentries","floor":10.0,"turns":6.0},{"damage":3.0,"enemies":"Small Slimes","floor":11.0,"turns":2.0},{"damage":12.0,"enemies":"Cultist","floor":12.0,"turns":3.0},{"damage":9.0,"enemies":"3 Louse","floor":15.0,"turns":2.0},{"damage":36.0,"enemies":"downfall:Watcher","floor":16.0,"turns":7.0},{"damage":17.0,"enemies":"Gremlin Leader","floor":20.0,"turns":5.0},{"damage":8.0,"enemies":"Spheric Guardian","floor":21.0,"turns":3.0},{"damage":46.0,"enemies":"downfall:LadyInBlue","floor":22.0,"turns":6.0},{"damage":20.0,"enemies":"Shell Parasite","floor":26.0,"turns":2.0},{"damage":31.0,"enemies":"Centurion and Healer","floor":28.0,"turns":3.0},{"damage":28.0,"enemies":"Snake Plant","floor":29.0,"turns":3.0},{"damage":30.0,"enemies":"downfall:FleeingMerchant","floor":30.0,"turns":4.0},{"damage":23.0,"enemies":"Sentry and Sphere","floor":31.0,"turns":2.0},{"damage":6.0,"enemies":"Snecko","floor":32.0,"turns":3.0},{"damage":59.0,"enemies":"downfall:Silent","floor":33.0,"turns":6.0},{"damage":27.0,"enemies":"2 Orb Walkers","floor":36.0,"turns":3.0},{"damage":39.0,"enemies":"3 Darklings","floor":37.0,"turns":4.0},{"damage":46.0,"enemies":"Mind Bloom Boss Battle","floor":38.0,"turns":5.0},{"damage":13.0,"enemies":"Orb Walker","floor":39.0,"turns":2.0},{"damage":50.0,"enemies":"Giant Head","floor":42.0,"turns":4.0},{"damage":19.0,"enemies":"Sphere and 2 Shapes","floor":43.0,"turns":3.0},{"damage":16.0,"enemies":"downfall:FleeingMerchant","floor":45.0,"turns":2.0},{"damage":68,"enemies":"Transient","floor":46,"turns":4},{"damage":38,"enemies":"Maw","floor":48,"turns":3},{"damage":49,"enemies":"Sphere and 2 Shapes","floor":49,"turns":10},{"damage":37,"enemies":"downfall:Defect","floor":50,"turns":5},{"damage":36,"enemies":"downfall:CharBossMerchant","floor":52,"turns":4},{"damage":136,"enemies":"downfall:NeowBoss","floor":55,"turns":14}],"seed_played":"5828901080764129601","potions_obtained":[{"floor":3.0,"key":"Swift Potion"},{"floor":6.0,"key":"CultistPotion"},{"floor":6.0,"key":"Energy Potion"},{"floor":10.0,"key":"Fruit Juice"},{"floor":16.0,"key":"Weak Potion"},{"floor":22.0,"key":"FearPotion"},{"floor":22.0,"key":"Guardian:BlockOnCardUsePotion"},{"floor":22.0,"key":"Dexterity Potion"},{"floor":29.0,"key":"AttackPotion"},{"floor":33.0,"key":"GamblersBrew"}],"is_trial":false,"path_per_floor":["R","?","M","R","E","?","T","$","R","E","M","M","?","?","M","B",null,"R","?","E","M","?","R","T","R","M","R","M","M","$","M","M","B",null,"R","?","M","?","M","R","T","E","M","R","$","M","$","M","M","B",null,"E","$","R","B",null],"character_chosen":"THE_CHAMP","items_purchased":["Membership Card","Bag of Preparation","War Paint","champ:Shatter","hexamod:BolsterEngine","champ:GladiatorStyle","Whetstone","White Beast Statue","TheAbacus","Secret Technique","Lee\u0027s Waffle","Torii","champ:ShieldWall"],"campfire_rested":0,"item_purchase_floors":[8,8,8,8,30,30,45,45,45,45,47,47,53],"current_hp_per_floor":[90,90,90,90,66,66,66,66,66,57,59,67,67,67,61,70,95,95,95,95,95,84,84,84,94,92,92,98,95,99,105,105,90,105,105,105,105,105,105,105,105,104,98,98,98,71,112,112,112,98,112,112,112,112,112],"gold":51,"neow_bonus":"HUNDRED_GOLD","is_daily":false,"chose_seed":false,"campfire_upgraded":8,"win_rate":0.0,"timestamp":1608215500,"path_taken":["R","?","M","R","E","?","T","$","R","E","?","M","?","?","M","BOSS","R","?","E","M","?","R","T","R","M","R","M","?","$","M","M","BOSS","R","?","M","?","?","R","T","E","?","R","?","M","$","M","M","BOSS","E","$","R","BOSS"],"items_purchased_type":["Relic","Relic","Relic","Card","Relic","Card","Relic","Relic","Relic","Card","Relic","Relic","Card"],"build_version":"2020-12-13","purchased_purges":3,"victory":true,"max_hp_per_floor":[90,90,90,90,90,90,90,90,90,90,90,90,90,90,90,95,95,95,95,95,95,95,95,95,105,105,105,105,105,105,105,105,105,105,105,105,105,105,105,105,105,105,105,105,105,105,112,112,112,112,112,112,112,112,112],"relic_stats":{"Lee\u0027s Waffle":41,"Torii":4,"counters":[31,131],"Pen Nib":[28],"Bag of Preparation":[56],"Whetstone":["champ:SwordThrow","champ:Strike"],"War Paint":["champ:Defend","champ:Defend"],"Cursed Key":1,"Blood Vial":0,"Centennial Puzzle":[65],"Shovel":2,"TheAbacus":[54],"Mummified Hand":[73],"Pantograph":25,"Gambling Chip":[15],"obtain_stats":[{"Torii":47,"champ:ChampionCrown":0,"downfall:HeartBlessingGreen":44,"Bag of Preparation":8,"Whetstone":45,"Ancient Tea Set":10,"Cursed Key":34,"Blood Vial":52,"Centennial Puzzle":20,"Shovel":41,"TheAbacus":45,"HornCleat":54,"downfall:HeartBlessingBlue":25,"champ:DefensiveTrainingManual":42,"Mummified Hand":44,"Pantograph":7,"Gambling Chip":38,"Potion Belt":22,"Lee\u0027s Waffle":47,"downfall:HeartBlessingRed":27,"Pen Nib":5,"champ:ChampionCrownUpgraded":17,"War Paint":8,"White Beast Statue":45,"champ:GladiatorsBookOfMartialProwess":36,"Membership Card":8,"hexamod:BolsterEngine":30},{"Torii":26,"champ:ChampionCrown":0,"downfall:HeartBlessingGreen":24,"Bag of Preparation":3,"Whetstone":25,"Ancient Tea Set":4,"Cursed Key":18,"Blood Vial":30,"Centennial Puzzle":9,"Shovel":22,"TheAbacus":25,"HornCleat":30,"downfall:HeartBlessingBlue":11,"champ:DefensiveTrainingManual":23,"Mummified Hand":24,"Pantograph":2,"Gambling Chip":21,"Potion Belt":11,"Lee\u0027s Waffle":26,"downfall:HeartBlessingRed":12,"Pen Nib":2,"champ:ChampionCrownUpgraded":8,"War Paint":3,"White Beast Statue":25,"champ:GladiatorsBookOfMartialProwess":19,"Membership Card":3,"hexamod:BolsterEngine":15},{"Torii":95,"champ:ChampionCrown":0,"downfall:HeartBlessingGreen":89,"Bag of Preparation":11,"Whetstone":91,"Ancient Tea Set":17,"Cursed Key":68,"Blood Vial":117,"Centennial Puzzle":36,"Shovel":82,"TheAbacus":91,"HornCleat":117,"downfall:HeartBlessingBlue":45,"champ:DefensiveTrainingManual":86,"Mummified Hand":89,"Pantograph":7,"Gambling Chip":80,"Potion Belt":45,"Lee\u0027s Waffle":95,"downfall:HeartBlessingRed":47,"Pen Nib":7,"champ:ChampionCrownUpgraded":31,"War Paint":11,"White Beast Statue":91,"champ:GladiatorsBookOfMartialProwess":71,"Membership Card":11,"hexamod:BolsterEngine":57}]},"card_choices":[{"not_picked":["champ:FocusedDefense","champ:GladiatorsShout"],"picked":"champ:CrookedStrike","floor":3.0},{"not_picked":["champ:CalledShot","champ:FalseCounter"],"picked":"champ:CrownThrow","floor":5.0},{"not_picked":["champ:PerfectedStrike","champ:IronFortress"],"picked":"champ:FocusedBerserking","floor":8.0},{"not_picked":["champ:AdrenalArmor","champ:CrookedStrike"],"picked":"champ:Improvising","floor":10.0},{"not_picked":["champ:BerserkerStyle","champ:BerserkersShout"],"picked":"champ:BladeFlurry","floor":11.0},{"not_picked":["champ:FocusedDefense","champ:AdrenalArmor"],"picked":"champ:RisingSlash","floor":12.0},{"not_picked":["champ:RecklessLeap","champ:ViciousMockery"],"picked":"champ:StanceDance","floor":15.0},{"not_picked":["champ:IgnorePain","champ:ShieldSlam"],"picked":"champ:SwordThrow","floor":16.0},{"not_picked":["champ:DefensiveShout+1","champ:Encircle","champ:BringItOn"],"picked":"SKIP","floor":20.0},{"not_picked":["champ:GladiatorsShout","champ:TornadoPunch"],"picked":"champ:Circumvent","floor":21.0},{"not_picked":["champ:Backstep","champ:GladiatorsShout+1"],"picked":"champ:StrikeOfGenius","floor":22.0},{"not_picked":["champ:CrookedStrike","champ:IronFortress"],"picked":"champ:AdrenalArmor+1","floor":26.0},{"not_picked":["champ:PerfectedStrike","champ:Backstep"],"picked":"champ:FanOfKnives","floor":28.0},{"not_picked":["champ:FocusedGladiator","champ:Riposte+1"],"picked":"champ:Duel+1","floor":29.0},{"not_picked":["champ:Backstep","champ:DeathBlow"],"picked":"champ:FaceSlap+1","floor":30.0},{"not_picked":["champ:EnGarde+1","champ:BladeFlurry","champ:DefensiveShout"],"picked":"SKIP","floor":31.0},{"not_picked":["champ:CrookedStrike","champ:ArenaPreparation"],"picked":"champ:Aggression","floor":32.0},{"not_picked":["champ:SwordThrow","champ:SteelEdge"],"picked":"champ:PerfectForm","floor":33.0},{"not_picked":["champ:DefensiveShout","champ:FlashCut"],"picked":"champ:GladiatorStyle","floor":36.0},{"not_picked":["champ:BringItOn","champ:Encircle"],"picked":"champ:GladiatorsShout","floor":37.0},{"not_picked":["champ:ViciousMockery","champ:GladiatorStyle"],"picked":"champ:IronFortress","floor":38.0},{"not_picked":["champ:GutPunch+1","champ:FanOfKnives"],"picked":"champ:BringItOn+1","floor":39.0},{"not_picked":["champ:FanOfKnives","champ:FlashCut+1"],"picked":"champ:CheapShot","floor":42.0},{"not_picked":["champ:DefensiveShout","champ:StanceDance"],"picked":"champ:CalledShot+1","floor":43.0},{"not_picked":["champ:EnragedBash","champ:Control"],"picked":"champ:BerserkersShout+1","floor":46},{"not_picked":["champ:CrookedStrike","champ:DefensiveShout"],"picked":"champ:PreciseThrust+1","floor":48},{"not_picked":["champ:EnragedBash+1","champ:PerfectedStrike+1","champ:CrookedStrike+1"],"picked":"SKIP","floor":49},{"not_picked":["champ:FocusedGladiator","champ:Lariat"],"picked":"champ:Improvising","floor":52}],"player_experience":797584,"relics_obtained":[{"floor":5.0,"key":"Pen Nib"},{"floor":7.0,"key":"Pantograph"},{"floor":10.0,"key":"Ancient Tea Set"},{"floor":20.0,"key":"Centennial Puzzle"},{"floor":22.0,"key":"Potion Belt"},{"floor":36.0,"key":"champ:GladiatorsBookOfMartialProwess"},{"floor":38.0,"key":"Gambling Chip"},{"floor":41.0,"key":"Shovel"},{"floor":42.0,"key":"champ:DefensiveTrainingManual"},{"floor":44.0,"key":"Mummified Hand"},{"floor":52,"key":"Blood Vial"},{"floor":54,"key":"HornCleat"}],"event_choices":[{"damage_healed":0.0,"max_hp_gain":0.0,"max_hp_loss":0.0,"gold_gain":0.0,"event_name":"Lab","player_choice":"Got Potions","floor":6.0,"gold_loss":0.0,"damage_taken":0.0},{"damage_healed":0.0,"max_hp_gain":0.0,"max_hp_loss":0.0,"gold_gain":0.0,"cards_transformed":["champ:Strike"],"event_name":"Transmorgrifier","player_choice":"Transformed","floor":14.0,"gold_loss":0.0,"damage_taken":0.0,"cards_obtained":["champ:CalledShot"]},{"damage_healed":0.0,"max_hp_gain":0.0,"max_hp_loss":0.0,"gold_gain":0.0,"event_name":"Mysterious Sphere","player_choice":"Fight","floor":36.0,"gold_loss":0.0,"damage_taken":0.0}],"is_beta":false,"boss_relics":[{"not_picked":["Philosopher\u0027s Stone","SlaversCollar"],"picked":"champ:ChampionCrownUpgraded"},{"not_picked":["Sozu","Runic Pyramid"],"picked":"Cursed Key"}],"items_purged_floors":[30,45,47],"is_endless":false,"potions_floor_spawned":[3,10,12,16,20,21,28,29,31,33,36,42,48,49,52],"ascension_level":1}}