{"host":"yy8mitdds7tg9c5m","time":1608171762,"event":{"mods":["Act Like it!","AlwaysNeverKeys","BaseMod","Better Note","Better Third Choice","Duelist Mod","GifTheSpireLib","Minty Spire (QoL Compilation)","Permanent Neow","Quick Restart","StSLib","egg"],"gold_per_floor":[137,137,154,154,28,53,53,86,133,133,143,158,184,202,202,275,275,285,105,117,130,149,149,178,193,242,242,80,99,99,99,99,173,173,185,185,210,230,245,245,245],"floor_reached":40,"playtime":2284,"items_purged":["Regret","theDuelist:ClownZombie","theDuelist:Sparks"],"score":1156,"play_id":"9e3b42a4-3ce9-41c4-868d-af4cc48145df","local_time":"20201216222241","is_ascension_mode":true,"campfire_choices":[{"floor":7.0,"key":"DIG"},{"floor":10.0,"key":"DIG"},{"floor":15.0,"key":"REST"},{"floor":23.0,"key":"REST"},{"floor":30.0,"key":"REST"},{"floor":32.0,"key":"REST"}],"circlet_count":0,"master_deck":["theDuelist:CardSafeReturn","theDuelist:MonsterReborn+1","theDuelist:CastleWalls","theDuelist:OverpoweringEye","theDuelist:SummonedSkull","theDuelist:OboroGuruma","theDuelist:MonsterReborn+1","theDuelist:CastleWalls","theDuelist:Polymerization","theDuelist:UltraPolymerization+1","theDuelist:GhostBelle","theDuelist:PatricianDarkness","theDuelist:MechMoleZombie","AscendersBane","theDuelist:GhostrickNight+1","theDuelist:ShallowGrave","theDuelist:DimensionFusion","theDuelist:Sparks","theDuelist:ScrapFactory+1","theDuelist:NecroworldBanshee","theDuelist:GhostrickNight+1","theDuelist:OneForOne+1","theDuelist:ArchfiendSoldier","theDuelist:Wightmare+1","theDuelist:RevendreadSlayer","theDuelist:VendreadStriges","theDuelist:ArmoredZombie","theDuelist:UltraPolymerization+1","theDuelist:GemArmadillo+1","theDuelist:EarthEffigy+1"],"relics":["theDuelist:MillenniumPuzzle","theDuelist:CardPoolRelic","theDuelist:CardPoolBasicRelic","theDuelist:BoosterPackPoolRelic","theDuelist:CardPoolAddRelic","theDuelist:CardPoolMinusRelic","theDuelist:CardPoolSaveRelic","theDuelist:CardPoolOptionsRelic","Red Skull","Shovel","StrikeDummy","Potion Belt","Strawberry","theDuelist:BlessingAnubis","Toxic Egg 2","Fusion Hammer","Juzu Bracelet","Anchor","theDuelist:GamblerChip","Tingsha"],"acts_visited":["Exordium","TheCity","TheBeyond"],"potions_floor_usage":[],"damage_taken":[{"damage":2.0,"enemies":"Small Slimes","floor":1.0,"turns":3.0},{"damage":0.0,"enemies":"Cultist","floor":3.0,"turns":3.0},{"damage":0.0,"enemies":"Gremlin Nob","floor":6.0,"turns":3.0},{"damage":8.0,"enemies":"Lagavulin","floor":8.0,"turns":5.0},{"damage":0.0,"enemies":"Jaw Worm","floor":11.0,"turns":2.0},{"damage":6.0,"enemies":"Red Slaver","floor":12.0,"turns":2.0},{"damage":8.0,"enemies":"Gremlin Nob","floor":13.0,"turns":4.0},{"damage":0.0,"enemies":"Blue Slaver","floor":14.0,"turns":2.0},{"damage":0.0,"enemies":"The Guardian","floor":16.0,"turns":6.0},{"damage":0.0,"enemies":"3 Byrds","floor":18.0,"turns":4.0},{"damage":0.0,"enemies":"Spheric Guardian","floor":20.0,"turns":1.0},{"damage":6.0,"enemies":"3 Cultists","floor":21.0,"turns":4.0},{"damage":39.0,"enemies":"Cultist and Chosen","floor":22.0,"turns":6.0},{"damage":0.0,"enemies":"theDuelist:KaibaA2","floor":24.0,"turns":4.0},{"damage":23.0,"enemies":"Chosen and Byrds","floor":25.0,"turns":7.0},{"damage":25.0,"enemies":"Shelled Parasite and Fungi","floor":29.0,"turns":4.0},{"damage":0.0,"enemies":"Automaton","floor":33.0,"turns":6.0},{"damage":8.0,"enemies":"Orb Walker","floor":35.0,"turns":3.0},{"damage":0.0,"enemies":"Mind Bloom Boss Battle","floor":37.0,"turns":3.0},{"damage":11.0,"enemies":"3 Darklings","floor":38.0,"turns":4.0},{"damage":11.0,"enemies":"Sphere and 2 Shapes","floor":39.0,"turns":3.0},{"damage":0,"enemies":"Giant Head","floor":40,"turns":1}],"seed_played":"6086342831725489121","potions_obtained":[{"floor":1.0,"key":"theDuelist:BottledKuriboh"},{"floor":6.0,"key":"SteroidPotion"},{"floor":12.0,"key":"DistilledChaos"},{"floor":14.0,"key":"theDuelist:TokenPotionB"},{"floor":20.0,"key":"theDuelist:TokenPotionB"},{"floor":22.0,"key":"theDuelist:SealedPackD"},{"floor":24.0,"key":"theDuelist:SealedPackC"},{"floor":29.0,"key":"BloodPotion"},{"floor":33.0,"key":"theDuelist:VoidBottle"}],"is_trial":false,"path_per_floor":["M","?","M","?","$","E","R","E","T","R","M","M","E","M","R","B",null,"M","$","M","M","M","R","E","M","T","?","$","M","R","?","R","B",null,"M","$","?","M","M","E"],"character_chosen":"THE_DUELIST","items_purchased":["theDuelist:Polymerization","theDuelist:GhostrickNight+1","theDuelist:DimensionFusion"],"campfire_rested":4,"item_purchase_floors":[5,19,28],"current_hp_per_floor":[61,61,61,61,61,61,61,53,60,60,60,54,46,46,69,69,75,75,75,75,69,30,53,53,30,30,30,30,5,28,28,66,66,74,66,66,66,55,44,44,44],"gold":245,"neow_bonus":"THREE_CARDS","is_daily":false,"chose_seed":false,"campfire_upgraded":0,"win_rate":0.0,"timestamp":1608171761,"path_taken":["M","?","M","?","$","E","R","E","T","R","?","M","E","M","R","BOSS","M","?","?","M","M","R","E","M","T","?","$","M","R","?","R","BOSS","M","$","?","M","M","E"],"items_purchased_type":["Card","Card","Card"],"build_version":"2020-12-13","purchased_purges":3,"victory":false,"max_hp_per_floor":[70,70,70,70,70,70,70,70,77,77,77,77,77,77,77,77,77,77,77,77,77,77,77,77,77,77,77,77,77,77,77,77,77,77,77,77,77,77,77,77,77],"card_choices":[{"not_picked":["theDuelist:SkullServant","theDuelist:UmbralHorrorUniform"],"picked":"theDuelist:NecroworldBanshee","floor":0.0},{"not_picked":["theDuelist:GiantOrc","theDuelist:SummonedSkull","theDuelist:GhostrickWarwolf","theDuelist:FireReaper"],"picked":"theDuelist:RevendreadSlayer","floor":1.0},{"not_picked":["theDuelist:VendreadCore","theDuelist:GhostrickMummy","theDuelist:Polymerization","theDuelist:Chewbone"],"picked":"theDuelist:GhostBelle","floor":3.0},{"not_picked":["theDuelist:BerserkerCrush+1","theDuelist:DarkFusion+1","theDuelist:DimensionBurial+1","theDuelist:Wiretap"],"picked":"theDuelist:OneForOne+1","floor":6.0},{"not_picked":["theDuelist:VendreadReunion","theDuelist:BookMoon","theDuelist:AntiFusionDevice","theDuelist:VampireDomain"],"picked":"theDuelist:OboroGuruma","floor":8.0},{"not_picked":["theDuelist:VampireGrimson","theDuelist:VendreadChimera","theDuelist:GhostrickStein","theDuelist:GhostrickGhoul"],"picked":"theDuelist:VendreadStriges","floor":11.0},{"not_picked":["theDuelist:VendreadRevolution","theDuelist:GhostrickSpecter","theDuelist:GhostrickAlucard","theDuelist:FiendishChain"],"picked":"theDuelist:MechMoleZombie","floor":12.0},{"not_picked":["theDuelist:ArchfiendCommander","theDuelist:DarkMasterZorc"],"picked":"theDuelist:UltraPolymerization+1","floor":13.0},{"not_picked":["theDuelist:VampireFamiliar","theDuelist:Kasha","theDuelist:AmbitiousGofer+1","theDuelist:PortraitSecret+1","theDuelist:WanderingKing"],"picked":"SKIP","floor":14.0},{"not_picked":["theDuelist:PutridPudding+1","theDuelist:FabledGallabas","theDuelist:VendreadStriges","theDuelist:FusionGuard+1"],"picked":"theDuelist:OverpoweringEye","floor":16.0},{"not_picked":["theDuelist:FabledGallabas+1","theDuelist:MayakashiWinter"],"picked":"theDuelist:MonsterReborn+1","floor":18.0},{"not_picked":["theDuelist:VendreadRevolution+1","theDuelist:VampireAwakening+1","theDuelist:Mispolymerization+1","theDuelist:RobbinZombie+1"],"picked":"theDuelist:GhostrickNight+1","floor":20.0},{"not_picked":["theDuelist:BerserkerCrush+1","theDuelist:DarkFusion+1","theDuelist:DimensionBurial+1","theDuelist:Wiretap+1","theDuelist:OneForOne+1"],"picked":"SKIP","floor":21.0},{"not_picked":["theDuelist:ZombiePowerStruggle","theDuelist:VampireDomain","theDuelist:OniGamiCombo","theDuelist:Mausoleum"],"picked":"theDuelist:CardSafeReturn","floor":22.0},{"not_picked":["theDuelist:Chopman","theDuelist:NightmareHorse","theDuelist:Wightprince","theDuelist:DarkCubicLord+1"],"picked":"theDuelist:MonsterReborn+1","floor":24.0},{"not_picked":["theDuelist:DarkEnergy","theDuelist:VampireFraulein+1","theDuelist:UmbralHorrorGhoul","theDuelist:GrossGhost+1"],"picked":"theDuelist:Wightmare+1","floor":25.0},{"not_picked":["theDuelist:RainbowOverdragon","theDuelist:Wiretap+1","theDuelist:FortressWarrior","theDuelist:WingedKuribohLv9+1"],"picked":"theDuelist:ScrapFactory+1","floor":29.0},{"not_picked":["theDuelist:FeatherShot","theDuelist:ArchfiendCommander","theDuelist:YukiOnnaAbsolute+1","theDuelist:VampireGrace"],"picked":"theDuelist:UltraPolymerization+1","floor":33.0},{"not_picked":["theDuelist:BottomlessTrapHole","theDuelist:VendreadReorigin+1","theDuelist:VampireAwakening+1","theDuelist:Mispolymerization+1","theDuelist:AntiFusionDevice+1"],"picked":"SKIP","floor":35.0},{"not_picked":["theDuelist:Lajinn","theDuelist:VendreadCore","theDuelist:Polymerization+1","theDuelist:IlBlud+1"],"picked":"theDuelist:CallMummy+1","floor":37.0},{"not_picked":["theDuelist:RainbowOverdragon","theDuelist:RainbowBridge+1","theDuelist:PreventRat+1","theDuelist:Mausoleum"],"picked":"theDuelist:GemArmadillo+1","floor":38.0},{"not_picked":["theDuelist:LabyrinthWall+1","theDuelist:GolemSentry+1","theDuelist:GemElephant+1","theDuelist:GemArmadillo+1"],"picked":"theDuelist:EarthEffigy+1","floor":39.0}],"player_experience":264528,"relics_obtained":[{"floor":6.0,"key":"Shovel"},{"floor":7.0,"key":"StrikeDummy"},{"floor":8.0,"key":"Potion Belt"},{"floor":9.0,"key":"Strawberry"},{"floor":10.0,"key":"theDuelist:BlessingAnubis"},{"floor":13.0,"key":"Toxic Egg 2"},{"floor":24.0,"key":"Juzu Bracelet"},{"floor":26.0,"key":"Anchor"},{"floor":37.0,"key":"Tingsha"}],"event_choices":[{"damage_healed":0.0,"max_hp_gain":0.0,"max_hp_loss":0.0,"gold_gain":0.0,"event_name":"Big Fish","player_choice":"Box","floor":2.0,"gold_loss":0.0,"damage_taken":0.0,"relics_obtained":["Red Skull"],"cards_obtained":["Regret"]},{"damage_healed":0.0,"max_hp_gain":0.0,"max_hp_loss":0.0,"gold_gain":0.0,"event_name":"Card Trader","player_choice":"Leave","duelist":true,"floor":4.0,"gold_loss":0.0,"damage_taken":0.0},{"damage_healed":0.0,"max_hp_gain":0.0,"max_hp_loss":0.0,"gold_gain":0.0,"event_name":"Visit from Anubis","player_choice":"Leave","duelist":true,"floor":27.0,"gold_loss":0.0,"damage_taken":0.0},{"damage_healed":0.0,"max_hp_gain":0.0,"max_hp_loss":0.0,"gold_gain":0.0,"event_name":"Egyptian Village","player_choice":"Leave","duelist":true,"floor":31.0,"gold_loss":0.0,"damage_taken":0.0},{"damage_healed":0.0,"max_hp_gain":0.0,"max_hp_loss":0.0,"gold_gain":0.0,"event_name":"MindBloom","player_choice":"Fight","floor":37.0,"gold_loss":0.0,"damage_taken":0.0}],"is_beta":false,"boss_relics":[{"not_picked":["Runic Pyramid","HoveringKite"],"picked":"Fusion Hammer"},{"not_picked":["Inserter","Tiny House"],"picked":"theDuelist:GamblerChip"}],"items_purged_floors":[5,19,28],"is_endless":false,"potions_floor_spawned":[1,6,12,14,20,22,24,29,33],"killed_by":"Giant Head","ascension_level":20}}