{"host":"4a0j9lay3ec96yoz","time":1608222727,"event":{"mods":["BaseMod","Marisa????????","Minty Spire (QoL Compilation)","Shop Mod","StSLib","The Cursed","The Necromancer","The Runesmith","The Servant 0.9.4"],"gold_per_floor":[115,133,151,8,8,8,0,17,43,56,56,66,89,17,17,17,17],"floor_reached":16,"playtime":1223,"items_purged":[],"score":92,"play_id":"90180166-01a8-4c62-8db9-ec999d6eef5d","local_time":"20201217113207","is_ascension_mode":false,"campfire_choices":[{"data":"TheCursedMod:Wield","floor":6,"key":"SMITH"},{"floor":11,"key":"REST"},{"floor":15,"key":"REST"}],"circlet_count":0,"master_deck":["TheCursedMod:Strike_TheCursed","TheCursedMod:Strike_TheCursed","TheCursedMod:Strike_TheCursed+1","TheCursedMod:Strike_TheCursed","TheCursedMod:Defend_TheCursed","TheCursedMod:Defend_TheCursed","TheCursedMod:Defend_TheCursed","TheCursedMod:Defend_TheCursed+1","TheCursedMod:CursedWand","TheCursedMod:CleanUpWorkshop","TheCursedMod:Dregs","TheCursedMod:Torture","TheCursedMod:Wield+1","TheCursedMod:Mangle","TheCursedMod:CircleOfCorruption","TheCursedMod:WearCloak","TheCursedMod:CircleOfAmplification","TheCursedMod:VitalStrike","TheCursedMod:CircleOfBlood","TheCursedMod:CursedMace"],"relics":["TheCursedMod:BlackMagic101","NeowsBlessing","MerchantsRug","Vajra","Odd Mushroom"],"acts_visited":["Exordium"],"potions_floor_usage":[13,16],"damage_taken":[{"damage":0,"enemies":"Small Slimes","floor":1,"turns":1},{"damage":2,"enemies":"2 Louse","floor":2,"turns":1},{"damage":0,"enemies":"Jaw Worm","floor":3,"turns":1},{"damage":8,"enemies":"2 Fungi Beasts","floor":8,"turns":4},{"damage":6,"enemies":"Large Slime","floor":10,"turns":6},{"damage":8,"enemies":"Red Slaver","floor":12,"turns":2},{"damage":7,"enemies":"The Mushroom Lair","floor":13,"turns":5},{"damage":76,"enemies":"Hexaghost","floor":16,"turns":11}],"seed_played":"-869025804274895841","potions_obtained":[{"floor":8,"key":"EssenceOfSteel"},{"floor":10,"key":"Weak Potion"},{"floor":13,"key":"SkillPotion"}],"is_trial":false,"path_per_floor":["M","M","M","$","?","R","?","M","T","M","R","M","?","$","R","B"],"character_chosen":"THE_CURSED","items_purchased":["MerchantsRug","TheCursedMod:CircleOfBlood","TheCursedMod:CursedMace"],"campfire_rested":2,"item_purchase_floors":[4,14,14],"current_hp_per_floor":[75,73,73,73,58,58,58,50,50,44,66,58,51,51,73,0,0],"gold":17,"neow_bonus":"THREE_ENEMY_KILL","is_daily":false,"chose_seed":false,"campfire_upgraded":1,"win_rate":0.0,"timestamp":1608222727,"path_taken":["M","M","M","$","?","R","?","M","T","?","R","M","?","$","R","BOSS"],"items_purchased_type":["Relic","Card","Card"],"build_version":"2020-12-13","purchased_purges":0,"victory":false,"max_hp_per_floor":[75,75,75,75,75,75,75,75,75,75,75,75,75,75,75,75,75],"card_choices":[{"not_picked":["TheCursedMod:TacticalStrike","TheCursedMod:SpitefulPlan"],"picked":"TheCursedMod:Torture","floor":1},{"not_picked":["TheCursedMod:HellsGateOpen","TheCursedMod:SmokeScreen"],"picked":"TheCursedMod:Wield","floor":2},{"not_picked":["TheCursedMod:RavingStaff","TheCursedMod:CircleOfBlood"],"picked":"TheCursedMod:Mangle","floor":3},{"not_picked":["TheCursedMod:SpreadPlague","TheCursedMod:CursedShiv"],"picked":"TheCursedMod:CircleOfCorruption","floor":8},{"not_picked":["TheCursedMod:Grudge","TheCursedMod:TroublousMinions"],"picked":"TheCursedMod:WearCloak","floor":10},{"not_picked":["TheCursedMod:Obscuration","TheCursedMod:WearCloak"],"picked":"TheCursedMod:CircleOfAmplification","floor":12},{"not_picked":["TheCursedMod:Hemoplague","TheCursedMod:ReleasedStrength"],"picked":"TheCursedMod:VitalStrike","floor":13}],"player_experience":3763,"relics_obtained":[{"floor":9,"key":"Vajra"},{"floor":13,"key":"Odd Mushroom"}],"event_choices":[{"damage_healed":0,"gold_gain":0,"player_choice":"Entered Light","damage_taken":15,"max_hp_gain":0,"max_hp_loss":0,"event_name":"Shining Light","floor":5,"gold_loss":0,"cards_upgraded":["TheCursedMod:Strike_TheCursed","TheCursedMod:Defend_TheCursed"]},{"damage_healed":0,"gold_gain":0,"player_choice":"Left Gold","damage_taken":0,"max_hp_gain":0,"max_hp_loss":0,"event_name":"World of Goop","floor":7,"gold_loss":8},{"damage_healed":0,"gold_gain":0,"player_choice":"Fought Mushrooms","damage_taken":0,"max_hp_gain":0,"max_hp_loss":0,"event_name":"Mushrooms","floor":13,"gold_loss":0}],"is_beta":false,"boss_relics":[],"items_purged_floors":[],"is_endless":false,"potions_floor_spawned":[8,10,13],"killed_by":"Hexaghost","ascension_level":0}}