{"host":"aukiz5jlacd3g5yc","time":1608176020,"event":{"mods":["2.2 Compatiblity","BaseMod","Bestiary","Colored Map","Colored Powertips","Downfall","GifTheSpireLib","Highlight Path","Hubris","Infinite Spire","Marisa????????","Minty Spire (QoL Compilation)","Permanent Neow","Quick Restart","Random Character Button","Rare Cards Sparkle","Relic Sorter","Relic Stats","Replay The Spire","StSLib","Unknown Chances","everything is the same but u backflip on backflip","slay the spire mod where everything is the same but ironclad has a cowboy hat"],"gold_per_floor":[99,128,140,140,140,140],"floor_reached":5,"playtime":378,"items_purged":[],"score":39,"play_id":"fcc3d2d2-9696-4a21-9656-2650d10802cc","local_time":"20201216213340","is_ascension_mode":true,"campfire_choices":[{"data":"champ:Taunt","floor":1,"key":"SMITH"}],"circlet_count":0,"master_deck":["champ:Strike","champ:Strike+1","champ:Strike+1","champ:Strike","champ:Defend","champ:Defend","champ:Defend","champ:Defend","champ:Execute","champ:Taunt+1","champ:SwordThrow","champ:BerserkerStyle"],"relics":["champ:ChampionCrown","Simple Rune"],"acts_visited":["Exordium"],"potions_floor_usage":[],"damage_taken":[{"damage":71,"enemies":"Gremlin Nob","floor":2,"turns":6},{"damage":1,"enemies":"2 Louse","floor":3,"turns":2},{"damage":19,"enemies":"3 Sentries","floor":5,"turns":4}],"seed_played":"1095422899436196341","potions_obtained":[{"floor":3,"key":"DuplicationPotion"}],"is_trial":false,"path_per_floor":["R","E","M","?","E"],"character_chosen":"THE_CHAMP","items_purchased":[],"campfire_rested":0,"item_purchase_floors":[],"current_hp_per_floor":[81,20,19,14,0,0],"gold":140,"neow_bonus":"THREE_RARE_CARDS","is_daily":false,"chose_seed":false,"campfire_upgraded":1,"win_rate":0.0,"timestamp":1608176020,"path_taken":["R","E","M","?","E"],"items_purchased_type":[],"build_version":"2020-12-13","purchased_purges":0,"victory":false,"max_hp_per_floor":[81,81,81,81,81,81],"relic_stats":{"counters":[3,12],"obtain_stats":[{"champ:ChampionCrown":0,"Simple Rune":2},{"champ:ChampionCrown":0,"Simple Rune":1},{"champ:ChampionCrown":0,"Simple Rune":6}]},"card_choices":[{"not_picked":["champ:HeavySlash","champ:DancingMaster"],"picked":"champ:SwordThrow","floor":0},{"not_picked":["champ:Control","champ:BerserkersShout"],"picked":"champ:BerserkerStyle","floor":2},{"not_picked":["champ:FlashCut","champ:PreciseThrust","champ:BladeFlurry"],"picked":"SKIP","floor":3}],"player_experience":368386,"relics_obtained":[{"floor":2,"key":"Simple Rune"}],"event_choices":[],"is_beta":false,"boss_relics":[],"items_purged_floors":[],"is_endless":false,"potions_floor_spawned":[3],"killed_by":"3 Sentries","ascension_level":1}}