{"host":"1hv1kueuvc4r3rdp","time":1608216366,"event":{"mods":["AchievementEnabler","BaseMod","DeckTracker","Highlight Path","Minty Spire (QoL Compilation)","Permanent Neow","StSLib"],"gold_per_floor":[112,112,112,130,147,147,175,189,189,189,203,215,244,256,256,353,353,363,60,74,74,90,90,106,106,106],"floor_reached":25,"playtime":1263,"items_purged":[],"score":374,"play_id":"8365e11b-c0c1-456f-ba27-25ef2ddc0789","local_time":"20201217084606","is_ascension_mode":true,"campfire_choices":[{"data":"Dash","floor":6,"key":"SMITH"},{"data":"Glass Knife","floor":10,"key":"SMITH"},{"data":"Blur","floor":15,"key":"SMITH"},{"floor":23,"key":"REST"}],"circlet_count":0,"master_deck":["Strike_G","Strike_G","Strike_G","Defend_G","Defend_G","Defend_G","Survivor","Neutralize","Flying Knee","Blur+1","Glass Knife+1","Dash+1","Footwork","All Out Attack","Footwork","Caltrops","Malaise","Glass Knife+1","Caltrops+1","After Image+1","After Image+1","Infinite Blades+1","Blade Dance"],"relics":["Ring of the Snake","Sundial","Blue Candle","Mercury Hourglass","Tiny Chest","Astrolabe","DollysMirror","Pen Nib"],"acts_visited":["Exordium","TheCity"],"potions_floor_usage":[7,11,16,16],"damage_taken":[{"damage":1,"enemies":"Cultist","floor":1,"turns":5},{"damage":0,"enemies":"2 Louse","floor":4,"turns":3},{"damage":1,"enemies":"Jaw Worm","floor":5,"turns":4},{"damage":5,"enemies":"3 Sentries","floor":7,"turns":8},{"damage":0,"enemies":"Blue Slaver","floor":8,"turns":4},{"damage":0,"enemies":"Lots of Slimes","floor":11,"turns":1},{"damage":0,"enemies":"2 Fungi Beasts","floor":12,"turns":2},{"damage":12,"enemies":"Gremlin Nob","floor":13,"turns":4},{"damage":2,"enemies":"Blue Slaver","floor":14,"turns":3},{"damage":0,"enemies":"Slime Boss","floor":16,"turns":6},{"damage":9,"enemies":"3 Byrds","floor":18,"turns":4},{"damage":0,"enemies":"Chosen","floor":20,"turns":5},{"damage":21,"enemies":"Centurion and Healer","floor":22,"turns":7},{"damage":30,"enemies":"3 Cultists","floor":24,"turns":6},{"damage":23,"enemies":"Slavers","floor":25,"turns":1}],"seed_played":"5304293742242242295","potions_obtained":[{"floor":0,"key":"Block Potion"},{"floor":0,"key":"Strength Potion"},{"floor":0,"key":"Fire Potion"},{"floor":4,"key":"DuplicationPotion"},{"floor":7,"key":"ColorlessPotion"},{"floor":8,"key":"Explosive Potion"},{"floor":11,"key":"FearPotion"},{"floor":16,"key":"Swift Potion"},{"floor":20,"key":"Strength Potion"}],"is_trial":false,"path_per_floor":["M","?","?","M","M","R","E","M","T","R","M","M","E","M","R","B",null,"M","$","M","?","M","R","M","E"],"character_chosen":"THE_SILENT","items_purchased":["DollysMirror","Pen Nib"],"campfire_rested":1,"item_purchase_floors":[19,19],"current_hp_per_floor":[62,44,44,44,43,43,38,38,38,38,38,38,26,24,24,24,59,50,50,50,50,29,50,20,0,0],"gold":106,"neow_bonus":"THREE_SMALL_POTIONS","is_daily":false,"chose_seed":false,"campfire_upgraded":3,"win_rate":0.0,"timestamp":1608216366,"path_taken":["M","?","?","M","M","R","E","M","T","R","?","?","E","M","R","BOSS","M","$","M","?","M","R","M","E"],"items_purchased_type":["Relic","Relic"],"build_version":"2020-12-13","purchased_purges":0,"victory":false,"max_hp_per_floor":[70,70,70,70,70,70,70,70,70,70,70,70,70,70,70,70,70,70,70,70,70,70,70,70,70,70],"card_choices":[{"not_picked":["Quick Slash","Accuracy"],"picked":"Flying Knee","floor":1},{"not_picked":["Escape Plan","PiercingWail"],"picked":"Glass Knife","floor":4},{"not_picked":["Predator","Dagger Spray"],"picked":"Dash","floor":5},{"not_picked":["Deadly Poison","Blade Dance","Setup"],"picked":"SKIP","floor":7},{"not_picked":["Endless Agony","Deflect"],"picked":"Footwork","floor":8},{"not_picked":["Deflect","Flechettes","Quick Slash"],"picked":"SKIP","floor":11},{"not_picked":["Sucker Punch","Infinite Blades"],"picked":"All Out Attack","floor":12},{"not_picked":["Slice","Endless Agony"],"picked":"Footwork","floor":13},{"not_picked":["Footwork","Accuracy"],"picked":"Caltrops","floor":14},{"not_picked":["Storm of Steel","Night Terror"],"picked":"Malaise","floor":16},{"not_picked":["Predator","Blade Dance","Heel Hook+1"],"picked":"SKIP","floor":18},{"not_picked":["Predator","Blade Dance","Heel Hook+1"],"picked":"SKIP","floor":18},{"not_picked":["Backflip","Expertise+1","Underhanded Strike"],"picked":"SKIP","floor":20},{"not_picked":["Finisher+1","Riddle With Holes"],"picked":"Infinite Blades+1","floor":22},{"not_picked":["Prepared","Acrobatics"],"picked":"Blade Dance","floor":24}],"player_experience":1039663,"relics_obtained":[{"floor":7,"key":"Blue Candle"},{"floor":9,"key":"Mercury Hourglass"},{"floor":13,"key":"Tiny Chest"}],"event_choices":[{"damage_healed":0,"gold_gain":0,"player_choice":"Success","damage_taken":18,"relics_obtained":["Sundial"],"max_hp_gain":0,"max_hp_loss":0,"event_name":"Scrap Ooze","floor":2,"gold_loss":0},{"damage_healed":0,"gold_gain":0,"cards_transformed":["Defend_G"],"player_choice":"Transformed","damage_taken":0,"max_hp_gain":0,"max_hp_loss":0,"event_name":"Transmorgrifier","floor":3,"gold_loss":0,"cards_obtained":["Blur"]},{"damage_healed":0,"gold_gain":0,"player_choice":"Bought 0 Potions","damage_taken":0,"max_hp_gain":0,"max_hp_loss":0,"event_name":"The Woman in Blue","floor":21,"gold_loss":0}],"is_beta":false,"boss_relics":[{"not_picked":["Empty Cage","WristBlade"],"picked":"Astrolabe"}],"items_purged_floors":[],"is_endless":false,"potions_floor_spawned":[4,7,8,11,13,16,20,22],"killed_by":"Slavers","ascension_level":8}}