{"host":"126yiuos2nq86se7","time":1608190431,"event":{"mods":["AchievementEnabler","Act Like it!","BaseMod","Colored Map","Colored Powertips","Downfall","Friendly Minions","Highlight Path","Jorbs\u0027s Wanderer Trilogy","Minty Spire (QoL Compilation)","StSLib","SuperFastMode","The Animator","The Cursed","The Hierophant","The Senshi","The Servant 0.9.4"],"gold_per_floor":[112,112,125,125,50,50,74,97,124,24,48,48,48,82,82,82,82],"floor_reached":16,"playtime":711,"items_purged":["Strike_R","Strike_R"],"score":105,"play_id":"f4ab6053-64e6-4774-b642-da8b12bead74","local_time":"20201217183351","is_ascension_mode":true,"campfire_choices":[{"data":"Searing Blow","floor":6,"key":"SMITH"},{"floor":12,"key":"REST"},{"floor":15,"key":"REST"}],"circlet_count":0,"master_deck":["Defend_R","Defend_R","Defend_R+1","Defend_R","Bash","Metallicize","Searing Blow+1","Warcry","Armaments+1"],"relics":["Burning Blood","Golden Idol","Toy Ornithopter","Blood Vial"],"acts_visited":["Exordium"],"potions_floor_usage":[14],"damage_taken":[{"damage":9,"enemies":"2 Louse","floor":1,"turns":4},{"damage":10,"enemies":"Small Slimes","floor":3,"turns":5},{"damage":9,"enemies":"Cultist","floor":7,"turns":4},{"damage":14,"enemies":"2 Fungi Beasts","floor":8,"turns":5},{"damage":15,"enemies":"Exordium Wildlife","floor":11,"turns":6},{"damage":14,"enemies":"3 Sentries","floor":14,"turns":9},{"damage":59,"enemies":"Slime Boss","floor":16,"turns":10}],"seed_played":"-471289915534271838","potions_obtained":[{"floor":8,"key":"champ:CounterPotion"}],"is_trial":false,"path_per_floor":["M","?","M","?","$","R","M","M","T","$","M","R","?","E","R","B"],"character_chosen":"IRONCLAD","items_purchased":[],"campfire_rested":2,"item_purchase_floors":[],"current_hp_per_floor":[69,51,47,47,47,47,44,36,36,36,27,48,34,31,52,0,0],"gold":82,"neow_bonus":"REMOVE_TWO","is_daily":false,"chose_seed":false,"campfire_upgraded":1,"win_rate":0.0,"timestamp":1608190431,"path_taken":["M","?","M","?","$","R","?","M","T","$","M","R","?","E","R","BOSS"],"items_purchased_type":[],"build_version":"2020-12-13","purchased_purges":2,"victory":false,"max_hp_per_floor":[72,72,72,72,72,72,72,72,72,72,72,72,72,72,72,72,72],"card_choices":[{"not_picked":["Thunderclap","Wild Strike"],"picked":"Metallicize","floor":1},{"not_picked":["Body Slam","Havoc","Perfected Strike"],"picked":"SKIP","floor":3},{"not_picked":["Heavy Blade","Rampage"],"picked":"Warcry","floor":7},{"not_picked":["Flex","Offering"],"picked":"Armaments","floor":8},{"not_picked":["Flex","Perfected Strike","Clash"],"picked":"SKIP","floor":11},{"not_picked":["Bloodletting","Cleave","Thunderclap"],"picked":"SKIP","floor":14}],"player_experience":1709264,"relics_obtained":[{"floor":9,"key":"Toy Ornithopter"},{"floor":14,"key":"Blood Vial"}],"event_choices":[{"damage_healed":0,"gold_gain":0,"player_choice":"Take Damage","damage_taken":18,"relics_obtained":["Golden Idol"],"max_hp_gain":0,"max_hp_loss":0,"event_name":"Golden Idol","floor":2,"gold_loss":0},{"damage_healed":0,"gold_gain":0,"cards_transformed":["Strike_R"],"player_choice":"Transformed","damage_taken":0,"max_hp_gain":0,"max_hp_loss":0,"event_name":"Transmorgrifier","floor":4,"gold_loss":0,"cards_obtained":["Searing Blow"]},{"damage_healed":0,"gold_gain":0,"player_choice":"Entered Light","damage_taken":14,"max_hp_gain":0,"max_hp_loss":0,"event_name":"Shining Light","floor":13,"gold_loss":0,"cards_upgraded":["Armaments","Defend_R"]}],"is_beta":false,"boss_relics":[],"items_purged_floors":[5,10],"is_endless":false,"potions_floor_spawned":[8],"killed_by":"Slime Boss","ascension_level":1}}