{"host":"ok3pmhc1fiz31noj","time":1608165083,"event":{"mods":["AchievementEnabler","BaseMod","Colored Map","Colored Powertips","Minty Spire (QoL Compilation)","Quick Restart","Relic Stats","Replay The Spire","StSLib"],"gold_per_floor":[115,115,115,131,131,166,166,166,166,166,186,186,200,54,54,149,249,249,249],"floor_reached":18,"playtime":434,"items_purged":["Regret"],"score":183,"play_id":"1b8c6090-337d-46af-861f-9f75ded3aea9","local_time":"20201217083123","is_ascension_mode":false,"campfire_choices":[{"data":"Thunderclap","floor":8,"key":"SMITH"},{"data":"Bash","floor":10,"key":"SMITH"},{"data":"Thunderclap","floor":12,"key":"SMITH"},{"data":"Searing Blow","floor":15,"key":"SMITH"}],"circlet_count":0,"master_deck":["Strike_R","Strike_R","Strike_R","Strike_R","Defend_R","Defend_R","Defend_R","Bash+1","Dual Wield","Thunderclap+1","Headbutt","Thunderclap+1","Sever Soul","Searing Blow+1","Berserk"],"relics":["Burning Blood","NeowsBlessing","Champion Belt","Calipers","Chameleon Ring","Mirror","Replay:Wanted Poster"],"acts_visited":["Exordium","TheCity"],"potions_floor_usage":[16],"damage_taken":[{"damage":0,"enemies":"2 Louse","floor":1,"turns":1},{"damage":0,"enemies":"Jaw Worm","floor":4,"turns":1},{"damage":0,"enemies":"3 Sentries","floor":6,"turns":1},{"damage":9,"enemies":"Small Slimes","floor":11,"turns":4},{"damage":16,"enemies":"Blue Slaver","floor":13,"turns":3},{"damage":56,"enemies":"Slime Boss","floor":16,"turns":11},{"damage":0,"enemies":"Shell Parasite","floor":18,"turns":1}],"seed_played":"-6316488019756370943","potions_obtained":[{"floor":1,"key":"Regen Potion"},{"floor":6,"key":"Swift Potion"}],"is_trial":false,"path_per_floor":["M","?","T","M","?","E","?","R","T","R","M","R","M","$","R","B",null,"M"],"character_chosen":"IRONCLAD","items_purchased":["Searing Blow"],"campfire_rested":0,"item_purchase_floors":[14],"current_hp_per_floor":[80,80,80,80,73,79,79,79,79,79,76,76,66,66,66,41,80,80,80],"gold":249,"neow_bonus":"THREE_ENEMY_KILL","is_daily":false,"chose_seed":false,"campfire_upgraded":4,"win_rate":0.0,"timestamp":1608165083,"path_taken":["M","?","?","M","?","E","?","R","T","R","?","R","M","$","R","BOSS","M"],"items_purchased_type":["Card"],"build_version":"2020-12-13","purchased_purges":1,"victory":false,"max_hp_per_floor":[80,80,80,80,80,80,80,80,80,80,80,80,80,80,80,80,80,80,80],"relic_stats":{"counters":[7,22],"Champion Belt":[22],"obtain_stats":[{"Replay:Wanted Poster":17,"Calipers":6,"Chameleon Ring":7,"NeowsBlessing":0,"Champion Belt":3,"Mirror":9,"Burning Blood":0},{"Replay:Wanted Poster":6,"Calipers":3,"Chameleon Ring":3,"NeowsBlessing":0,"Champion Belt":1,"Mirror":3,"Burning Blood":0},{"Replay:Wanted Poster":21,"Calipers":3,"Chameleon Ring":3,"NeowsBlessing":0,"Champion Belt":1,"Mirror":3,"Burning Blood":0}],"Burning Blood":24},"card_choices":[{"not_picked":["ReplayTheSpireMod:Corrosion Curse","Armaments","Twin Strike"],"picked":"SKIP","floor":1},{"not_picked":["Iron Wave","True Grit"],"picked":"Thunderclap","floor":4},{"not_picked":["Sword Boomerang","Clothesline"],"picked":"Headbutt","floor":6},{"not_picked":["Pommel Strike","Anger"],"picked":"Thunderclap","floor":11},{"not_picked":["ReplayTheSpireMod:Muscle Training","Pommel Strike"],"picked":"Sever Soul","floor":13},{"not_picked":["Hemogenesis","Brutality"],"picked":"Berserk","floor":16}],"player_experience":130857,"relics_obtained":[{"floor":3,"key":"Champion Belt"},{"floor":6,"key":"Calipers"},{"floor":9,"key":"Mirror"}],"event_choices":[{"damage_healed":0,"gold_gain":0,"cards_transformed":["Strike_R"],"player_choice":"Change","damage_taken":0,"max_hp_gain":0,"max_hp_loss":0,"event_name":"Living Wall","floor":2,"gold_loss":0,"cards_obtained":["Dual Wield"]},{"cards_removed":["Defend_R"],"damage_healed":0,"gold_gain":0,"player_choice":"Card Removal","damage_taken":7,"max_hp_gain":0,"max_hp_loss":0,"event_name":"Golden Wing","floor":5,"gold_loss":0},{"damage_healed":0,"gold_gain":0,"player_choice":"Box","damage_taken":0,"relics_obtained":["Chameleon Ring"],"max_hp_gain":0,"max_hp_loss":0,"event_name":"Big Fish","floor":7,"gold_loss":0,"cards_obtained":["Regret"]}],"is_beta":false,"boss_relics":[{"not_picked":["Mark of Pain","ChewingGum"],"picked":"Replay:Wanted Poster"}],"items_purged_floors":[14],"is_endless":false,"potions_floor_spawned":[1,6],"killed_by":"Shell Parasite","ascension_level":0}}