{"host":"oihpulxxofncj7su","time":1608247439,"event":{"mods":["AchievementEnabler","BaseMod","Bestiary","BetterRewards","Colored Powertips","Downfall","Highlight Path","Minty Spire (QoL Compilation)","Quick Restart","Spicy Shops","StSLib"],"gold_per_floor":[99,99,99,24,24,43,68,68,68,103,115,133,208,208,227,328,328,328,328,328,328],"floor_reached":20,"playtime":2175,"items_purged":[],"score":168,"play_id":"d3f2f020-d8b5-44e4-a8de-8d7e0dc57b41","local_time":"20201217182359","is_ascension_mode":false,"campfire_choices":[{"floor":1,"key":"RECALL"},{"data":"Slimebound:Split","floor":4,"key":"SMITH"},{"data":"Slimebound:SpikyOuterGoop","floor":9,"key":"SMITH"},{"data":"Slimebound:Gluttony","floor":18,"key":"SMITH"}],"circlet_count":0,"master_deck":["Slimebound:Tackle","Slimebound:Defend_Slimebound","Slimebound:Defend_Slimebound","Slimebound:Defend_Slimebound","Slimebound:Split+1","Slimebound:CorrosiveSpit","Slimebound:ComboTackle","Slimebound:SpikyOuterGoop+1","Slimebound:PressTheAttack","Slimebound:ItLooksTasty","Slimebound:Gluttony+1","Slimebound:SplitLeeching","Slimebound:SpikyOuterGoop","Slimebound:SplitAcid","Slimebound:Overexert","Slimebound:PressTheAttack+1","Slimebound:SlimeTap+1","Slimebound:SplitAcid+1"],"relics":["Slimebound:AbsorbEndCombat","downfall:HeartsMalice","downfall:HeartBlessingRed","Tiny Chest","Ornamental Fan","Turnip","Astrolabe"],"acts_visited":["Exordium","TheCity"],"potions_floor_usage":[10,12,15,16,20],"damage_taken":[{"damage":0,"enemies":"2 Louse","floor":2,"turns":1},{"damage":0,"enemies":"Jaw Worm","floor":3,"turns":1},{"damage":0,"enemies":"downfall:FleeingMerchant","floor":5,"turns":1},{"damage":11,"enemies":"Cultist","floor":6,"turns":3},{"damage":35,"enemies":"3 Sentries","floor":10,"turns":6},{"damage":19,"enemies":"Red Slaver","floor":11,"turns":4},{"damage":13,"enemies":"Blue Slaver","floor":12,"turns":4},{"damage":18,"enemies":"Exordium Wildlife","floor":15,"turns":5},{"damage":37,"enemies":"downfall:Ironclad","floor":16,"turns":9},{"damage":21,"enemies":"Shell Parasite","floor":20,"turns":2}],"seed_played":"2152506245505149585","potions_obtained":[{"floor":6,"key":"LiquidBronze"},{"floor":11,"key":"Regen Potion"},{"floor":12,"key":"PowerPotion"},{"floor":15,"key":"AttackPotion"},{"floor":16,"key":"SteroidPotion"}],"is_trial":false,"path_per_floor":["R","M","M","R","$","M","T","?","R","E","M","M","?","T","M","B",null,"R","T","M"],"character_chosen":"SLIMEBOUND","items_purchased":[],"campfire_rested":0,"item_purchase_floors":[],"current_hp_per_floor":[60,60,60,60,60,60,60,60,60,39,32,45,45,45,45,42,60,60,60,39,39],"gold":328,"neow_bonus":"THREE_ENEMY_KILL","is_daily":false,"chose_seed":false,"campfire_upgraded":3,"win_rate":0.0,"timestamp":1608247439,"path_taken":["R","M","M","R","$","M","T","?","R","E","M","M","?","?","M","BOSS","R","?","?"],"items_purchased_type":[],"build_version":"2020-12-13","purchased_purges":0,"victory":false,"max_hp_per_floor":[60,60,60,60,60,60,60,60,60,60,60,60,60,60,60,60,60,60,60,60,60],"card_choices":[{"not_picked":["Slimebound:FinishingTackle","Slimebound:SlimeTap"],"picked":"Slimebound:ComboTackle","floor":2},{"not_picked":["Slimebound:SlimeSpikes","Slimebound:Repurpose"],"picked":"Slimebound:SpikyOuterGoop","floor":3},{"not_picked":["Slimebound:HauntingLick","Slimebound:ComboTackle"],"picked":"Slimebound:PressTheAttack","floor":5},{"not_picked":["Slimebound:LeechEnergy","Slimebound:SplitBruiser"],"picked":"Slimebound:ItLooksTasty","floor":6},{"not_picked":["Slimebound:WasteNot","Slimebound:GrowthPunch"],"picked":"Slimebound:Gluttony","floor":10},{"not_picked":["Slimebound:FinishingTackle","Slimebound:GrowthPunch"],"picked":"Slimebound:SplitLeeching","floor":11},{"not_picked":["Slimebound:ComboTackle","Slimebound:LevelUp"],"picked":"Slimebound:SpikyOuterGoop","floor":12},{"not_picked":["Slimebound:Chomp","Slimebound:BestDefense"],"picked":"Slimebound:SplitAcid","floor":15},{"not_picked":["Slimebound:DuplicatedForm","Slimebound:SlimeSlap"],"picked":"Slimebound:Overexert","floor":16}],"player_experience":396683,"relics_obtained":[{"floor":7,"key":"Tiny Chest"},{"floor":10,"key":"Ornamental Fan"},{"floor":14,"key":"Turnip"}],"event_choices":[],"is_beta":false,"boss_relics":[{"not_picked":["Ectoplasm","Busted Crown"],"picked":"Astrolabe"}],"items_purged_floors":[],"is_endless":false,"potions_floor_spawned":[6,11,12,15,16],"killed_by":"Shell Parasite","ascension_level":0}}