{"host":"Soul","time":1608224635,"event":{"mods":["Act Like it!","BaseMod","Lobotomy","Minty Spire (QoL Compilation)","StSLib"],"gold_per_floor":[114,10010,10010,9960,9979,9979,9996,10024,10076,10076,8998,8998,8099,8025,8025,8126,8126,8143,7386,7398,7415,7415,7415,7432,7466,7491,6817,6817,6851,6851,6875,6875,6975,6975,6988,6948,6967,6982,7001,7001,6101,6120,6120,6120,6137,5179,5401,5424,5424,5424],"floor_reached":51,"playtime":1661,"items_purged":["Strike_R","Defend_R","Defend_R","Strike_R","Bash","Finesse"],"score":788,"play_id":"b7e31168-da54-4a64-bc7f-330b21596108","local_time":"20201218010355","is_ascension_mode":false,"campfire_choices":[{"data":"Whirlwind","floor":6,"key":"SMITH"},{"data":"Rupture","floor":10,"key":"SMITH"},{"data":"Double Tap","floor":15,"key":"SMITH"},{"data":"Exhume","floor":23,"key":"SMITH"},{"data":"Burning Pact","floor":30,"key":"SMITH"},{"data":"Flex","floor":32,"key":"SMITH"},{"data":"Flex","floor":40,"key":"SMITH"},{"data":"Cleave","floor":44,"key":"SMITH"},{"data":"Combust","floor":49,"key":"SMITH"}],"circlet_count":0,"master_deck":["Strike_R","Strike_R","Defend_R","Whirlwind+1","CrumblingArmor","Rupture+1","Cleave+1","HereticApostle","Violence","Flex+1","Finesse","Master of Strategy","Double Tap+1","Burning Pact+1","Feed","GreedKing","WhiteNight","Exhume+1","Pommel Strike+1","Feed+1","Sword Boomerang+1","Flex+1","LaLuna","BlueStar","Pummel+1","Thunderclap+1","RedShoes","FieryBird","CENSORED","BigBird","Combust+1"],"relics":["Burning Blood","CogitoBucket","RabbitCall","InkBottle","Toy Ornithopter","Nunchaku","Singing Bowl","Lee\u0027s Waffle","Omamori","Pantograph","Centennial Puzzle","Happy Flower","Calling Bell","Anchor","Molten Egg 2","Torii","AspirationHeart","Lantern","Bronze Scales","Orrery","Mercury Hourglass","Tiny Chest","Blood Vial","Brimstone","Pen Nib","Red Mask","MealTicket","Mark of Pain","SkinProphecy","White Beast Statue","Gremlin Horn","HandDrill","Shuriken","AtMidnight","FleshIdol","Sundial","OrangePellets","Potion Belt","Bag of Marbles"],"acts_visited":["Exordium","TheCity","TheBeyond"],"potions_floor_usage":[8,21,50,51,51],"damage_taken":[{"damage":13,"enemies":"Jaw Worm","floor":1,"turns":3},{"damage":0,"enemies":"Small Slimes","floor":2,"turns":3},{"damage":5,"enemies":"2 Louse","floor":5,"turns":2},{"damage":13,"enemies":"Large Slime","floor":7,"turns":4},{"damage":35,"enemies":"3 Sentries","floor":8,"turns":5},{"damage":21,"enemies":"Slime Boss","floor":16,"turns":3},{"damage":18,"enemies":"2 Thieves","floor":18,"turns":3},{"damage":16,"enemies":"3 Byrds","floor":20,"turns":3},{"damage":91,"enemies":"Centurion and Healer","floor":21,"turns":6},{"damage":7,"enemies":"Snake Plant","floor":24,"turns":2},{"damage":70,"enemies":"Slavers","floor":25,"turns":4},{"damage":0,"enemies":"Masked Bandits","floor":29,"turns":2},{"damage":24,"enemies":"Automaton","floor":33,"turns":3},{"damage":49,"enemies":"3 Darklings","floor":35,"turns":3},{"damage":0,"enemies":"3 Shapes","floor":37,"turns":1},{"damage":28,"enemies":"Spire Growth","floor":38,"turns":3},{"damage":55,"enemies":"Transient","floor":39,"turns":5},{"damage":0,"enemies":"4 Shapes","floor":42,"turns":1},{"damage":0,"enemies":"Jaw Worm Horde","floor":45,"turns":2},{"damage":206,"enemies":"Donu and Deca","floor":50,"turns":6},{"damage":103,"enemies":"Malkuth","floor":51,"turns":6}],"seed_played":"-6531780277689085857","potions_obtained":[{"floor":7,"key":"Regen Potion"},{"floor":24,"key":"Weak Potion"}],"is_trial":false,"path_per_floor":["M","M","?","?","M","R","M","E","T","R","$","?","$","?","R","B",null,"M","$","M","M","?","R","M","E","T","$","?","?","R","T","R","B",null,"M","?","M","M","M","R","$","M","T","R","M","$","?","T","R","B",null],"character_chosen":"IRONCLAD","items_purchased":["Singing Bowl","Lee\u0027s Waffle","Omamori","Violence","Flex","BloodPotion","Ancient Potion","SkillPotion","Finesse","Pantograph","Centennial Puzzle","Master of Strategy","Double Tap","Burning Pact","Lantern","Bronze Scales","Exhume","Pommel Strike+1","Orrery","Blood Vial","Brimstone","Pen Nib","Pummel+1","White Beast Statue","Gremlin Horn","HandDrill","Finesse","Sundial","OrangePellets","Potion Belt","BlessingOfTheForge","Regen Potion","Combust"],"campfire_rested":0,"item_purchase_floors":[11,11,11,11,11,11,11,11,11,13,13,13,13,13,19,19,19,19,19,27,27,27,27,41,41,41,41,46,46,46,46,46,46],"current_hp_per_floor":[73,79,72,72,73,73,66,51,51,51,87,87,87,87,87,72,87,80,80,108,52,52,52,83,86,86,86,86,116,116,116,116,138,138,110,110,121,125,130,130,130,143,143,143,165,165,165,165,165,61],"gold":5424,"neow_bonus":"","is_daily":false,"chose_seed":false,"campfire_upgraded":9,"win_rate":0.0,"timestamp":1608224635,"path_taken":["M","M","?","?","M","R","M","E","T","R","$","?","$","?","R","BOSS","M","$","M","M","?","R","M","E","T","?","?","?","R","?","R","BOSS","M","?","M","M","M","R","$","M","T","R","?","$","?","?","R","BOSS"],"items_purchased_type":["Relic","Relic","Relic","Card","Card","Potion","Potion","Potion","Card","Relic","Relic","Card","Card","Card","Card","Relic","Card","Card","Relic","Relic","Relic","Relic","Card","Relic","Relic","Relic","Card","Relic","Relic","Relic","Potion","Potion","Card"],"build_version":"2020-12-07","purchased_purges":6,"victory":true,"max_hp_per_floor":[80,80,80,80,80,80,80,80,80,80,87,87,87,87,87,87,87,102,106,114,116,116,116,122,128,128,128,128,136,136,136,136,142,142,144,144,152,156,158,158,158,167,167,167,180,180,180,180,180,184],"card_choices":[{"not_picked":["Blood for Blood","Clothesline"],"picked":"Whirlwind","floor":1},{"not_picked":["LittlePrince","Wellcheers"],"picked":"CrumblingArmor","floor":1},{"not_picked":["Wild Strike","Reckless Charge"],"picked":"Rupture","floor":2},{"not_picked":["WallGazer","FairyFestival","QueenOfHatred"],"picked":"Singing Bowl","floor":2},{"not_picked":["Pommel Strike","Wild Strike"],"picked":"Cleave","floor":5},{"not_picked":["GalaxyChild","Scorched","DespairKnight"],"picked":"Singing Bowl","floor":5},{"not_picked":["Wellcheers","WallGazer"],"picked":"FieryBird","floor":7},{"not_picked":["Havoc","Juggernaut","Heavy Blade"],"picked":"SKIP","floor":7},{"not_picked":["ShyLook","BeautyBeast","UniverseFragment"],"picked":"Singing Bowl","floor":8},{"not_picked":["Whirlwind","Heavy Blade","Clash"],"picked":"SKIP","floor":8},{"not_picked":["Berserk","Bludgeon"],"picked":"Feed","floor":16},{"not_picked":["DespairKnight","MHz"],"picked":"GreedKing","floor":16},{"not_picked":["Armaments","Reckless Charge+1","Intimidate"],"picked":"Singing Bowl","floor":18},{"not_picked":["ShyLook","Scorched","QueenOfHatred"],"picked":"Singing Bowl","floor":18},{"not_picked":["FairyFestival","OSAHOGD"],"picked":"WhiteNight","floor":18},{"not_picked":["True Grit","Cleave+1"],"picked":"Feed+1","floor":19},{"not_picked":["Body Slam+1","Armaments","Iron Wave+1"],"picked":"Singing Bowl","floor":19},{"not_picked":["Anger+1","Sever Soul+1"],"picked":"Sword Boomerang+1","floor":19},{"not_picked":["Fire Breathing","Blood for Blood+1"],"picked":"Flex","floor":19},{"not_picked":["Iron Wave+1","Wild Strike+1","Power Through"],"picked":"Singing Bowl","floor":19},{"not_picked":["Second Wind+1","Twin Strike+1","Anger+1"],"picked":"Singing Bowl","floor":20},{"not_picked":["LongBird","Bloodbath"],"picked":"LaLuna","floor":20},{"not_picked":["Blood for Blood+1","Pommel Strike+1","Corruption"],"picked":"Singing Bowl","floor":21},{"not_picked":["DespairKnight","UniverseFragment","Yin"],"picked":"Singing Bowl","floor":21},{"not_picked":["Clothesline+1","Wild Strike+1","Perfected Strike+1"],"picked":"Singing Bowl","floor":24},{"not_picked":["Scorched","ShyLook","WallGazer"],"picked":"Singing Bowl","floor":24},{"not_picked":["Bloodletting","Ghostly Armor","Twin Strike+1"],"picked":"Singing Bowl","floor":25},{"not_picked":["WallGazer","SpiderBud"],"picked":"BlueStar","floor":25},{"not_picked":["True Grit","Flame Barrier+1"],"picked":"Thunderclap+1","floor":29},{"not_picked":["MHz","DreamingCurrent","CherryBlossoms"],"picked":"Singing Bowl","floor":29},{"not_picked":["OSAHOGD","LittleHelper"],"picked":"RedShoes","floor":29},{"not_picked":["Barricade","Feed+1","Exhume"],"picked":"Singing Bowl","floor":33},{"not_picked":["WallGazer","OSAHOGD","Alriune"],"picked":"Singing Bowl","floor":33},{"not_picked":["Anger+1","Shrug It Off","Twin Strike+1"],"picked":"Singing Bowl","floor":35},{"not_picked":["OldLady","BodiesMountain","Yin"],"picked":"Singing Bowl","floor":35},{"not_picked":["Clash+1","Shockwave+1","Headbutt+1"],"picked":"Singing Bowl","floor":37},{"not_picked":["NakedNest","WhitesApple","Alriune"],"picked":"Singing Bowl","floor":37},{"not_picked":["Cleave+1","Ghostly Armor+1","Heavy Blade+1"],"picked":"Singing Bowl","floor":38},{"not_picked":["DreamingCurrent","MeatLantern"],"picked":"FieryBird","floor":38},{"not_picked":["Alriune","Yin","LittlePrince"],"picked":"Singing Bowl","floor":39},{"not_picked":["Headbutt+1","Sword Boomerang+1","Warcry"],"picked":"SKIP","floor":39},{"not_picked":["Funeral","DespairKnight","SilentOrchestra"],"picked":"Singing Bowl","floor":42},{"not_picked":["BlackSwan","LittlePrince"],"picked":"CENSORED","floor":42},{"not_picked":["Metallicize+1","Inflame","Warcry"],"picked":"SKIP","floor":42},{"not_picked":["Anger+1","Entrench","Clothesline+1"],"picked":"Singing Bowl","floor":45},{"not_picked":["GalaxyChild","Mercenary"],"picked":"BigBird","floor":45}],"player_experience":310215,"relics_obtained":[{"floor":8,"key":"Toy Ornithopter"},{"floor":9,"key":"Nunchaku"},{"floor":17,"key":"Anchor"},{"floor":17,"key":"Molten Egg 2"},{"floor":17,"key":"Torii"},{"floor":25,"key":"Mercury Hourglass"},{"floor":26,"key":"Tiny Chest"},{"floor":29,"key":"Red Mask"},{"floor":31,"key":"MealTicket"},{"floor":43,"key":"Shuriken"},{"floor":45,"key":"AtMidnight"},{"floor":48,"key":"Bag of Marbles"}],"event_choices":[{"damage_healed":0,"gold_gain":0,"player_choice":"Success","damage_taken":7,"relics_obtained":["InkBottle"],"max_hp_gain":0,"max_hp_loss":0,"event_name":"Scrap Ooze","floor":3,"gold_loss":0},{"cards_removed":["Strike_R"],"damage_healed":0,"gold_gain":0,"player_choice":"Card Removal","damage_taken":0,"max_hp_gain":0,"max_hp_loss":0,"event_name":"The Cleric","floor":4,"gold_loss":50},{"damage_healed":0,"gold_gain":0,"player_choice":"Searched \u00270\u0027 times","damage_taken":0,"max_hp_gain":0,"max_hp_loss":0,"event_name":"Dead Adventurer","floor":12,"gold_loss":0},{"damage_healed":0,"gold_gain":0,"player_choice":"Paid Gold","damage_taken":0,"relics_obtained":["Happy Flower"],"max_hp_gain":0,"max_hp_loss":0,"event_name":"WeMeetAgain","floor":14,"gold_loss":74},{"damage_healed":0,"gold_gain":0,"player_choice":"Ignored","damage_taken":0,"max_hp_gain":0,"max_hp_loss":0,"event_name":"Vampires","floor":22,"gold_loss":0},{"cards_removed":["Defend_R"],"damage_healed":0,"gold_gain":0,"player_choice":"Elegance","damage_taken":0,"max_hp_gain":0,"max_hp_loss":0,"event_name":"Back to Basics","floor":28,"gold_loss":0},{"damage_healed":0,"gold_gain":0,"player_choice":"Fought Bandits","damage_taken":0,"max_hp_gain":0,"max_hp_loss":0,"event_name":"Masked Bandits","floor":29,"gold_loss":0},{"damage_healed":0,"gold_gain":0,"player_choice":"Bought 3 Potions","damage_taken":0,"max_hp_gain":0,"max_hp_loss":0,"event_name":"The Woman in Blue","floor":36,"gold_loss":0},{"damage_healed":0,"gold_gain":222,"player_choice":"Wore Mask","damage_taken":0,"max_hp_gain":0,"max_hp_loss":0,"event_name":"Tomb of Lord Red Mask","floor":47,"gold_loss":0}],"is_beta":true,"boss_relics":[{"not_picked":["Velvet Choker","Astrolabe"],"picked":"Calling Bell"},{"not_picked":["Runic Dome","Tiny House"],"picked":"Mark of Pain"}],"items_purged_floors":[11,13,19,27,41,46],"is_endless":false,"potions_floor_spawned":[7,16,18,24,25,37,38,39,42,51],"ascension_level":0}}