{"host":"sum4dy402bbv9y4o","time":1608228261,"event":{"mods":["Aspiration","BaseMod","Conspire","Highlight Path","Minty Spire (QoL Compilation)","StSLib"],"gold_per_floor":[109,128,28,28,44,44,79,89,136,136,186,200,213,239,239,311,361,380,380,380,380,395,420,440,440,494,494,119,119,147,167,167,243,243,259,159,159,178,11,11,11,11,11,26,26,26,40,60,60,60,60],"floor_reached":50,"playtime":2357,"items_purged":["Defend_P+1","Strike_P+1","Defend_P+1"],"score":1120,"play_id":"8214f897-61b2-47a7-810c-79e2f58c6ca1","local_time":"20201217210421","is_ascension_mode":true,"campfire_choices":[{"data":"SashWhip","floor":6,"key":"SMITH"},{"data":"Eruption","floor":10,"key":"SMITH"},{"data":"Perseverance","floor":15,"key":"SMITH"},{"data":"Adaptation","floor":27,"key":"SMITH"},{"data":"TalkToTheHand","floor":29,"key":"SMITH"},{"data":"Conclude","floor":32,"key":"SMITH"},{"floor":40,"key":"REST"},{"floor":45,"key":"REST"},{"floor":49,"key":"REST"}],"circlet_count":0,"master_deck":["AscendersBane","Eruption+1","Vigilance+1","FlyingSleeves","FlurryOfBlows","Ghostly","SashWhip+1","EmptyBody","BattleHymn","Conclude+1","Perseverance+1","Prostrate","EmptyBody","Halt","FearNoEvil","Consecrate+1","Adaptation+1","FlurryOfBlows+1","TalkToTheHand+1","EmptyFist","Study+1","EmptyBody+1","EmptyFist+1","FlurryOfBlows","TalkToTheHand","ReachHeaven+1","MentalFortress","Flash of Steel","BowlingBash+1","TalkToTheHand"],"relics":["PureWater","aspiration:Nostalgia","Burning Blood","Bronze Scales","Omamori","Ancient Tea Set","Tiny House","Happy Flower","Damaru","Blood Vial","StrikeDummy","Astrolabe","conspire:Dentures","Art of War"],"acts_visited":["Exordium","TheCity","TheBeyond"],"potions_floor_usage":[7,16,23,25,30,31,38,44],"damage_taken":[{"damage":2,"enemies":"Small Slimes","floor":1,"turns":3},{"damage":0,"enemies":"2 Louse","floor":2,"turns":2},{"damage":0,"enemies":"Cultist","floor":5,"turns":3},{"damage":10,"enemies":"3 Sentries","floor":7,"turns":6},{"damage":8,"enemies":"Large Slime","floor":8,"turns":5},{"damage":5,"enemies":"3 Louse","floor":12,"turns":3},{"damage":7,"enemies":"Exordium Thugs","floor":13,"turns":3},{"damage":12,"enemies":"Gremlin Nob","floor":14,"turns":3},{"damage":0,"enemies":"Slime Boss","floor":16,"turns":7},{"damage":4,"enemies":"Shell Parasite","floor":18,"turns":5},{"damage":0,"enemies":"3 Byrds","floor":22,"turns":2},{"damage":44,"enemies":"Slavers","floor":23,"turns":5},{"damage":2,"enemies":"Centurion and Healer","floor":24,"turns":6},{"damage":0,"enemies":"Gremlin Leader","floor":25,"turns":1},{"damage":18,"enemies":"Slavers","floor":30,"turns":4},{"damage":2,"enemies":"Shelled Parasite and Fungi","floor":31,"turns":5},{"damage":21,"enemies":"Champ","floor":33,"turns":10},{"damage":11,"enemies":"3 Darklings","floor":35,"turns":5},{"damage":24,"enemies":"Orb Walker","floor":38,"turns":4},{"damage":37,"enemies":"Writhing Mass","floor":44,"turns":8},{"damage":3,"enemies":"3 Darklings","floor":47,"turns":3},{"damage":27,"enemies":"4 Shapes","floor":48,"turns":7},{"damage":77,"enemies":"Donu and Deca","floor":50,"turns":5}],"seed_played":"4300759318780687660","potions_obtained":[{"floor":5,"key":"SkillPotion"},{"floor":8,"key":"Regen Potion"},{"floor":13,"key":"Block Potion"},{"floor":17,"key":"SneckoOil"},{"floor":22,"key":"SmokeBomb"},{"floor":23,"key":"EssenceOfSteel"},{"floor":31,"key":"Energy Potion"},{"floor":33,"key":"Weak Potion"},{"floor":35,"key":"AttackPotion"}],"is_trial":false,"path_per_floor":["M","M","?","?","M","R","E","M","T","R","?","M","M","E","R","B",null,"M","?","?","?","M","E","M","E","T","R","$","R","E","M","R","B",null,"M","$","?","M","$","R","?","T","T","M","R","?","M","M","R","B"],"character_chosen":"WATCHER","items_purchased":["TalkToTheHand","Blood Vial","ColorlessPotion","MentalFortress"],"campfire_rested":3,"item_purchase_floors":[28,28,28,39],"current_hp_per_floor":[65,68,68,68,68,68,64,62,62,62,62,63,62,56,56,62,72,73,73,73,73,73,47,51,57,57,57,57,57,47,53,53,40,65,62,62,62,46,46,67,67,67,67,38,59,59,64,45,66,0,0],"gold":60,"neow_bonus":"NOSTALGIA","is_daily":false,"chose_seed":false,"campfire_upgraded":6,"win_rate":0.0,"timestamp":1608228261,"path_taken":["M","M","?","?","M","R","E","M","T","R","?","M","M","E","R","BOSS","M","?","?","?","M","E","M","E","T","R","$","R","E","M","R","BOSS","M","$","?","M","?","R","?","?","T","?","R","?","M","?","R","BOSS"],"items_purchased_type":["Card","Relic","Potion","Card"],"build_version":"2020-12-13","purchased_purges":3,"victory":false,"max_hp_per_floor":[68,68,68,68,68,68,68,68,68,68,68,68,68,68,68,68,73,73,73,73,73,73,73,73,73,73,73,73,73,73,73,73,73,73,73,73,73,73,73,73,73,73,73,73,73,73,73,73,73,73,73],"card_choices":[{"not_picked":["SignatureMove","Crescendo"],"picked":"FlyingSleeves","floor":1},{"not_picked":["Adaptation","PathToVictory"],"picked":"FlurryOfBlows","floor":2},{"not_picked":["Meditate","JustLucky"],"picked":"SashWhip","floor":5},{"not_picked":["WreathOfFlame","ThirdEye"],"picked":"EmptyBody","floor":7},{"not_picked":["WreathOfFlame","Fasting2"],"picked":"BattleHymn","floor":8},{"not_picked":["Nirvana","Devotion"],"picked":"Conclude","floor":12},{"not_picked":["WindmillStrike","CrushJoints"],"picked":"Perseverance","floor":13},{"not_picked":["SignatureMove","Fasting2"],"picked":"Prostrate","floor":14},{"not_picked":["FlyingSleeves","Nirvana"],"picked":"EmptyBody","floor":17},{"not_picked":["WindmillStrike","Crescendo"],"picked":"Halt","floor":18},{"not_picked":["FollowUp","WindmillStrike"],"picked":"Consecrate+1","floor":22},{"not_picked":["ForeignInfluence","Evaluate"],"picked":"Adaptation","floor":23},{"not_picked":["Prostrate","Worship"],"picked":"FlurryOfBlows+1","floor":24},{"not_picked":["SignatureMove","Alpha","Wireheading"],"picked":"SKIP","floor":30},{"not_picked":["ClearTheMind","SandsOfTime"],"picked":"EmptyFist","floor":31},{"not_picked":["JustLucky+1","CutThroughFate+1"],"picked":"FlurryOfBlows","floor":35},{"not_picked":["FlurryOfBlows","Prostrate"],"picked":"ReachHeaven+1","floor":38},{"not_picked":["Discovery","Swift Strike"],"picked":"Flash of Steel","floor":41},{"not_picked":["LikeWater+1","Crescendo"],"picked":"BowlingBash+1","floor":44},{"not_picked":["WaveOfTheHand","Wallop"],"picked":"TalkToTheHand","floor":47},{"not_picked":["InnerPeace","Crescendo+1","Weave"],"picked":"SKIP","floor":48}],"player_experience":2809867,"relics_obtained":[{"floor":7,"key":"Bronze Scales"},{"floor":9,"key":"Omamori"},{"floor":14,"key":"Ancient Tea Set"},{"floor":23,"key":"Happy Flower"},{"floor":26,"key":"Damaru"},{"floor":30,"key":"StrikeDummy"},{"floor":42,"key":"conspire:Dentures"},{"floor":43,"key":"Art of War"}],"event_choices":[{"damage_healed":0,"gold_gain":0,"player_choice":"Argue","damage_taken":0,"max_hp_gain":0,"max_hp_loss":0,"event_name":"conspire:LoneGhost","floor":3,"gold_loss":0},{"damage_healed":0,"gold_gain":50,"player_choice":"Pray","damage_taken":0,"max_hp_gain":0,"max_hp_loss":0,"event_name":"Golden Shrine","floor":11,"gold_loss":0},{"damage_healed":0,"gold_gain":0,"player_choice":"Simplicity","damage_taken":0,"max_hp_gain":0,"max_hp_loss":0,"event_name":"Back to Basics","floor":19,"gold_loss":0,"cards_upgraded":["Strike_P","Strike_P","Strike_P","Strike_P","Defend_P","Defend_P","Defend_P","Defend_P"]},{"damage_healed":0,"gold_gain":0,"player_choice":"Read","damage_taken":0,"max_hp_gain":0,"max_hp_loss":0,"event_name":"The Library","floor":20,"gold_loss":0,"cards_obtained":["FearNoEvil"]},{"cards_removed":["Strike_P"],"damage_healed":0,"gold_gain":0,"player_choice":"Purged","damage_taken":0,"max_hp_gain":0,"max_hp_loss":0,"event_name":"Purifier","floor":21,"gold_loss":0},{"damage_healed":0,"gold_gain":0,"cards_transformed":["Defend_P"],"player_choice":"Transformed","damage_taken":0,"max_hp_gain":0,"max_hp_loss":0,"event_name":"Transmorgrifier","floor":37,"gold_loss":0,"cards_obtained":["TalkToTheHand"]},{"damage_healed":0,"gold_gain":0,"player_choice":"Memory 1","damage_taken":0,"max_hp_gain":0,"max_hp_loss":0,"event_name":"SensoryStone","floor":41,"gold_loss":0},{"damage_healed":0,"gold_gain":0,"player_choice":"0 cards matched","damage_taken":0,"max_hp_gain":0,"max_hp_loss":0,"event_name":"Match and Keep!","floor":46,"gold_loss":0,"cards_obtained":[]}],"is_beta":false,"boss_relics":[{"not_picked":["Calling Bell","aspiration:RitualDagger"],"picked":"Tiny House"},{"not_picked":["Cursed Key","HolyWater"],"picked":"Astrolabe"}],"items_purged_floors":[28,36,39],"is_endless":false,"potions_floor_spawned":[5,8,13,14,22,23,24,31,33,35],"killed_by":"Donu and Deca","ascension_level":20}}