{"host":"87lxh7t77p9km8u4","time":1608236137,"event":{"mods":["BaseMod","Bestiary","Block Reminder","Downfall","Lobotomy","Minty Spire (QoL Compilation)","Permanent Neow","StSLib"],"gold_per_floor":[99,126,126,126,126,126,149,184,109,137,157,177,193,193,203,308,308,308,10,25,39,139,170,170,500,350,384,403,422,16,116,128,229,229,229,263,278,10,10,44,67,104,122,166,193,193,252,61,89,89,89,118,4,22,22],"floor_reached":56,"playtime":3274,"items_purged":["Guardian:Defend_Guardian","Guardian:PolyBeam+1","Guardian:Strike_Guardian"],"score":1931,"play_id":"0f2b7705-5c0b-4f83-a366-d22193e23a81","local_time":"20201217211537","is_ascension_mode":true,"campfire_choices":[{"data":"Guardian:CurlUp","floor":1,"key":"SMITH"},{"floor":3,"key":"REST"},{"data":"Guardian:GemFinder","floor":9,"key":"SMITH"},{"floor":18,"key":"RECALL"},{"data":"Guardian:VentSteam","floor":26,"key":"SMITH"}],"circlet_count":0,"master_deck":["Guardian:Strike_Guardian+1","Guardian:Defend_Guardian+1","Guardian:CurlUp+1","Guardian:GemFire+1","Guardian:VentSteam+1","Guardian:GemFinder+1","Guardian:Gem_Red","Guardian:BronzeOrb","Guardian:Gem_Green","CurseOfTheBell","Guardian:Gem_Fragmented","Guardian:Gem_Red","Guardian:Gem_Lightblue","Guardian:Gem_Red","Guardian:Gem_Green","Guardian:Gem_Cyan","Guardian:Gem_Cyan","Guardian:Gem_Cyan","J.A.X.+1","Guardian:Repulse+1","Guardian:Gem_Red","Guardian:FastForward+1","Guardian:BaubleBeam+1","Guardian:Gem_Fragmented","Guardian:Gem_Crimson","Guardian:PrismaticBeam+1","Guardian:Gem_Cyan","Guardian:Gem_Cyan","Guardian:Gem_Red","Guardian:Gem_Purple","Guardian:Gem_Yellow","Guardian:Gem_Red","Guardian:FloatingOrbs+1","Guardian:Gem_Synthetic","Guardian:FloatingOrbs+1","Guardian:Gem_Red","Guardian:BronzeArmor+1","Guardian:Gem_Fragmented","Guardian:Gem_White"],"relics":["Guardian:ModeShifter","Sundial","Boot","Strawberry","downfall:HeartBlessingGreen","Pantograph","Bird Faced Urn","Calling Bell","Regal Pillow","The Courier","Unceasing Top","Membership Card","Tiny Chest","Juzu Bracelet","Eternal Feather","Old Coin","downfall:HeartBlessingRed","downfall:HeartBlessingBlue","Matryoshka","Omamori","Toxic Egg 2","Molten Egg 2","War Paint","Torii","Ancient Tea Set","Lee\u0027s Waffle","Frozen Egg 2","Guardian:PickAxe","MutagenicStrength","Runic Dome","Lantern","Bag of Marbles","Strange Spoon","Mummified Hand","Pear","Bottled Flame","Art of War","CeramicFish","Question Card","White Beast Statue","Guardian:PocketSentry","Ginger","OrangePellets","Orichalcum"],"acts_visited":["Exordium","TheCity","TheBeyond","TheEnding"],"potions_floor_usage":[25,55,55],"damage_taken":[{"damage":43,"enemies":"Gremlin Nob","floor":2,"turns":6},{"damage":24,"enemies":"3 Sentries","floor":8,"turns":13},{"damage":10,"enemies":"Gremlin Nob","floor":10,"turns":4},{"damage":0,"enemies":"Small Slimes","floor":11,"turns":2},{"damage":0,"enemies":"Jaw Worm","floor":12,"turns":3},{"damage":0,"enemies":"Cultist","floor":13,"turns":1},{"damage":10,"enemies":"Exordium Thugs","floor":15,"turns":3},{"damage":35,"enemies":"downfall:Silent","floor":16,"turns":9},{"damage":0,"enemies":"downfall:FleeingMerchant","floor":19,"turns":4},{"damage":0,"enemies":"Spheric Guardian","floor":20,"turns":2},{"damage":0,"enemies":"3 Byrds","floor":21,"turns":3},{"damage":15,"enemies":"Book of Stabbing","floor":23,"turns":3},{"damage":12,"enemies":"Gremlin Leader","floor":25,"turns":4},{"damage":18,"enemies":"Slavers","floor":27,"turns":4},{"damage":0,"enemies":"Snecko","floor":28,"turns":1},{"damage":4,"enemies":"Centurion and Healer","floor":29,"turns":3},{"damage":0,"enemies":"downfall:FleeingMerchant","floor":30,"turns":1},{"damage":0,"enemies":"downfall:Augmenter","floor":31,"turns":2},{"damage":3,"enemies":"Shelled Parasite and Fungi","floor":32,"turns":2},{"damage":3,"enemies":"downfall:Defect","floor":33,"turns":2},{"damage":0,"enemies":"Giant Head","floor":36,"turns":1},{"damage":3,"enemies":"3 Darklings","floor":37,"turns":2},{"damage":0,"enemies":"Reptomancer","floor":40,"turns":1},{"damage":0,"enemies":"Nemesis","floor":42,"turns":1},{"damage":3,"enemies":"Giant Head","floor":44,"turns":1},{"damage":0,"enemies":"Mind Bloom Boss Battle","floor":47,"turns":1},{"damage":3,"enemies":"Orb Walker","floor":49,"turns":1},{"damage":3,"enemies":"downfall:Ironclad","floor":50,"turns":1},{"damage":0,"enemies":"downfall:CharBossMerchant","floor":52,"turns":1},{"damage":42,"enemies":"downfall:NeowBoss","floor":55,"turns":9}],"seed_played":"846362634376387876","potions_obtained":[{"floor":8,"key":"Fire Potion"},{"floor":12,"key":"SpeedPotion"},{"floor":16,"key":"Regen Potion"},{"floor":27,"key":"Regen Potion"},{"floor":47,"key":"Ancient Potion"}],"is_trial":false,"path_per_floor":["R","E","R","?","?","?","T","E","R","E","M","M","M","T","M","B",null,"R","$","M","M","?","E","T","E","R","E","M","M","$","?","M","B",null,"R","E","M","$","?","E","T","E","R","E","T","?","?","$","M","B",null,"E","$","R","B",null],"character_chosen":"GUARDIAN","items_purchased":["Membership Card","Tiny Chest","Juzu Bracelet","Omamori","Toxic Egg 2","Molten Egg 2","War Paint","Torii","Ancient Tea Set","Lee\u0027s Waffle","Frozen Egg 2","Guardian:PickAxe","Bag of Marbles","Strange Spoon","Mummified Hand","Guardian:Gem_Synthetic","OrangePellets","Guardian:FloatingOrbs+1","Guardian:BronzeArmor+1","LiquidBronze","Energy Potion","FairyPotion"],"campfire_rested":1,"item_purchase_floors":[19,19,19,30,30,30,30,30,30,30,30,30,38,38,38,48,48,48,53,53,53,53],"current_hp_per_floor":[56,13,37,37,37,80,80,63,63,53,53,53,53,53,45,37,87,87,87,87,87,87,72,72,62,84,68,68,66,104,104,101,101,104,104,104,103,103,103,114,114,114,114,111,111,111,114,114,114,114,114,114,114,114,74],"gold":22,"neow_bonus":"TRANSFORM_TWO_CARDS","is_daily":false,"chose_seed":false,"campfire_upgraded":3,"win_rate":0.0,"timestamp":1608236137,"path_taken":["R","E","R","?","?","?","T","E","R","E","M","?","M","?","M","BOSS","R","$","M","M","?","E","T","E","R","E","M","M","$","?","M","BOSS","R","E","M","$","?","E","T","E","R","E","?","?","?","$","M","BOSS","E","$","R","BOSS"],"items_purchased_type":["Relic","Relic","Relic","Relic","Relic","Relic","Relic","Relic","Relic","Relic","Relic","Relic","Relic","Relic","Relic","Card","Relic","Card","Card","Potion","Potion","Potion"],"build_version":"2020-12-13","purchased_purges":3,"victory":true,"max_hp_per_floor":[80,80,80,80,80,80,80,87,87,87,87,87,87,87,87,87,87,87,87,87,87,87,87,87,87,97,97,97,97,104,104,104,104,104,104,104,104,104,104,114,114,114,114,114,114,114,114,114,114,114,114,114,114,114,114],"card_choices":[{"not_picked":["Guardian:MultiBeam","Guardian:Gem_Lightblue"],"picked":"Guardian:VentSteam","floor":2},{"not_picked":["Guardian:ShieldCharger","Guardian:Gem_Red"],"picked":"Guardian:GemFinder","floor":8},{"not_picked":["Guardian:Gem_Cyan","Guardian:Gem_Green"],"picked":"Guardian:Gem_Red","floor":10},{"not_picked":["Guardian:Reroute","Guardian:Gem_Yellow"],"picked":"Guardian:BronzeOrb","floor":10},{"not_picked":["Guardian:DecasProtection","Guardian:ShieldCharger"],"picked":"Guardian:Gem_Green","floor":11},{"not_picked":["Guardian:Gem_Lightblue","Guardian:Gem_Green"],"picked":"Guardian:Gem_Red","floor":12},{"not_picked":["Guardian:VentSteam","Guardian:GuardianWhirl","Guardian:Planning"],"picked":"SKIP","floor":12},{"not_picked":["Guardian:ShieldCharger","Guardian:WalkerClaw"],"picked":"Guardian:Gem_Blue","floor":13},{"not_picked":["Guardian:Gem_Green","Guardian:Gem_Lightblue"],"picked":"Guardian:Gem_Red","floor":15},{"not_picked":["Guardian:VentSteam","Guardian:TimeCapacitor","Guardian:Harden"],"picked":"SKIP","floor":15},{"not_picked":["Guardian:Gem_Green","Guardian:Gem_Lightblue"],"picked":"Guardian:Gem_Red","floor":16},{"not_picked":["Guardian:RevengeProtocol","Guardian:FierceBash"],"picked":"Guardian:Gem_Orange","floor":16},{"not_picked":["Guardian:WalkerClaw+1","Guardian:Gem_Green","Guardian:TemporalShield+1"],"picked":"SKIP","floor":19},{"not_picked":["Guardian:Gem_Lightblue","Guardian:Gem_Green"],"picked":"Guardian:Gem_Red","floor":20},{"not_picked":["Guardian:Harden","Guardian:PiercingHide+1"],"picked":"Guardian:Gem_Fragmented","floor":20},{"not_picked":["Guardian:Gem_Green","Guardian:Gem_Cyan"],"picked":"Guardian:Gem_Red","floor":21},{"not_picked":["Guardian:Suspension","Guardian:PiercingHide"],"picked":"Guardian:Gem_Lightblue","floor":21},{"not_picked":["Guardian:ArmoredProtocol+1","Guardian:RollAttack+1","Guardian:Incinerate"],"picked":"SKIP","floor":23},{"not_picked":["Guardian:Gem_Cyan","Guardian:Gem_Green"],"picked":"Guardian:Gem_Red","floor":25},{"not_picked":["Guardian:Harden","Guardian:ArmoredProtocol"],"picked":"Guardian:Gem_Green","floor":25},{"not_picked":["Guardian:Gem_Lightblue","Guardian:Gem_Cyan"],"picked":"Guardian:Gem_Red","floor":27},{"not_picked":["Guardian:Recover","Guardian:CrystalBeam"],"picked":"Guardian:Gem_Cyan","floor":27},{"not_picked":["Guardian:ConstructionForm","Guardian:Suspension"],"picked":"Guardian:Gem_Cyan","floor":28},{"not_picked":["Guardian:Gem_Green","Guardian:Gem_Lightblue"],"picked":"Guardian:Gem_Cyan","floor":29},{"not_picked":["Guardian:Orbwalk","Guardian:Recover+1","Guardian:RefractedBeam"],"picked":"SKIP","floor":29},{"not_picked":["Guardian:ArmoredProtocol+1","Guardian:MultiBeam","Guardian:TimeCapacitor+1"],"picked":"SKIP","floor":30},{"not_picked":[],"picked":"J.A.X.+1","floor":31},{"not_picked":["Guardian:Incinerate+1","Guardian:RollAttack+1"],"picked":"Guardian:Repulse+1","floor":31},{"not_picked":["Guardian:Gem_Lightblue","Guardian:Gem_Cyan"],"picked":"Guardian:Gem_Red","floor":32},{"not_picked":["Guardian:VentSteam+1","Guardian:ShieldCharger+1"],"picked":"Guardian:FastForward+1","floor":32},{"not_picked":["Guardian:AncientConstruct+1","Guardian:RevengeProtocol+1"],"picked":"Guardian:BaubleBeam+1","floor":33},{"not_picked":["Guardian:SpikerProtocol+1","Guardian:FloatingOrbs+1"],"picked":"Guardian:PrismaticBeam+1","floor":36},{"not_picked":["Guardian:Gem_Lightblue","Guardian:Gem_Green"],"picked":"Guardian:Gem_Cyan","floor":37},{"not_picked":["Guardian:WalkerClaw+1","Guardian:TemporalStrike+1","Guardian:Incinerate+1"],"picked":"SKIP","floor":37},{"not_picked":["Guardian:PrismaticBarrier+1","Guardian:WalkerClaw+1"],"picked":"Guardian:Gem_Cyan","floor":40},{"not_picked":["Guardian:ChargeUp+1","Guardian:ShieldSpikes+1"],"picked":"Guardian:Gem_Red","floor":42},{"not_picked":["Guardian:Gem_Cyan","Guardian:Gem_Lightblue"],"picked":"Guardian:Gem_Red","floor":44},{"not_picked":["Guardian:ChargeUp+1","Guardian:TemporalStrike+1","Guardian:Orbwalk+1"],"picked":"SKIP","floor":44},{"not_picked":["Guardian:EvasiveProtocol+1","Guardian:TimeBomb+1","Guardian:SpikerProtocol+1"],"picked":"Guardian:FloatingOrbs+1","floor":47},{"not_picked":["Guardian:Gem_Cyan","Guardian:Gem_Green"],"picked":"Guardian:Gem_Red","floor":49},{"not_picked":["Guardian:Planning+1","Guardian:CrystalBeam+1","Guardian:Incinerate+1","Guardian:RollAttack+1"],"picked":"SKIP","floor":49},{"not_picked":["Guardian:StasisField+1","Guardian:Suspension+1","Guardian:Recover+1","Guardian:Emergency+1"],"picked":"SKIP","floor":52}],"player_experience":323919,"relics_obtained":[{"floor":2,"key":"Sundial"},{"floor":7,"key":"Boot"},{"floor":8,"key":"Strawberry"},{"floor":10,"key":"Pantograph"},{"floor":14,"key":"Bird Faced Urn"},{"floor":17,"key":"Regal Pillow"},{"floor":17,"key":"The Courier"},{"floor":17,"key":"Unceasing Top"},{"floor":23,"key":"Eternal Feather"},{"floor":25,"key":"Old Coin"},{"floor":27,"key":"Matryoshka"},{"floor":31,"key":"MutagenicStrength"},{"floor":36,"key":"Lantern"},{"floor":40,"key":"Pear"},{"floor":41,"key":"Bottled Flame"},{"floor":41,"key":"Art of War"},{"floor":42,"key":"CeramicFish"},{"floor":44,"key":"Question Card"},{"floor":45,"key":"White Beast Statue"},{"floor":45,"key":"Guardian:PocketSentry"},{"floor":47,"key":"Ginger"},{"floor":52,"key":"Orichalcum"}],"event_choices":[{"cards_removed":["Regret"],"damage_healed":0,"gold_gain":0,"player_choice":"Forget","damage_taken":0,"max_hp_gain":0,"max_hp_loss":0,"event_name":"Living Wall","floor":5,"gold_loss":0},{"cards_removed":["Guardian:Clone"],"damage_healed":43,"gold_gain":0,"player_choice":"Offered Uncommon","damage_taken":0,"max_hp_gain":0,"max_hp_loss":0,"event_name":"Bonfire Elementals","floor":6,"gold_loss":0}],"is_beta":false,"boss_relics":[{"not_picked":["Black Star","Coffee Dripper"],"picked":"Calling Bell"},{"not_picked":["Tiny House","Snecko Eye"],"picked":"Runic Dome"}],"items_purged_floors":[19,38,48],"is_endless":false,"potions_floor_spawned":[8,12,16,27,28,29,32,36,44,47,49,52],"ascension_level":1}}