{"host":"llpusn9usp8rznkj","time":1608230286,"event":{"mods":["2.2 Compatiblity","BaseMod","Colored Map","Colored Powertips","Conspire","Downfall","Hubris","Minty Spire (QoL Compilation)","Rare Cards Sparkle","Replay The Spire","StSLib","The Cursed"],"gold_per_floor":[117,136,136,286,286,319,335,335,362,391,391,403,28,16,16,90,90,109,109,109,119,139,167,117,151,231,265,290,290,290,74,74,162,162,179,189,48,48,181,181,213,193,263,263,280,280,96,96,96,96,96],"floor_reached":52,"playtime":59554,"items_purged":["Decay","conspire:SpireCoStock"],"score":1938,"play_id":"b5da84cd-f671-4d42-9ddd-a6d3f1cf4e36","local_time":"20201217133806","is_ascension_mode":true,"campfire_choices":[{"data":"Coolheaded","floor":8.0,"key":"SMITH"},{"data":"hubris:PowerSurge","floor":11.0,"key":"SMITH"},{"data":"Storm","floor":30.0,"key":"SMITH"},{"floor":32.0,"key":"REST"},{"data":"Defragment","floor":40.0,"key":"SMITH"},{"data":"Heatsinks","floor":44.0,"key":"SMITH"},{"floor":49.0,"key":"DIG"}],"circlet_count":0,"master_deck":["AscendersBane","Zap+1","Dualcast","BootSequence","Coolheaded+1","Crystallizer","hubris:PowerSurge+1","Coolheaded+1","Loop","Defragment+1","Machine Learning","ReplayTheSpireMod:GoodbyeWorld","Streamline","Storm+1","Auto Shields","Glacier","Stack","Glacier","Ball Lightning","Loop","White Noise","White Noise","Heatsinks+1","Echo Form","Storm","Machine Learning","Mayhem+1"],"relics":["Cracked Core","NeowsBlessing","Dream Catcher","PreservedInsect","Mercury Hourglass","conspire:TreasureMap","Anchor","Pandora\u0027s Box","HornCleat","Question Card","Bird Faced Urn","Replay:Bottled Snecko","hubris:Backtick","Mummified Hand","hubris:Icosahedron","conspire:GiftBox","Frozen Egg 2","hubris:CrystalStatue","Iron Hammer","CaptainsWheel"],"acts_visited":["Exordium","TheCity","TheBeyond"],"potions_floor_usage":[50],"damage_taken":[{"damage":0.0,"enemies":"2 Louse","floor":1.0,"turns":1.0},{"damage":0.0,"enemies":"Small Slimes","floor":2.0,"turns":1.0},{"damage":0.0,"enemies":"3 Sentries","floor":6.0,"turns":1.0},{"damage":0.0,"enemies":"Jaw Worm","floor":7.0,"turns":3.0},{"damage":10.0,"enemies":"Lagavulin","floor":10.0,"turns":6.0},{"damage":0.0,"enemies":"2 Fungi Beasts","floor":12.0,"turns":2.0},{"damage":0.0,"enemies":"Exordium Thugs","floor":14.0,"turns":4.0},{"damage":12.0,"enemies":"Slime Boss","floor":16.0,"turns":13.0},{"damage":0.0,"enemies":"Spheric Guardian","floor":18.0,"turns":4.0},{"damage":0.0,"enemies":"2 Thieves","floor":21.0,"turns":4.0},{"damage":6.0,"enemies":"Chosen and Byrds","floor":22.0,"turns":7.0},{"damage":31.0,"enemies":"Gremlin Leader","floor":23.0,"turns":5.0},{"damage":5.0,"enemies":"Slavers","floor":25.0,"turns":3.0},{"damage":28.0,"enemies":"Gremlin Leader","floor":27.0,"turns":5.0},{"damage":18.0,"enemies":"Cultist and Chosen","floor":28.0,"turns":5.0},{"damage":27.0,"enemies":"hubris:MusketHawk","floor":33.0,"turns":9.0},{"damage":13.0,"enemies":"3 Darklings","floor":35.0,"turns":3.0},{"damage":0.0,"enemies":"Orb Walker","floor":36.0,"turns":2.0},{"damage":8.0,"enemies":"conspire:MimicChest","floor":39.0,"turns":7.0},{"damage":0.0,"enemies":"Giant Head","floor":41.0,"turns":4.0},{"damage":6.0,"enemies":"Writhing Mass","floor":45.0,"turns":2.0},{"damage":15,"enemies":"Donu and Deca","floor":50,"turns":6},{"damage":38,"enemies":"conspire:OrnateMirror","floor":51,"turns":6}],"seed_played":"2935253174832450504","potions_obtained":[{"floor":2.0,"key":"PowerPotion"},{"floor":6.0,"key":"LiquidBronze"},{"floor":12.0,"key":"CultistPotion"},{"floor":14.0,"key":"Dexterity Potion"},{"floor":18.0,"key":"BlessingOfTheForge"},{"floor":25.0,"key":"Elixir"},{"floor":27.0,"key":"Elixir"},{"floor":33.0,"key":"Guardian:BlockOnCardUsePotion"}],"is_trial":false,"path_per_floor":["M","M","?","?","?","E","M","R","T","E","R","M","$","M","R_BF","B",null,"M","?","?","M","M","E","?","E","T","E","M","?","R","$","R","B",null,"M","M","$","?","?","R","E","?","T","R","M","T","$","?","R_BF","B","B",null],"character_chosen":"DEFECT","items_purchased":["Loop","conspire:TreasureMap","Anchor","Loop","White Noise","Storm","Mayhem+1"],"campfire_rested":1,"item_purchase_floors":[13,13,13,31,31,37,47],"current_hp_per_floor":[64,64,43,43,43,43,43,43,43,33,33,33,33,33,54,42,64,64,64,71,71,65,34,34,29,29,13,7,7,7,7,28,23,59,66,71,71,71,63,63,71,71,71,71,71,71,71,71,71,57,59],"gold":96,"neow_bonus":"THREE_ENEMY_KILL","is_daily":false,"chose_seed":false,"campfire_upgraded":5,"win_rate":0.0,"timestamp":1608230286,"path_taken":["M","M","?","?","?","E","M","R","T","E","R","M","$","M","R_BF","BOSS","M","?","?","M","?","E","?","E","T","E","M","?","R","?","R","BOSS","M","?","?","?","?","R","E","?","T","R","?","?","?","?","R_BF","BOSS","BOSS"],"items_purchased_type":["Card","Relic","Relic","Card","Card","Card","Card"],"build_version":"2020-12-13","purchased_purges":2,"victory":true,"max_hp_per_floor":[71,71,71,71,71,71,71,71,71,71,71,71,71,71,71,71,71,71,71,71,71,71,71,71,71,71,71,71,71,71,71,71,71,71,71,71,71,71,71,71,71,71,71,71,71,71,71,71,71,71,71],"card_choices":[{"not_picked":["Beam Cell","Go for the Eyes"],"picked":"BootSequence","floor":1.0},{"not_picked":["Redo","Streamline"],"picked":"Coolheaded","floor":2.0},{"not_picked":["Compile Driver","Beam Cell","Steam"],"picked":"SKIP","floor":6.0},{"not_picked":["Go for the Eyes","Darkness"],"picked":"Crystallizer","floor":7.0},{"not_picked":["Stack","Turbo"],"picked":"hubris:PowerSurge","floor":10.0},{"not_picked":["Leap","ReplayTheSpireMod:Reroute Power"],"picked":"Coolheaded","floor":12.0},{"not_picked":["Beam Cell","Stack","ReplayTheSpireMod:Dual Polarity"],"picked":"SKIP","floor":14.0},{"not_picked":["Darkness","BasicCrystalCard"],"picked":"Defragment","floor":15.0},{"not_picked":["Seek","Fission"],"picked":"Machine Learning","floor":16.0},{"not_picked":["Lockon","Leap","Double Energy"],"picked":"SKIP","floor":18.0},{"not_picked":["Turbo","Double Energy","Conserve Battery"],"picked":"SKIP","floor":21.0},{"not_picked":["ReplayTheSpireMod:Reroute Power","hubris:Ukulele"],"picked":"Ball Lightning","floor":22.0},{"not_picked":["Barrage+1","Cold Snap","BasicCrystalCard"],"picked":"SKIP","floor":23.0},{"not_picked":["Steam","Compile Driver","Stack"],"picked":"SKIP","floor":25.0},{"not_picked":["Rip and Tear","Steam Power+1","hubris:SpecializedCircuitry","Go for the Eyes"],"picked":"SKIP","floor":27.0},{"not_picked":["ReplayTheSpireMod:Reroute Power","Compile Driver","Reinforced Body","Turbo+1"],"picked":"SKIP","floor":28.0},{"not_picked":["Beam Cell","Stack","FTL"],"picked":"Heatsinks","floor":32.0},{"not_picked":["Core Surge","Biased Cognition","ReplayRNGCard"],"picked":"Echo Form","floor":33.0},{"not_picked":["hubris:Ukulele+1","Hologram","Conserve Battery","Coolheaded+1"],"picked":"SKIP","floor":35.0},{"not_picked":["Leap","Turbo+1","Stack","Aggregate"],"picked":"SKIP","floor":36.0},{"not_picked":["ReplayTheSpireMod:Fabricate Wheel","Echo Form","hubris:DoWhile"],"picked":"Machine Learning","floor":39.0},{"not_picked":["Panic Button","Multi-Cast","Recycle","Streamline"],"picked":"SKIP","floor":41.0},{"not_picked":["Go for the Eyes","Leap+1","Reinforced Body","Turbo"],"picked":"SKIP","floor":45.0}],"player_experience":1009827,"relics_obtained":[{"floor":6.0,"key":"Dream Catcher"},{"floor":9.0,"key":"PreservedInsect"},{"floor":10.0,"key":"Mercury Hourglass"},{"floor":23.0,"key":"HornCleat"},{"floor":25.0,"key":"Question Card"},{"floor":26.0,"key":"Bird Faced Urn"},{"floor":27.0,"key":"Replay:Bottled Snecko"},{"floor":39.0,"key":"conspire:GiftBox"},{"floor":41.0,"key":"Frozen Egg 2"},{"floor":46.0,"key":"hubris:CrystalStatue"},{"floor":49.0,"key":"CaptainsWheel"}],"event_choices":[{"damage_healed":0.0,"max_hp_gain":0.0,"max_hp_loss":0.0,"gold_gain":0.0,"event_name":"Shining Light","player_choice":"Entered Light","floor":3.0,"gold_loss":0.0,"damage_taken":21.0,"cards_upgraded":["Defend_B","Defend_B"]},{"damage_healed":0.0,"max_hp_gain":0.0,"max_hp_loss":0.0,"gold_gain":150.0,"event_name":"Liars Game","player_choice":"AGREE","floor":4.0,"gold_loss":0.0,"damage_taken":0.0,"cards_obtained":["Doubt"]},{"cards_removed":["Doubt"],"damage_healed":0.0,"max_hp_gain":0.0,"max_hp_loss":0.0,"gold_gain":0.0,"event_name":"Back to Basics","player_choice":"Elegance","floor":19.0,"gold_loss":0.0,"damage_taken":0.0},{"cards_removed":["ReplayGash"],"damage_healed":7.0,"max_hp_gain":0.0,"max_hp_loss":0.0,"gold_gain":0.0,"event_name":"Bonfire Elementals","player_choice":"Offered Uncommon","floor":20.0,"gold_loss":0.0,"damage_taken":0.0},{"damage_healed":0.0,"max_hp_gain":0.0,"max_hp_loss":0.0,"gold_gain":0.0,"event_name":"conspire:Investor","player_choice":"Invest 1","floor":24.0,"gold_loss":0.0,"damage_taken":0.0},{"damage_healed":0.0,"max_hp_gain":0.0,"max_hp_loss":0.0,"gold_gain":0.0,"event_name":"Forgotten Altar","player_choice":"Smashed Altar","floor":29.0,"gold_loss":0.0,"damage_taken":0.0,"cards_obtained":["Decay"]},{"damage_healed":0.0,"max_hp_gain":0.0,"max_hp_loss":0.0,"gold_gain":0.0,"event_name":"The Woman in Blue","player_choice":"Bought 1 Potion","floor":42.0,"gold_loss":0.0,"damage_taken":0.0},{"damage_healed":0.0,"max_hp_gain":0.0,"max_hp_loss":0.0,"gold_gain":0.0,"event_name":"WeMeetAgain","player_choice":"Gave Potion","floor":48.0,"gold_loss":0.0,"damage_taken":0.0,"relics_obtained":["Iron Hammer"]}],"is_beta":false,"boss_relics":[{"not_picked":["Fusion Hammer","Tiny House"],"picked":"Pandora\u0027s Box"},{"not_picked":["hubris:BlackHole","conspire:RoyalGoblet"],"picked":"hubris:Backtick"}],"items_purged_floors":[31,37],"is_endless":false,"potions_floor_spawned":[2,6,12,14,18,25,27,33,36,41,45],"ascension_level":20}}