{"host":"poshtwjux72eqzmy","time":1608228449,"event":{"mods":["BaseMod","Bestiary","Block Reminder","Colored Powertips","Highlight Path","Minty Spire (QoL Compilation)","Quick Restart","Relic Stats","ojb\u0027s Info Mod"],"gold_per_floor":[115,130,205,221,236,236,270,270,270,270,21,37,65,80,80,156,156,172,188,188,201,291,291,306,338,338,365,383,412,412,412,412,483,483,497,497,510,112,123,123,149,149,149,181,181,181,210,221,221,221,221,221,221,13,48,48],"floor_reached":57,"playtime":8132,"items_purged":["Shame"],"score":2870,"play_id":"58f7908b-cbe9-4209-8ac1-75ccd39858a7","local_time":"20201217200729","is_ascension_mode":true,"campfire_choices":[{"data":"Streamline","floor":6.0,"key":"SMITH"},{"floor":8.0,"key":"REST"},{"data":"Defragment","floor":15.0,"key":"SMITH"},{"data":"Seek","floor":23.0,"key":"SMITH"},{"floor":32.0,"key":"REST"},{"data":"Multi-Cast","floor":40.0,"key":"SMITH"},{"floor":45.0,"key":"RECALL"},{"floor":49.0,"key":"REST"},{"floor":53.0,"key":"REST"}],"circlet_count":0,"master_deck":["AscendersBane","Strike_B","Defend_B","Defend_B","Zap","Dualcast","Reprogram+1","Chill+1","Gash+1","Streamline+1","Glacier","Cold Snap","Darkness","Rebound","Seek+1","Defragment+1","Creative AI","Doom and Gloom","Echo Form","Defragment","Reinforced Body","Discovery","Consume","Hyperbeam","Loop","Coolheaded+1","Biased Cognition","Aggregate","Electrodynamics","Reprogram","Genetic Algorithm+1","Multi-Cast+1","Compile Driver+1","Glacier","Core Surge","Coolheaded+1","Clumsy","Glacier+1","Coolheaded+1","Hologram+1","Force Field+1","Meteor Strike"],"relics":["Astrolabe","Anchor","InkBottle","FaceOfCleric","White Beast Statue","Cursed Key","Shuriken","Emotion Chip","Dream Catcher","Question Card","Snecko Eye","Gambling Chip","Toxic Egg 2","Oddly Smooth Stone","StrikeDummy","Art of War","Nunchaku"],"acts_visited":["Exordium","TheCity","TheBeyond","TheEnding"],"potions_floor_usage":[],"damage_taken":[{"damage":7.0,"enemies":"Jaw Worm","floor":1.0,"turns":5.0},{"damage":6.0,"enemies":"2 Louse","floor":2.0,"turns":3.0},{"damage":0.0,"enemies":"Cultist","floor":4.0,"turns":3.0},{"damage":6.0,"enemies":"Blue Slaver","floor":5.0,"turns":4.0},{"damage":26.0,"enemies":"3 Sentries","floor":7.0,"turns":13.0},{"damage":0.0,"enemies":"3 Louse","floor":12.0,"turns":4.0},{"damage":19.0,"enemies":"Lagavulin","floor":13.0,"turns":7.0},{"damage":2.0,"enemies":"Gremlin Gang","floor":14.0,"turns":7.0},{"damage":6.0,"enemies":"Hexaghost","floor":16.0,"turns":10.0},{"damage":2.0,"enemies":"Spheric Guardian","floor":18.0,"turns":5.0},{"damage":0.0,"enemies":"Chosen","floor":19.0,"turns":6.0},{"damage":6.0,"enemies":"Snecko","floor":21.0,"turns":7.0},{"damage":1.0,"enemies":"Centurion and Healer","floor":24.0,"turns":10.0},{"damage":24.0,"enemies":"Slavers","floor":25.0,"turns":4.0},{"damage":0.0,"enemies":"Gremlin Leader","floor":27.0,"turns":8.0},{"damage":0.0,"enemies":"Cultist and Chosen","floor":28.0,"turns":3.0},{"damage":9.0,"enemies":"Slavers","floor":29.0,"turns":3.0},{"damage":22.0,"enemies":"Champ","floor":33.0,"turns":14.0},{"damage":3.0,"enemies":"3 Darklings","floor":35.0,"turns":7.0},{"damage":2.0,"enemies":"Orb Walker","floor":37.0,"turns":4.0},{"damage":6.0,"enemies":"Spire Growth","floor":39.0,"turns":7.0},{"damage":4.0,"enemies":"Nemesis","floor":41.0,"turns":7.0},{"damage":1.0,"enemies":"Giant Head","floor":44.0,"turns":11.0},{"damage":20.0,"enemies":"Reptomancer","floor":47.0,"turns":8.0},{"damage":1.0,"enemies":"Sphere and 2 Shapes","floor":48.0,"turns":6.0},{"damage":16.0,"enemies":"Time Eater","floor":50.0,"turns":32.0},{"damage":22.0,"enemies":"Donu and Deca","floor":51.0,"turns":13.0},{"damage":28.0,"enemies":"Shield and Spear","floor":55.0,"turns":8.0},{"damage":53,"enemies":"The Heart","floor":56,"turns":11}],"seed_played":"-4743599598899811172","potions_obtained":[{"floor":2.0,"key":"Energy Potion"},{"floor":5.0,"key":"DistilledChaos"},{"floor":13.0,"key":"PowerPotion"},{"floor":14.0,"key":"Fire Potion"},{"floor":16.0,"key":"SteroidPotion"},{"floor":18.0,"key":"PowerPotion"},{"floor":21.0,"key":"FearPotion"},{"floor":24.0,"key":"FocusPotion"},{"floor":25.0,"key":"FocusPotion"},{"floor":27.0,"key":"PowerPotion"},{"floor":28.0,"key":"SteroidPotion"},{"floor":29.0,"key":"Strength Potion"},{"floor":33.0,"key":"Energy Potion"},{"floor":35.0,"key":"Strength Potion"},{"floor":37.0,"key":"GamblersBrew"},{"floor":39.0,"key":"SpeedPotion"},{"floor":41.0,"key":"CultistPotion"},{"floor":44.0,"key":"Block Potion"},{"floor":47.0,"key":"Block Potion"},{"floor":48.0,"key":"Fire Potion"},{"floor":55.0,"key":"Fire Potion"}],"is_trial":false,"path_per_floor":["M","M","?","M","M","R","E","R","T","?","$","M","E","M","R","B",null,"M","M","?","M","?","R","M","E","T","E","M","E","?","?","R","B",null,"M","?","M","$","M","R","E","?","T","E","R","?","E","M","R","B","B",null,"R","$","E","B",null],"character_chosen":"DEFECT","items_purchased":["Seek","Defragment","Gambling Chip","Art of War","Force Field+1"],"campfire_rested":4,"item_purchase_floors":[11,11,38,54,54],"current_hp_per_floor":[57,51,40,40,34,34,8,29,29,29,29,30,12,11,11,6,58,57,58,58,53,35,35,35,12,12,13,14,6,6,6,30,9,65,63,63,62,62,57,57,54,54,54,54,54,54,35,35,61,46,25,73,89,89,62,10],"gold":48,"neow_bonus":"BOSS_RELIC","is_daily":false,"chose_seed":false,"campfire_upgraded":4,"win_rate":0.0,"timestamp":1608228449,"path_taken":["M","M","?","M","M","R","E","R","T","?","$","?","E","M","R","BOSS","M","M","?","M","?","R","?","E","T","E","M","E","?","?","R","BOSS","M","?","M","$","?","R","E","?","T","E","R","?","E","M","R","BOSS","BOSS","R","$","E","BOSS"],"items_purchased_type":["Card","Card","Relic","Relic","Card"],"build_version":"2020-12-13","purchased_purges":1,"victory":true,"max_hp_per_floor":[71,71,71,71,71,71,71,71,71,71,71,72,73,74,74,75,75,76,77,77,78,78,78,79,80,80,81,82,83,83,83,83,84,84,85,85,86,86,87,87,88,84,84,85,85,85,86,87,87,88,89,89,89,89,90,91],"relic_stats":{"counters":[29,230],"Astrolabe":["Reprogram","Chill","Gash"],"Cursed Key":2,"Question Card":12,"Emotion Chip":[53,9,33,9,2],"Dream Catcher":3,"Nunchaku":[3],"FaceOfCleric":24,"Shuriken":[24],"Gambling Chip":[48],"Snecko Eye":[234,257,253,219],"Art of War":[7],"obtain_stats":[{"Astrolabe":0,"Oddly Smooth Stone":44,"Cursed Key":17,"Question Card":29,"White Beast Statue":13,"Anchor":7,"Emotion Chip":26,"Dream Catcher":27,"Nunchaku":55,"FaceOfCleric":10,"Shuriken":25,"Gambling Chip":38,"Snecko Eye":34,"Art of War":54,"Toxic Egg 2":41,"Cracked Core":0,"StrikeDummy":47,"InkBottle":9},{"Astrolabe":0,"Oddly Smooth Stone":23,"Cursed Key":9,"Question Card":17,"White Beast Statue":7,"Anchor":5,"Emotion Chip":14,"Dream Catcher":15,"Nunchaku":28,"FaceOfCleric":5,"Shuriken":14,"Gambling Chip":20,"Snecko Eye":18,"Art of War":27,"Toxic Egg 2":22,"Cracked Core":0,"StrikeDummy":24,"InkBottle":5},{"Astrolabe":0,"Oddly Smooth Stone":152,"Cursed Key":56,"Question Card":102,"White Beast Statue":39,"Anchor":28,"Emotion Chip":88,"Dream Catcher":96,"Nunchaku":219,"FaceOfCleric":28,"Shuriken":88,"Gambling Chip":127,"Snecko Eye":116,"Art of War":211,"Toxic Egg 2":141,"Cracked Core":0,"StrikeDummy":160,"InkBottle":28}],"InkBottle":[83]},"card_choices":[{"not_picked":["Hologram","Barrage"],"picked":"Streamline","floor":1.0},{"not_picked":["Redo","Melter"],"picked":"Glacier","floor":2.0},{"not_picked":["Redo","Chaos"],"picked":"Cold Snap","floor":4.0},{"not_picked":["Barrage","Gash"],"picked":"Darkness","floor":5.0},{"not_picked":["Gash","Conserve Battery"],"picked":"Rebound","floor":7.0},{"not_picked":["Coolheaded","Turbo"],"picked":"Creative AI","floor":12.0},{"not_picked":["Blizzard","Storm"],"picked":"Doom and Gloom","floor":13.0},{"not_picked":["Stack","Streamline","Ball Lightning"],"picked":"SKIP","floor":14.0},{"not_picked":["Reboot","Electrodynamics"],"picked":"Echo Form","floor":16.0},{"not_picked":["Ball Lightning","Reprogram","Darkness"],"picked":"SKIP","floor":18.0},{"not_picked":["Go for the Eyes","Streamline"],"picked":"Defragment","floor":19.0},{"not_picked":["Cold Snap","Go for the Eyes"],"picked":"Reinforced Body","floor":21.0},{"not_picked":["Leap+1","BootSequence"],"picked":"Consume","floor":24.0},{"not_picked":["Leap","Static Discharge"],"picked":"Hyperbeam","floor":25.0},{"not_picked":["Steam","Rip and Tear"],"picked":"Loop","floor":27.0},{"not_picked":["Hologram","Chill"],"picked":"Coolheaded+1","floor":28.0},{"not_picked":["Sweeping Beam+1","Storm+1"],"picked":"Biased Cognition","floor":29.0},{"not_picked":["Chaos","Gash","Sweeping Beam+1"],"picked":"Genetic Algorithm","floor":32.0},{"not_picked":["Biased Cognition","Creative AI","Reboot"],"picked":"Multi-Cast","floor":33.0},{"not_picked":["Go for the Eyes","Ball Lightning","Auto Shields"],"picked":"Compile Driver+1","floor":35.0},{"not_picked":["Rebound","Self Repair","Redo+1"],"picked":"Glacier","floor":37.0},{"not_picked":["Barrage","Stack","Redo"],"picked":"Core Surge","floor":39.0},{"not_picked":["White Noise+1","Conserve Battery+1","Compile Driver+1"],"picked":"Coolheaded+1","floor":41.0},{"not_picked":["Compile Driver+1","Fusion+1","Double Energy+1"],"picked":"Sunder+1","floor":44.0},{"not_picked":["Compile Driver","Rebound+1","Turbo+1"],"picked":"Glacier+1","floor":47.0},{"not_picked":["Leap+1","Ball Lightning","Sweeping Beam"],"picked":"Coolheaded+1","floor":48.0},{"not_picked":["Go for the Eyes","Turbo+1","Skim+1"],"picked":"Hologram+1","floor":53.0},{"not_picked":["Chaos+1","Beam Cell","BootSequence+1"],"picked":"Meteor Strike","floor":55.0}],"player_experience":952570,"relics_obtained":[{"floor":7.0,"key":"Anchor"},{"floor":9.0,"key":"InkBottle"},{"floor":13.0,"key":"White Beast Statue"},{"floor":25.0,"key":"Shuriken"},{"floor":26.0,"key":"Emotion Chip"},{"floor":27.0,"key":"Dream Catcher"},{"floor":29.0,"key":"Question Card"},{"floor":41.0,"key":"Toxic Egg 2"},{"floor":44.0,"key":"Oddly Smooth Stone"},{"floor":47.0,"key":"StrikeDummy"},{"floor":55.0,"key":"Nunchaku"}],"event_choices":[{"damage_healed":0.0,"max_hp_gain":0.0,"max_hp_loss":0.0,"gold_gain":75.0,"event_name":"World of Goop","player_choice":"Gather Gold","floor":3.0,"gold_loss":0.0,"damage_taken":11.0},{"damage_healed":0.0,"max_hp_gain":0.0,"max_hp_loss":0.0,"gold_gain":0.0,"event_name":"FaceTrader","player_choice":"Trade","floor":10.0,"gold_loss":0.0,"damage_taken":0.0,"relics_obtained":["FaceOfCleric"]},{"damage_healed":0.0,"max_hp_gain":0.0,"max_hp_loss":0.0,"gold_gain":0.0,"event_name":"Vampires","player_choice":"Ignored","floor":20.0,"gold_loss":0.0,"damage_taken":0.0},{"damage_healed":0.0,"max_hp_gain":0.0,"max_hp_loss":0.0,"gold_gain":90.0,"event_name":"Knowing Skull","player_choice":"CARD GOLD ","floor":22.0,"potions_obtained":[],"gold_loss":0.0,"damage_taken":18.0,"cards_obtained":["Discovery"]},{"damage_healed":0.0,"max_hp_gain":0.0,"max_hp_loss":0.0,"gold_gain":0.0,"event_name":"The Library","player_choice":"Read","floor":30.0,"gold_loss":0.0,"damage_taken":0.0,"cards_obtained":["Aggregate"]},{"damage_healed":0.0,"max_hp_gain":0.0,"max_hp_loss":0.0,"gold_gain":0.0,"cards_transformed":["Strike_B","Strike_B"],"event_name":"Drug Dealer","player_choice":"Became Test Subject","floor":31.0,"gold_loss":0.0,"damage_taken":0.0,"cards_obtained":["Electrodynamics","Reprogram"]},{"damage_healed":0.0,"max_hp_gain":0.0,"max_hp_loss":0.0,"gold_gain":0.0,"event_name":"Accursed Blacksmith","player_choice":"Forge","floor":36.0,"gold_loss":0.0,"damage_taken":0.0,"cards_upgraded":["Genetic Algorithm"]},{"damage_healed":0.0,"max_hp_gain":0.0,"max_hp_loss":4.0,"gold_gain":0.0,"event_name":"Winding Halls","player_choice":"Max HP","floor":42.0,"gold_loss":0.0,"damage_taken":0.0},{"cards_removed":["Sunder"],"damage_healed":0.0,"max_hp_gain":0.0,"max_hp_loss":0.0,"gold_gain":0.0,"event_name":"Falling","player_choice":"Removed Attack","floor":46.0,"gold_loss":0.0,"damage_taken":0.0}],"is_beta":false,"boss_relics":[{"not_picked":["Busted Crown","Ectoplasm"],"picked":"Cursed Key"},{"not_picked":["Pandora\u0027s Box","Runic Dome"],"picked":"Snecko Eye"}],"items_purged_floors":[38],"is_endless":false,"potions_floor_spawned":[2,5,13,14,16,18,19,21,24,25,27,28,29,33,35,37,39,41,44,47,48,55],"ascension_level":20}}