{"host":"h7xtspmc2x3i8s2i","time":1608239183,"event":{"mods":["2.2 Compatiblity","AchievementEnabler","Act Like it!","AlwaysNeverKeys","Aspiration","Astrologer","BaseMod","Beaked The Cultist","Better Match","Better Sensory Stone","Better Third Choice","Better Vampires","BetterRewards","Challenge The Spire","Colored Map","Colored Powertips","Colorless Booster Pack","Curses Come First","Defuse TimeMaze Blight","Dio Mod","Downfall","Duelist Mod","EXCEPTION","Energized Spire","Friendly Minions","GifTheSpireLib","Gold Saver","Gremlin Skip","Halation","Hubris","Jedi Mod","Key Reminder","Marked Mod","Minty Spire (QoL Compilation)","Pale of the Ancients","Permanent Neow","Random Character Button","Random Character Mod","Rare Cards Sparkle","Relic Filter","Relic Stats","Replay The Spire","SacredBarkPlus","Shop Mod","Somnambulant","Spikes Relics","Spire Birthday Party","StSLib","Steal the Spire","Stuff the Spire","SuperFastMode","The Awakened One except there are too many feathers","The Blue Laboratory","The Cursed","The Death Knight","The Dragon Tamer","The Edgeheg","The Hierophant","The Problem Sleuth","The Wild Card","Transform Curses","Unceasing Turn Reminder","everything is the same but u backflip on backflip","slay the spire mod where everything is the same but ironclad has a cowboy hat","vexMod"],"gold_per_floor":[88,13,13,13,13,13,28,28,45,58,58,70,81,126,149,159,159,263,263,281,206,206,206,220,253,253,253,335,295,311,328,346,359,359,458,458,478,107,107,107,0,0,16,16,16,16,42,42,77,90,90,90,108,119,119,144,144,163,163,163,163,163],"floor_reached":63,"playtime":4351,"items_purged":["theEdgeheg:StarterShootAttack"],"score":1453,"play_id":"96718878-67ff-4507-8913-c09ca7d88538","local_time":"20201217160623","is_ascension_mode":false,"campfire_choices":[{"floor":8,"key":"RECALL"},{"data":"theEdgeheg:GatherChaos","floor":17,"key":"SMITH"},{"floor":26,"key":"REST"},{"data":"theEdgeheg:RandomChaosCard","floor":34,"key":"SMITH"},{"data":"theEdgeheg:ChaosGrenade","floor":42,"key":"SMITH"},{"data":"theEdgeheg:KatanaGF","floor":44,"key":"SMITH"},{"floor":51,"key":"REST"},{"data":"theEdgeheg:SexyGirlfriend","floor":57,"key":"SMITH"},{"floor":59,"key":"REST"}],"circlet_count":0,"master_deck":["theEdgeheg:StarterShootAttack","theEdgeheg:StarterShootAttack","theEdgeheg:StarterShootAttack","theEdgeheg:StarterDodgeSkill","theEdgeheg:StarterDodgeSkill","theEdgeheg:StarterDodgeSkill","theEdgeheg:BloodyKatana","theEdgeheg:ChaosControlSkill","theEdgeheg:GatherChaos+1","theEdgeheg:RandomChaosCard+1","Mayhem+1","theEdgeheg:QuickKatana","theEdgeheg:RandomChaosCard+1","theEdgeheg:QuickKatana","theEdgeheg:ChaosGrenade+1","theEdgeheg:KatanaGF+1","theEdgeheg:SexyGirlfriend+1","theEdgeheg:ChaosWhip","theEdgeheg:RuleOfCool","theEdgeheg:Fastness","theEdgeheg:HappyTimmy","theEdgeheg:BloodyKatana","theEdgeheg:HappyTimmy","expansioncontent:DecasProtection","theEdgeheg:Butt","theEdgeheg:BlackKatana+1","theEdgeheg:ChaosControlSkill","theEdgeheg:BlackKatana","theEdgeheg:PlayRandomCard","theEdgeheg:DrawBlade","theEdgeheg:SephirotKatana","theEdgeheg:QuickKatana","Jack Of All Trades","ReplayTheSpireMod:Private Reserves","theEdgeheg:Birthday","theEdgeheg:CrazyGirlfriend","theEdgeheg:MasterEmerald","theEdgeheg:DrawBlade+1","theEdgeheg:BlackKatana+1","theEdgeheg:ChaosCards","theEdgeheg:ChaosGrenade"],"relics":["theEdgeheg:UltimateLifeformRelic","theEdgeheg:GreenEmeraldRelic","aspiration:Nostalgia","theSleuth:Typewriter","theEdgeheg:SoulDevourerRelic","hubris:Metronome","Oddly Smooth Stone","vexMod:MysteryBossChallenge","vexMod:MegatonBomb","SpikesRelics:DaevaFist","DeathKnight:SindragosasSkull","Replay:Bronze Core","OrangePellets","jedi:crownofsimplicity","Red Mask","jedi:firstaidkit","vexMod:PlasmaPancake","halation:PinkSoulGem","halation:LettersToHer","paleoftheancients:Timepiece","paleoftheancients:KeyRelic","Orichalcum","CultistMask","paleoftheancients:SoulOfTheWatcher","hubris:Towel","aspiration:HiddenCompartment","CaptainsWheel"],"acts_visited":["Exordium","TheCity","TheBeyond","TheBeyond"],"potions_floor_usage":[24,25,31,31,35,47,52,58],"damage_taken":[{"damage":0,"enemies":"Small Slimes","floor":1,"turns":4},{"damage":0,"enemies":"Cultist","floor":7,"turns":5},{"damage":0,"enemies":"Jaw Worm","floor":9,"turns":4},{"damage":1,"enemies":"Looter","floor":10,"turns":3},{"damage":2,"enemies":"Large Slime","floor":12,"turns":8},{"damage":1,"enemies":"Exordium Wildlife","floor":13,"turns":2},{"damage":1,"enemies":"Blue Slaver","floor":16,"turns":3},{"damage":2,"enemies":"Fading Forest","floor":18,"turns":12},{"damage":0,"enemies":"Spheric Guardian","floor":20,"turns":1},{"damage":1,"enemies":"Shell Parasite","floor":24,"turns":4},{"damage":1,"enemies":"theDuelist:KaibaA2","floor":25,"turns":5},{"damage":3,"enemies":"Snake Plant","floor":30,"turns":6},{"damage":4,"enemies":"Shelled Parasite and Fungi","floor":31,"turns":6},{"damage":1,"enemies":"Snecko","floor":32,"turns":7},{"damage":0,"enemies":"Centurion and Healer","floor":33,"turns":7},{"damage":0,"enemies":"Collector","floor":35,"turns":12},{"damage":3,"enemies":"3 Darklings","floor":37,"turns":7},{"damage":1,"enemies":"Orb Walker","floor":43,"turns":4},{"damage":4,"enemies":"beaked:SuperParasite","floor":47,"turns":14},{"damage":0,"enemies":"Giant Head","floor":49,"turns":11},{"damage":5,"enemies":"Sphere and 2 Shapes","floor":50,"turns":4},{"damage":3,"enemies":"Donu and Deca","floor":52,"turns":10},{"damage":0,"enemies":"Donu and Deca","floor":53,"turns":19},{"damage":6,"enemies":"Donu and Deca","floor":54,"turns":10},{"damage":12,"enemies":"Donu and Deca","floor":58,"turns":9},{"damage":2,"enemies":"paleoftheancients:N","floor":62,"turns":7}],"seed_played":"-4794610197004187284","potions_obtained":[{"floor":1,"key":"blueLaboratory:EnragingPotion"},{"floor":9,"key":"blueLaboratory:Moonshine"},{"floor":18,"key":"Strength Potion"},{"floor":20,"key":"PowerPotion"},{"floor":25,"key":"blueLaboratory:BubblePotion"},{"floor":30,"key":"Explosive Potion"},{"floor":33,"key":"DistilledChaos"},{"floor":35,"key":"blueLaboratory:TrueEctoplasm"},{"floor":43,"key":"ColorlessPotion"},{"floor":49,"key":"blueLaboratory:PhilterOfMotion"},{"floor":50,"key":"LiquidBronze"},{"floor":53,"key":"blueLaboratory:FrostheartPotion"}],"is_trial":false,"path_per_floor":["M","?","$","?","PTL","PTL","M","R","M","M","T","M","M","?","T","M","R","B",null,"M","?","?","?","M","E","R","T","T","?","M","M","M","M","R","B",null,"M","$","?","?","?","R","M","R","T","$","E","?","E","M","R","B","M","M","?","T","R","M","R","T","?","B",null],"character_chosen":"THE_DEFAULT","items_purchased":["OrangePellets","jedi:crownofsimplicity"],"campfire_rested":3,"item_purchase_floors":[38,38],"current_hp_per_floor":[5,5,5,6,6,6,6,6,6,5,5,6,6,5,5,6,6,5,6,6,6,6,6,7,7,8,8,8,8,6,5,6,9,9,11,11,11,11,11,11,11,11,11,11,11,11,12,12,13,12,13,17,17,17,17,17,17,10,11,11,11,17],"gold":163,"neow_bonus":"NOSTALGIA","is_daily":false,"chose_seed":false,"campfire_upgraded":5,"win_rate":0.0,"timestamp":1608239183,"path_taken":["M","?","?","?","PTL","PTL","M","R","M","?","T","M","M","?","?","M","R","BOSS","M","?","?","?","M","E","R","?","T","?","M","M","?","M","R","BOSS","M","$","?","?","?","R","M","R","T","$","E","?","E","M","R","BOSS","M","M","?","T","R","M","R","T","?","BOSS"],"items_purchased_type":["Relic","Relic"],"build_version":"2020-12-13","purchased_purges":1,"victory":true,"max_hp_per_floor":[5,5,5,6,6,6,6,6,6,6,6,6,6,6,6,6,6,6,6,6,6,6,11,11,11,11,11,11,11,11,11,11,11,11,11,11,11,11,11,11,11,11,11,11,11,11,17,17,17,17,17,17,17,17,17,17,17,17,17,17,17,17],"relic_stats":{"OrangePellets":[12],"counters":[26,183],"Orichalcum":[168],"obtain_stats":[{"vexMod:PlasmaPancake":47,"hubris:Metronome":14,"theEdgeheg:UltimateLifeformRelic":0,"jedi:firstaidkit":45,"Replay:Bronze Core":36,"Red Mask":41,"paleoftheancients:SoulOfTheWatcher":53,"halation:LettersToHer":49,"vexMod:MegatonBomb":19,"paleoftheancients:KeyRelic":52,"aspiration:Nostalgia":0,"Oddly Smooth Stone":15,"vexMod:MysteryBossChallenge":19,"theSleuth:Typewriter":0,"jedi:crownofsimplicity":38,"Orichalcum":52,"hubris:Towel":55,"aspiration:HiddenCompartment":56,"keyreminder:keyreminder":8,"paleoftheancients:Timepiece":52,"OrangePellets":38,"CaptainsWheel":60,"theEdgeheg:GreenEmeraldRelic":0,"CultistMask":52,"SpikesRelics:DaevaFist":25,"theEdgeheg:SoulDevourerRelic":11,"halation:PinkSoulGem":48,"DeathKnight:SindragosasSkull":28},{"vexMod:PlasmaPancake":19,"hubris:Metronome":6,"theEdgeheg:UltimateLifeformRelic":0,"jedi:firstaidkit":18,"Replay:Bronze Core":16,"Red Mask":17,"paleoftheancients:SoulOfTheWatcher":23,"halation:LettersToHer":20,"vexMod:MegatonBomb":8,"paleoftheancients:KeyRelic":22,"aspiration:Nostalgia":0,"Oddly Smooth Stone":6,"vexMod:MysteryBossChallenge":8,"theSleuth:Typewriter":0,"jedi:crownofsimplicity":17,"Orichalcum":22,"hubris:Towel":24,"aspiration:HiddenCompartment":24,"keyreminder:keyreminder":2,"paleoftheancients:Timepiece":22,"OrangePellets":17,"CaptainsWheel":25,"theEdgeheg:GreenEmeraldRelic":0,"CultistMask":22,"SpikesRelics:DaevaFist":11,"theEdgeheg:SoulDevourerRelic":4,"halation:PinkSoulGem":19,"DeathKnight:SindragosasSkull":11},{"vexMod:PlasmaPancake":114,"hubris:Metronome":26,"theEdgeheg:UltimateLifeformRelic":0,"jedi:firstaidkit":100,"Replay:Bronze Core":89,"Red Mask":96,"paleoftheancients:SoulOfTheWatcher":157,"halation:LettersToHer":125,"vexMod:MegatonBomb":41,"paleoftheancients:KeyRelic":139,"aspiration:Nostalgia":0,"Oddly Smooth Stone":26,"vexMod:MysteryBossChallenge":41,"theSleuth:Typewriter":0,"jedi:crownofsimplicity":96,"Orichalcum":139,"hubris:Towel":167,"aspiration:HiddenCompartment":167,"keyreminder:keyreminder":9,"paleoftheancients:Timepiece":139,"OrangePellets":96,"CaptainsWheel":176,"theEdgeheg:GreenEmeraldRelic":0,"CultistMask":139,"SpikesRelics:DaevaFist":51,"theEdgeheg:SoulDevourerRelic":16,"halation:PinkSoulGem":114,"DeathKnight:SindragosasSkull":51}]},"card_choices":[{"not_picked":["theEdgeheg:ChaosBlast","theEdgeheg:QuickKatana"],"picked":"theEdgeheg:RandomChaosCard","floor":1},{"not_picked":["theEdgeheg:GoldKatana","Poisoned Strike"],"picked":"Mayhem","floor":2},{"not_picked":["theEdgeheg:MachineGun","theEdgeheg:Reload"],"picked":"theEdgeheg:QuickKatana","floor":2},{"not_picked":["theEdgeheg:ChaosControlSkill","theEdgeheg:Grr"],"picked":"theEdgeheg:RandomChaosCard","floor":7},{"not_picked":["theEdgeheg:PlayRandomCard","theEdgeheg:Grr"],"picked":"theEdgeheg:QuickKatana","floor":9},{"not_picked":["theEdgeheg:PlayRandomCard","theEdgeheg:QuickDraw"],"picked":"theEdgeheg:ChaosGrenade","floor":10},{"not_picked":["theEdgeheg:DodgeKatana","theEdgeheg:ChaosCards"],"picked":"theEdgeheg:KatanaGF","floor":12},{"not_picked":["theEdgeheg:Grr","theEdgeheg:Shotgun"],"picked":"theEdgeheg:SexyGirlfriend","floor":13},{"not_picked":["theEdgeheg:BlankCard","theEdgeheg:TimmyBackflip"],"picked":"theEdgeheg:ChaosWhip","floor":14},{"not_picked":["theEdgeheg:MachineGun","theEdgeheg:PlayRandomCard"],"picked":"theEdgeheg:RuleOfCool","floor":14},{"not_picked":["theEdgeheg:BlackKatana","theEdgeheg:SkateboardTrick"],"picked":"theEdgeheg:Fastness","floor":16},{"not_picked":["theEdgeheg:ArtOfTheBlade","theEdgeheg:UnplayableBomb"],"picked":"theEdgeheg:HappyTimmy","floor":18},{"not_picked":["theEdgeheg:GunSteal","theEdgeheg:Grr+1"],"picked":"theEdgeheg:BloodyKatana","floor":20},{"not_picked":["theEdgeheg:RuleOfCool","theEdgeheg:ArtOfTheBlade"],"picked":"theEdgeheg:HappyTimmy","floor":21},{"not_picked":["Enlightenment","Discovery"],"picked":"expansioncontent:DecasProtection","floor":21},{"not_picked":["theEdgeheg:TimmyBackflip","theEdgeheg:Heh"],"picked":"theEdgeheg:Butt","floor":21},{"not_picked":["theEdgeheg:Fastness","theEdgeheg:Butt"],"picked":"theEdgeheg:BlackKatana+1","floor":24},{"not_picked":["theEdgeheg:RuleOfCool","theEdgeheg:ChaosWhip+1"],"picked":"theEdgeheg:ChaosControlSkill","floor":25},{"not_picked":["theEdgeheg:Tsk","theEdgeheg:Parry"],"picked":"theEdgeheg:BlackKatana","floor":30},{"not_picked":["theEdgeheg:BetterDodge+1","theEdgeheg:ChaosCards","theEdgeheg:Disrobe"],"picked":"SKIP","floor":31},{"not_picked":["theEdgeheg:Reload","theEdgeheg:Heh"],"picked":"theEdgeheg:PlayRandomCard","floor":32},{"not_picked":["theEdgeheg:Heh","theEdgeheg:BadassArsenal+1"],"picked":"theEdgeheg:DrawBlade","floor":33},{"not_picked":["theEdgeheg:CSGun","theEdgeheg:GunFu"],"picked":"theEdgeheg:SephirotKatana","floor":35},{"not_picked":["theEdgeheg:Tsk","theEdgeheg:MasterEmerald"],"picked":"theEdgeheg:QuickKatana","floor":37},{"not_picked":["Forethought","Assess"],"picked":"Jack Of All Trades","floor":39},{"not_picked":["Replay:SS_hec_1","Crow Ritual"],"picked":"ReplayTheSpireMod:Private Reserves","floor":39},{"not_picked":["theEdgeheg:Butt","theEdgeheg:Sniper+1"],"picked":"theEdgeheg:Birthday","floor":43},{"not_picked":["theEdgeheg:Shotgun","theEdgeheg:Disrobe"],"picked":"theEdgeheg:CrazyGirlfriend","floor":47},{"not_picked":["theEdgeheg:RegularGun+1","theEdgeheg:SuperDodge"],"picked":"theEdgeheg:MasterEmerald","floor":49},{"not_picked":["theEdgeheg:MachineGun+1","theEdgeheg:Shotgun"],"picked":"theEdgeheg:DrawBlade+1","floor":50},{"not_picked":["theEdgeheg:HappiestTimmy","theEdgeheg:Disrobe+1"],"picked":"theEdgeheg:BlackKatana+1","floor":53},{"not_picked":["theEdgeheg:RegularGun","theEdgeheg:QuickDraw"],"picked":"theEdgeheg:ChaosCards","floor":54},{"not_picked":["theEdgeheg:Disrobe","theEdgeheg:Fastness"],"picked":"theEdgeheg:ChaosGrenade","floor":58}],"player_experience":499556,"relics_obtained":[{"floor":11,"key":"theEdgeheg:SoulDevourerRelic"},{"floor":14,"key":"hubris:Metronome"},{"floor":15,"key":"Oddly Smooth Stone"},{"floor":25,"key":"SpikesRelics:DaevaFist"},{"floor":28,"key":"DeathKnight:SindragosasSkull"},{"floor":45,"key":"jedi:firstaidkit"},{"floor":47,"key":"vexMod:PlasmaPancake"},{"floor":49,"key":"halation:LettersToHer"},{"floor":53,"key":"paleoftheancients:SoulOfTheWatcher"},{"floor":56,"key":"halation:LettersToHer"},{"floor":56,"key":"aspiration:HiddenCompartment"},{"floor":60,"key":"halation:LettersToHer"},{"floor":60,"key":"CaptainsWheel"}],"event_choices":[{"damage_healed":0,"gold_gain":0,"player_choice":"1","damage_taken":0,"max_hp_gain":0,"max_hp_loss":0,"event_name":"betterMatch:BetterMatch","floor":2,"gold_loss":0,"cards_obtained":["betterMatch:ColorlessRareCard","betterMatch:CommonCard"]},{"damage_healed":0,"gold_gain":0,"player_choice":"1","damage_taken":0,"max_hp_gain":0,"max_hp_loss":0,"event_name":"betterMatch:BetterMatch","floor":21,"gold_loss":0,"cards_obtained":["betterMatch:RareCard","betterMatch:ColorlessUncommonCard","betterMatch:CommonCard"]},{"damage_healed":0,"gold_gain":0,"player_choice":"Shed Blood","damage_taken":2,"max_hp_gain":5,"max_hp_loss":0,"event_name":"Forgotten Altar","floor":23,"gold_loss":0},{"damage_healed":0,"gold_gain":0,"player_choice":"Upgrade","damage_taken":0,"max_hp_gain":0,"max_hp_loss":0,"event_name":"Designer","floor":29,"gold_loss":40,"cards_upgraded":["Mayhem"]},{"damage_healed":0,"gold_gain":3,"player_choice":"1","damage_taken":0,"max_hp_gain":0,"max_hp_loss":0,"event_name":"betterStone:BetterStone","floor":39,"gold_loss":0},{"damage_healed":0,"gold_gain":0,"player_choice":"Paid","damage_taken":0,"relics_obtained":["Red Mask"],"max_hp_gain":0,"max_hp_loss":0,"event_name":"Tomb of Lord Red Mask","floor":41,"gold_loss":107}],"is_beta":false,"boss_relics":[{"not_picked":["StuffTheSpire:ModemDavis","Kintsugi"],"picked":"vexMod:MysteryBossChallenge"},{"not_picked":["Runic Pyramid","energizedSpire:RedRose"],"picked":"Replay:Bronze Core"}],"items_purged_floors":[38],"is_endless":false,"potions_floor_spawned":[1,9,18,20,25,30,33,35,43,49,50,53],"ascension_level":0}}