{"host":"pletss163z7s8pvv","time":1608169283,"event":{"mods":["AchievementEnabler","BaseMod","Colored Map","Colored Powertips","Minty Spire (QoL Compilation)"],"gold_per_floor":[114,114,189,23,23,23,23,42,42,42,42,42,1,39,39,164,164,164,164],"floor_reached":18,"playtime":356,"items_purged":[],"score":204,"play_id":"3f429b3c-f2e4-4d02-989c-96f397380131","local_time":"20201216194123","daily_mods":["Specialized","Flight","Lethality"],"is_ascension_mode":false,"campfire_choices":[{"floor":6,"key":"REST"},{"data":"Apotheosis","floor":7,"key":"SMITH"},{"floor":11,"key":"REST"},{"floor":12,"key":"REST"},{"floor":15,"key":"REST"}],"circlet_count":0,"master_deck":["Strike_B","Strike_B","Strike_B","Defend_B","Defend_B","Defend_B","Zap","Dualcast","White Noise+1","White Noise","White Noise","White Noise","Ball Lightning","Apotheosis+1","Streamline","Doom and Gloom","Cold Snap","Core Surge","Auto Shields+1","Conserve Battery+1","Machine Learning+1"],"relics":["Cracked Core","Golden Idol","Pear","Strawberry","Bottled Flame","Astrolabe"],"acts_visited":["Exordium","TheCity"],"potions_floor_usage":[],"damage_taken":[{"damage":9,"enemies":"Cultist","floor":1,"turns":3},{"damage":8,"enemies":"2 Louse","floor":8,"turns":2},{"damage":24,"enemies":"3 Sentries","floor":14,"turns":4},{"damage":60,"enemies":"Hexaghost","floor":16,"turns":6},{"damage":102,"enemies":"3 Byrds","floor":18,"turns":3}],"seed_played":"-4230686447748436371","potions_obtained":[{"floor":16,"key":"Dexterity Potion"}],"is_trial":false,"path_per_floor":["M","?","?","$","?","R","R","M","T","?","R","R","$","E","R","B",null,"M"],"character_chosen":"DEFECT","items_purchased":["Apotheosis","Doom and Gloom"],"campfire_rested":4,"item_purchase_floors":[4,13],"current_hp_per_floor":[66,66,55,55,37,59,59,51,61,35,62,89,89,65,92,32,92,0,0],"gold":164,"neow_bonus":"","is_daily":true,"chose_seed":false,"campfire_upgraded":1,"win_rate":0.0,"timestamp":1608169283,"path_taken":["M","?","?","?","?","R","R","M","T","?","R","R","?","E","R","BOSS","M"],"items_purchased_type":["Card","Card"],"build_version":"2020-12-13","purchased_purges":0,"victory":false,"max_hp_per_floor":[75,75,75,75,75,75,75,75,85,92,92,92,92,92,92,92,92,92,92],"card_choices":[{"not_picked":["Redo","Self Repair"],"picked":"Ball Lightning","floor":1},{"not_picked":["Redo","Compile Driver"],"picked":"Streamline","floor":8},{"not_picked":["Rebound","Conserve Battery"],"picked":"Cold Snap","floor":14},{"not_picked":["Hyperbeam","Multi-Cast"],"picked":"Core Surge","floor":16}],"player_experience":385079,"relics_obtained":[{"floor":9,"key":"Pear"},{"floor":14,"key":"Bottled Flame"}],"event_choices":[{"damage_healed":0,"gold_gain":0,"player_choice":"Grow","damage_taken":0,"max_hp_gain":0,"max_hp_loss":0,"event_name":"Living Wall","floor":2,"gold_loss":0,"cards_upgraded":["White Noise"]},{"damage_healed":0,"gold_gain":75,"player_choice":"Gather Gold","damage_taken":11,"max_hp_gain":0,"max_hp_loss":0,"event_name":"World of Goop","floor":3,"gold_loss":0},{"damage_healed":0,"gold_gain":0,"player_choice":"Take Damage","damage_taken":18,"relics_obtained":["Golden Idol"],"max_hp_gain":0,"max_hp_loss":0,"event_name":"Golden Idol","floor":5,"gold_loss":0},{"damage_healed":0,"gold_gain":0,"player_choice":"Success","damage_taken":33,"relics_obtained":["Strawberry"],"max_hp_gain":0,"max_hp_loss":0,"event_name":"Scrap Ooze","floor":10,"gold_loss":0}],"is_beta":false,"boss_relics":[{"not_picked":["Runic Pyramid","Busted Crown"],"picked":"Astrolabe"}],"items_purged_floors":[],"is_endless":false,"potions_floor_spawned":[16],"killed_by":"3 Byrds","ascension_level":0}}