{"host":"jm9833yuloeli2yd","time":1608172563,"event":{"mods":["AchievementEnabler","BaseMod","Better Altar","Better Match","Better Note","Better Sensory Stone","Better Skull","Better Vampires","Colored Map","Colored Powertips","DeckTracker","Minty Spire (QoL Compilation)","Permanent Neow","Quick Restart","Replay The Spire","StSLib","SuperFastMode"],"gold_per_floor":[112,123,123,141,155,181,195,230,308,319,654,666,666,676,676,755,755,769,304,275,275,81,109,120,148,148,168,168,183,214,224,224,298,298,317,1,1,1,54,79,89,89,89],"floor_reached":42,"playtime":2087,"items_purged":["Strike_B"],"score":1199,"play_id":"4912dc99-3b02-49f0-aa26-7caae4f3d151","local_time":"20201216213603","is_ascension_mode":true,"campfire_choices":[{"data":"ReplayTheSpireMod:Calculation Training","floor":13.0,"key":"SMITH"},{"data":"Recycle","floor":32.0,"key":"SMITH"}],"circlet_count":0,"master_deck":["AscendersBane","Strike_B","Defend_B","Defend_B","Defend_B","Defend_B","Zap","Dualcast","Sunder","Glacier","Double Energy","Sweeping Beam","ReplayRNGCard+1","Turbo","Hologram","ReplayTheSpireMod:Calculation Training+1","Loop","Glacier+1","ReplayRNGCard+1","BootSequence","Pot Of Greed","Pot Of Greed","Hologram","Pot Of Greed","Biased Cognition+1","ReplayTheSpireMod:Calculation Training","Hologram","Coolheaded","ReplayTheSpireMod:Repulse+1","ReplayTheSpireMod:Calculation Training","Recycle+1","ReplayTheSpireMod:Calculation Training","Hologram+1","Conserve Battery+1"],"relics":["Cracked Core","DataDisk","Replay:Baseball","Meat on the Bone","Old Coin","Inserter","Grinning Jar","Guide Book","Medical Kit","Juzu Bracelet","Anchor","Replay:Mystery Machine","Coffee Dripper","Prayer Wheel","Counterbalance","Ring of Misfortune","Durian","Blood Vial"],"acts_visited":["Exordium","TheCity","TheBeyond"],"potions_floor_usage":[42],"damage_taken":[{"damage":0.0,"enemies":"Small Slimes","floor":1.0,"turns":2.0},{"damage":1.0,"enemies":"Cultist","floor":2.0,"turns":3.0},{"damage":2.0,"enemies":"2 Louse","floor":4.0,"turns":2.0},{"damage":5.0,"enemies":"Gremlin Gang","floor":5.0,"turns":4.0},{"damage":18.0,"enemies":"3 Sentries","floor":6.0,"turns":7.0},{"damage":2.0,"enemies":"3 Louse","floor":7.0,"turns":4.0},{"damage":36.0,"enemies":"Gremlin Nob","floor":8.0,"turns":4.0},{"damage":2.0,"enemies":"2 Fungi Beasts","floor":10.0,"turns":3.0},{"damage":0.0,"enemies":"Lagavulin","floor":11.0,"turns":8.0},{"damage":12.0,"enemies":"Exordium Thugs","floor":12.0,"turns":4.0},{"damage":6.0,"enemies":"Large Slime","floor":14.0,"turns":4.0},{"damage":31.0,"enemies":"The Guardian","floor":16.0,"turns":11.0},{"damage":7.0,"enemies":"Shell Parasite","floor":18.0,"turns":6.0},{"damage":18.0,"enemies":"2 Thieves","floor":20.0,"turns":4.0},{"damage":7.0,"enemies":"Slavers","floor":23.0,"turns":5.0},{"damage":13.0,"enemies":"Snake Plant","floor":24.0,"turns":3.0},{"damage":0.0,"enemies":"Replay:Snechameleon","floor":25.0,"turns":11.0},{"damage":0.0,"enemies":"Snecko","floor":27.0,"turns":5.0},{"damage":6.0,"enemies":"Shelled Parasite and Fungi","floor":29.0,"turns":7.0},{"damage":32.0,"enemies":"Gremlin Leader","floor":30.0,"turns":8.0},{"damage":0.0,"enemies":"Centurion and Healer","floor":31.0,"turns":9.0},{"damage":15.0,"enemies":"Automaton","floor":33.0,"turns":14.0},{"damage":50.0,"enemies":"3 Darklings","floor":35.0,"turns":4.0},{"damage":38.0,"enemies":"2 Orb Walkers","floor":39.0,"turns":5.0},{"damage":22,"enemies":"Giant Head","floor":40,"turns":11},{"damage":0,"enemies":"Orb Walker","floor":41,"turns":4},{"damage":40,"enemies":"Reptomancer","floor":42,"turns":10}],"seed_played":"8683852289441036320","potions_obtained":[{"floor":2.0,"key":"BlessingOfTheForge"},{"floor":3.0,"key":"FairyPotion"},{"floor":4.0,"key":"Fruit Juice"},{"floor":6.0,"key":"Fire Potion"},{"floor":20.0,"key":"Adrenaline Potion"},{"floor":25.0,"key":"DistilledChaos"},{"floor":31.0,"key":"Explosive Potion"},{"floor":40,"key":"FearPotion"},{"floor":41,"key":"Adrenaline Potion"}],"is_trial":false,"path_per_floor":["M","M","?","M","M","E","M","E","T","M","E","M","R","M","R_BF","B",null,"M","$","M","?","$","E","M","E","T","M","?","M","E","M","R","B",null,"M","$","?","?","?","E","M","E"],"character_chosen":"DEFECT","items_purchased":["Grinning Jar","Guide Book","Hologram","Medical Kit","ReplayTheSpireMod:Calculation Training","Counterbalance"],"campfire_rested":0,"item_purchase_floors":[19,19,19,22,22,36],"current_hp_per_floor":[64,63,63,61,56,43,41,5,5,15,27,27,27,33,55,36,66,59,59,41,41,41,46,45,45,45,45,45,39,19,31,31,28,64,26,26,26,26,33,23,37,0,0],"gold":89,"neow_bonus":"THREE_CARDS","is_daily":false,"chose_seed":false,"campfire_upgraded":2,"win_rate":0.0,"timestamp":1608172563,"path_taken":["M","M","?","M","?","E","M","E","T","M","E","M","R","M","R_BF","BOSS","M","$","M","?","$","E","M","E","T","M","?","M","E","M","R","BOSS","M","$","?","?","?","E","M","E"],"items_purchased_type":["Relic","Relic","Card","Relic","Card","Relic"],"build_version":"2020-12-13","purchased_purges":1,"victory":false,"max_hp_per_floor":[71,71,71,71,71,76,76,76,76,76,76,76,76,76,76,76,76,76,76,76,76,76,76,76,76,76,76,76,76,76,76,76,76,76,76,76,76,76,81,81,81,81,81],"card_choices":[{"not_picked":["Coolheaded","Streamline"],"picked":"Sunder","floor":0.0},{"not_picked":["Leap","Conserve Battery"],"picked":"Glacier","floor":1.0},{"not_picked":["Streamline","Steam Power"],"picked":"Double Energy","floor":2.0},{"not_picked":["Beam Cell","Hello World"],"picked":"Sweeping Beam","floor":4.0},{"not_picked":["Barrage","Redo","BasicCrystalCard"],"picked":"SKIP","floor":5.0},{"not_picked":["BasicCrystalCard","Coolheaded"],"picked":"ReplayRNGCard","floor":6.0},{"not_picked":["Compile Driver","Sunder"],"picked":"Turbo","floor":7.0},{"not_picked":["Undo","Turbo"],"picked":"Hologram","floor":8.0},{"not_picked":["Turbo","Conserve Battery"],"picked":"ReplayTheSpireMod:Calculation Training","floor":10.0},{"not_picked":["Hologram","Stack"],"picked":"Loop","floor":11.0},{"not_picked":["Redo","Steam","Gash"],"picked":"SKIP","floor":12.0},{"not_picked":["Leap","Double Energy"],"picked":"Glacier","floor":14.0},{"not_picked":["Hyperbeam","Creative AI"],"picked":"ReplayRNGCard","floor":16.0},{"not_picked":["Turbo","Reinforced Body"],"picked":"BootSequence","floor":18.0},{"not_picked":["Doom and Gloom","White Noise","Hello World"],"picked":"SKIP","floor":20.0},{"not_picked":["ReplayTheSpireMod:Omega Cannon+1","Thunder Strike+1"],"picked":"Biased Cognition+1","floor":21.0},{"not_picked":["Lockon+1","Steam"],"picked":"Hologram","floor":23.0},{"not_picked":["Beam Cell","ReplayTheSpireMod:GoodbyeWorld"],"picked":"Coolheaded","floor":24.0},{"not_picked":["Storm","Hologram"],"picked":"ReplayTheSpireMod:Repulse+1","floor":25.0},{"not_picked":["Machine Learning","Beam Cell"],"picked":"ReplayTheSpireMod:Calculation Training","floor":27.0},{"not_picked":["Sweeping Beam","Gash"],"picked":"Recycle","floor":29.0},{"not_picked":["Rip and Tear","Gash"],"picked":"ReplayTheSpireMod:Calculation Training","floor":30.0},{"not_picked":["Skim","Thunder Strike"],"picked":"Hologram+1","floor":31.0},{"not_picked":["Reboot","Rainbow"],"picked":"ReplayTheSpireMod:Fabricate Wheel","floor":33.0},{"not_picked":["Redo","Storm","Sweeping Beam+1"],"picked":"SKIP","floor":35.0},{"not_picked":["Barrage","Cold Snap","Force Field"],"picked":"SKIP","floor":35.0},{"not_picked":["Reprogram","Rebound","Redo"],"picked":"SKIP","floor":40},{"not_picked":["Beam Cell","Redo"],"picked":"Conserve Battery+1","floor":41},{"not_picked":["Barrage","Steam","Leap"],"picked":"SKIP","floor":41}],"player_experience":1113440,"relics_obtained":[{"floor":6.0,"key":"DataDisk"},{"floor":8.0,"key":"Replay:Baseball"},{"floor":9.0,"key":"Meat on the Bone"},{"floor":11.0,"key":"Old Coin"},{"floor":23.0,"key":"Juzu Bracelet"},{"floor":25.0,"key":"Anchor"},{"floor":30.0,"key":"Replay:Mystery Machine"},{"floor":37.0,"key":"Ring of Misfortune"},{"floor":39.0,"key":"Durian"},{"floor":40,"key":"Blood Vial"}],"event_choices":[{"damage_healed":0.0,"max_hp_gain":0.0,"max_hp_loss":0.0,"gold_gain":0.0,"event_name":"Lab","player_choice":"Got Potions","floor":3.0,"gold_loss":0.0,"damage_taken":0.0},{"damage_healed":0.0,"max_hp_gain":0.0,"max_hp_loss":0.0,"gold_gain":0.0,"event_name":"betterMatch:BetterMatch","player_choice":"2","floor":21.0,"gold_loss":0.0,"damage_taken":0.0,"cards_obtained":["betterMatch:RareCard"]},{"cards_removed":["Strike_B"],"damage_healed":0.0,"max_hp_gain":0.0,"max_hp_loss":0.0,"gold_gain":0.0,"event_name":"Back to Basics","player_choice":"Elegance","floor":28.0,"gold_loss":0.0,"damage_taken":0.0},{"cards_removed":["Strike_B"],"damage_healed":0.0,"max_hp_gain":0.0,"max_hp_loss":0.0,"gold_gain":0.0,"event_name":"Purifier","player_choice":"Purged","floor":38.0,"gold_loss":0.0,"damage_taken":0.0},{"damage_healed":0.0,"max_hp_gain":0.0,"max_hp_loss":0.0,"gold_gain":0.0,"event_name":"Mysterious Sphere","player_choice":"Fight","floor":39.0,"gold_loss":0.0,"damage_taken":0.0}],"is_beta":false,"boss_relics":[{"not_picked":["Replay:Wanted Poster","Nuclear Battery"],"picked":"Inserter"},{"not_picked":["Velvet Choker","Tiny House"],"picked":"Coffee Dripper"}],"items_purged_floors":[19],"is_endless":false,"potions_floor_spawned":[2,4,6,7,11,16,18,20,25,31,40,41],"killed_by":"Reptomancer","ascension_level":20}}