{"host":"rj1j8apb2x4vafcu","time":1608167189,"event":{"mods":["BaseMod","Colored Map","Colored Powertips","Minty Spire (QoL Compilation)","StSLib"],"gold_per_floor":[118,118,134,152,170,198,8,27,27,27,27,44,64,74,74,172,172,190,190,204,219,219,219,239,269,269,304,317,352,363,363,363,464,464,481,481,496,120,132,150,169,189,189,189,189,189],"floor_reached":45,"playtime":6584,"items_purged":["Strike_G"],"score":585,"play_id":"b37e9dba-3ba6-4a25-b7cb-818598b35cb9","local_time":"20201216230629","is_ascension_mode":false,"campfire_choices":[{"floor":11,"key":"REST"},{"data":"Footwork","floor":15,"key":"SMITH"},{"data":"Well Laid Plans","floor":23,"key":"SMITH"},{"data":"RitualDagger","floor":32,"key":"SMITH"},{"data":"Burst","floor":44,"key":"SMITH"}],"circlet_count":0,"master_deck":["Strike_G","Strike_G","Strike_G","Defend_G","Defend_G","Defend_G","Defend_G","Defend_G","Survivor","Neutralize","Malaise","Dodge and Roll+1","Outmaneuver","Poisoned Stab","Heel Hook","Dagger Throw","Footwork+1","Underhanded Strike","Well Laid Plans+1","Backstab","Heel Hook","Doppelganger","Dash+1","Backflip+1","Underhanded Strike+1","Leg Sweep","Backstab","Terror+1","Escape Plan","Blade Dance","Dagger Throw","RitualDagger+1","Burst+1","Leg Sweep+1","Madness","Madness","Escape Plan+1","Sucker Punch","Acrobatics","Infinite Blades+1","Infinite Blades+1","Prepared"],"relics":["Ring of the Snake","Ninja Scroll","Chemical X","InkBottle","HoveringKite","Shuriken","Paper Crane","Pantograph","Omamori","WristBlade","Gremlin Horn","White Beast Statue"],"acts_visited":["Exordium","TheCity","TheBeyond"],"potions_floor_usage":[5,5,14,18,30,33,33,33,33,33,33,33,37],"damage_taken":[{"damage":0,"enemies":"Small Slimes","floor":1,"turns":5},{"damage":1,"enemies":"Cultist","floor":3,"turns":5},{"damage":0,"enemies":"2 Louse","floor":4,"turns":4},{"damage":25,"enemies":"Gremlin Gang","floor":5,"turns":8},{"damage":33,"enemies":"3 Sentries","floor":6,"turns":15},{"damage":3,"enemies":"3 Louse","floor":8,"turns":4},{"damage":5,"enemies":"Exordium Wildlife","floor":12,"turns":8},{"damage":0,"enemies":"2 Fungi Beasts","floor":13,"turns":4},{"damage":0,"enemies":"3 Louse","floor":14,"turns":3},{"damage":5,"enemies":"Hexaghost","floor":16,"turns":12},{"damage":0,"enemies":"3 Byrds","floor":18,"turns":7},{"damage":0,"enemies":"Shell Parasite","floor":20,"turns":4},{"damage":1,"enemies":"Centurion and Healer","floor":21,"turns":6},{"damage":0,"enemies":"Shelled Parasite and Fungi","floor":24,"turns":6},{"damage":0,"enemies":"Slavers","floor":25,"turns":7},{"damage":0,"enemies":"Gremlin Leader","floor":27,"turns":6},{"damage":22,"enemies":"Snake Plant","floor":28,"turns":5},{"damage":0,"enemies":"Book of Stabbing","floor":29,"turns":4},{"damage":1,"enemies":"Snecko","floor":30,"turns":4},{"damage":3,"enemies":"Champ","floor":33,"turns":7},{"damage":12,"enemies":"3 Shapes","floor":35,"turns":1},{"damage":5,"enemies":"Orb Walker","floor":37,"turns":4},{"damage":0,"enemies":"Jaw Worm Horde","floor":39,"turns":3},{"damage":0,"enemies":"Writhing Mass","floor":40,"turns":6},{"damage":1,"enemies":"Transient","floor":41,"turns":5},{"damage":6,"enemies":"Jaw Worm Horde","floor":42,"turns":3},{"damage":50,"enemies":"Reptomancer","floor":45,"turns":2}],"seed_played":"4614865268392143465","potions_obtained":[{"floor":3,"key":"Regen Potion"},{"floor":4,"key":"LiquidBronze"},{"floor":12,"key":"Regen Potion"},{"floor":16,"key":"CunningPotion"},{"floor":18,"key":"LiquidMemories"},{"floor":21,"key":"GhostInAJar"},{"floor":25,"key":"EntropicBrew"},{"floor":40,"key":"GamblersBrew"}],"is_trial":false,"path_per_floor":["M","?","M","M","M","E","$","M","T","?","R","M","M","M","R","B",null,"M","?","M","M","?","R","M","E","T","E","M","E","M","?","R","B",null,"M","?","M","$","M","M","M","M","T","R","E"],"character_chosen":"THE_SILENT","items_purchased":["Chemical X","Footwork","Gremlin Horn","Sucker Punch"],"campfire_rested":1,"item_purchase_floors":[7,7,38,38],"current_hp_per_floor":[70,70,69,69,58,25,25,22,22,22,43,38,38,47,47,42,70,70,57,57,56,56,56,56,56,56,56,34,34,33,27,27,49,75,63,54,49,49,49,49,48,42,42,42,0,0],"gold":189,"neow_bonus":"ONE_RANDOM_RARE_CARD","is_daily":false,"chose_seed":false,"campfire_upgraded":4,"win_rate":0.0,"timestamp":1608167189,"path_taken":["M","?","M","M","?","E","$","M","T","?","R","?","M","M","R","BOSS","M","?","M","M","?","R","M","E","T","E","M","E","M","?","R","BOSS","M","?","M","$","M","M","M","M","T","R","E"],"items_purchased_type":["Relic","Card","Relic","Card"],"build_version":"2020-12-13","purchased_purges":1,"victory":false,"max_hp_per_floor":[70,70,70,70,70,70,70,70,70,70,70,70,70,70,70,70,70,70,75,75,75,75,75,75,75,75,75,75,75,75,75,75,75,75,75,75,75,75,75,75,75,75,75,75,75,75],"card_choices":[{"not_picked":["Slice","Distraction"],"picked":"Dodge and Roll","floor":1},{"not_picked":["Blur","Bane"],"picked":"Outmaneuver","floor":3},{"not_picked":["Bane","PiercingWail"],"picked":"Poisoned Stab","floor":4},{"not_picked":["Deflect","Prepared"],"picked":"Heel Hook","floor":5},{"not_picked":["Tools of the Trade","Calculated Gamble"],"picked":"Dagger Throw","floor":6},{"not_picked":["Slice","Eviscerate"],"picked":"Underhanded Strike","floor":8},{"not_picked":["Underhanded Strike","Dagger Throw"],"picked":"Well Laid Plans","floor":12},{"not_picked":["Deadly Poison","Skewer"],"picked":"Backstab","floor":13},{"not_picked":["Quick Slash","Choke"],"picked":"Heel Hook","floor":14},{"not_picked":["Bullet Time","Burst"],"picked":"Doppelganger","floor":16},{"not_picked":["Tactician+1","Dagger Spray"],"picked":"Dash+1","floor":18},{"not_picked":["Finisher","Blade Dance"],"picked":"Backflip+1","floor":20},{"not_picked":["Poisoned Stab+1","Backflip"],"picked":"Underhanded Strike+1","floor":21},{"not_picked":["Predator+1","Outmaneuver"],"picked":"Leg Sweep","floor":24},{"not_picked":["Dagger Spray","All Out Attack+1"],"picked":"Backstab","floor":25},{"not_picked":["Expertise","Noxious Fumes"],"picked":"Terror+1","floor":27},{"not_picked":["Dash+1","PiercingWail+1"],"picked":"Escape Plan","floor":28},{"not_picked":["Crippling Poison","Riddle With Holes+1"],"picked":"Blade Dance","floor":29},{"not_picked":["Backflip+1","Catalyst"],"picked":"Dagger Throw","floor":30},{"not_picked":["Unload","Glass Knife"],"picked":"Burst","floor":33},{"not_picked":["Terror","Masterful Stab"],"picked":"Leg Sweep+1","floor":35},{"not_picked":["PiercingWail+1","Catalyst"],"picked":"Escape Plan+1","floor":37},{"not_picked":["Reflex","Poisoned Stab"],"picked":"Acrobatics","floor":39},{"not_picked":["Footwork","Flechettes+1"],"picked":"Infinite Blades+1","floor":40},{"not_picked":["Tactician","Backflip"],"picked":"Infinite Blades+1","floor":41},{"not_picked":["Bouncing Flask+1","Sucker Punch"],"picked":"Prepared","floor":42}],"player_experience":55571,"relics_obtained":[{"floor":6,"key":"Ninja Scroll"},{"floor":9,"key":"InkBottle"},{"floor":25,"key":"Shuriken"},{"floor":26,"key":"Paper Crane"},{"floor":27,"key":"Pantograph"},{"floor":29,"key":"Omamori"},{"floor":43,"key":"White Beast Statue"}],"event_choices":[{"damage_healed":0,"gold_gain":0,"player_choice":"Forge","damage_taken":0,"max_hp_gain":0,"max_hp_loss":0,"event_name":"Accursed Blacksmith","floor":2,"gold_loss":0,"cards_upgraded":["Dodge and Roll"]},{"cards_removed":["Strike_G"],"damage_healed":0,"gold_gain":0,"player_choice":"Purged","damage_taken":0,"max_hp_gain":0,"max_hp_loss":0,"event_name":"Purifier","floor":10,"gold_loss":0},{"damage_healed":0,"gold_gain":0,"player_choice":"Shed Blood","damage_taken":18,"max_hp_gain":5,"max_hp_loss":0,"event_name":"Forgotten Altar","floor":19,"gold_loss":0},{"damage_healed":0,"gold_gain":0,"player_choice":"Ignored","damage_taken":0,"max_hp_gain":0,"max_hp_loss":0,"event_name":"Ghosts","floor":22,"gold_loss":0},{"damage_healed":0,"gold_gain":0,"player_choice":"Joined the Cult","damage_taken":6,"max_hp_gain":0,"max_hp_loss":0,"event_name":"Nest","floor":31,"gold_loss":0,"cards_obtained":["RitualDagger"]},{"damage_healed":0,"gold_gain":0,"player_choice":"Embrace Madness","damage_taken":9,"max_hp_gain":0,"max_hp_loss":0,"event_name":"Winding Halls","floor":36,"gold_loss":0,"cards_obtained":["Madness","Madness"]}],"is_beta":false,"boss_relics":[{"not_picked":["Empty Cage","Velvet Choker"],"picked":"HoveringKite"},{"not_picked":["Philosopher\u0027s Stone","SlaversCollar"],"picked":"WristBlade"}],"items_purged_floors":[38],"is_endless":false,"potions_floor_spawned":[3,4,12,16,18,21,25,29,40],"killed_by":"Reptomancer","ascension_level":0}}