{"host":"ShadowRapture","time":1608181138,"event":{"mods":["AchievementEnabler","Aspiration","BaseMod","Better Altar","Better Match","Better Note","Better Sensory Stone","Better Skull","Better Third Choice","BetterRewards","CCEM","Colored Map","Colored Powertips","Conspire","Downfall","Friendly Minions","GifTheSpireLib","Googly Eyes","Halation","Highlight Path","Hubris","Infinite Spire","Jorbs\u0027s Wanderer Trilogy","Mad Scientist","Marked Mod","Minty Spire (QoL Compilation)","Permanent Neow","Replay The Spire","Shade Mod","Shop Mod","Spicy Shops","StSLib","Stuff the Spire","The Administrix","The Blackbeard","The Construct","The Cursed","The Runesmith","Unceasing Turn Reminder","Waifu the Spire","[IsaacMod]????","everything is the same but u backflip on backflip","slay the spire mod where everything is the same but ironclad has a cowboy hat"],"gold_per_floor":[119,139,159,159,72,72,99,99,99,159,177,206,10,39,39,135,135,147,147,147,162,18,18,52,52,52,71,119,119,119,119,44,59,59,157,157,171,171,184,198,198,198,224,224,224,239,257,276,304,89,89,89],"floor_reached":53,"playtime":3656,"items_purged":["Defend_G"],"score":936,"play_id":"a106c875-6f7c-423b-b4d8-1f88c67f113c","local_time":"20201217155858","is_ascension_mode":true,"campfire_choices":[{"data":"Infinite Blades","floor":6,"key":"SMITH"},{"floor":8,"key":"REST"},{"floor":15,"key":"REST"},{"data":"A Thousand Cuts","floor":23,"key":"SMITH"},{"floor":25,"key":"REST"},{"data":"StuffTheSpire:DoubleShiv","floor":29,"key":"SMITH"},{"data":"Neutralize","floor":34,"key":"SMITH"},{"floor":42,"key":"REST"},{"floor":44,"key":"REST"},{"data":"StuffTheSpire:ClusterCrunch","floor":51,"key":"SMITH"}],"circlet_count":0,"master_deck":["Strike_G+1","Strike_G+1","Strike_G+1","Strike_G+1","Strike_G+1","Defend_G","Defend_G","Defend_G","Survivor","Neutralize+1","Bomb","StuffTheSpire:ClusterCrunch+1","StuffTheSpire:DoubleShiv+1","Infinite Blades+1","A Thousand Cuts+1","hubris:NaturalOne","Sickly","Injury"],"relics":["Ring of the Snake","HushsDoor","hubris:CuriousFeather","GnawedLeaf","hubris:Icosahedron","Akabeko","CCEMRelics:PorcelainBowl","Singing Bowl","Oddly Smooth Stone","StuffTheSpire:Barrel","WristBlade","aspiration:RitualStick","CCEMRelics:Pendulum","construct:FoamFinger","aspiration:SeaSaltIceCream","aspiration:Nostalgia","Sizzling Blood","BloodDonationMachine","SlaversCollar","Ring of Fury","Ring of Misfortune","DoctorsRemote","Replay:Bottled Eggs","Blue Doll","Lee\u0027s Waffle","hubris:TenFootPole"],"acts_visited":["Exordium","TheCity","TheBeyond"],"potions_floor_usage":[7,12,12,16,35,35,40,49,49,49],"damage_taken":[{"damage":0,"enemies":"2 Louse","floor":1,"turns":3},{"damage":1,"enemies":"Cultist","floor":3,"turns":5},{"damage":32,"enemies":"Gremlin Nob","floor":7,"turns":5},{"damage":12,"enemies":"Gremlin Nob","floor":10,"turns":3},{"damage":0,"enemies":"Small Slimes","floor":11,"turns":2},{"damage":31,"enemies":"Lagavulin","floor":12,"turns":7},{"damage":3,"enemies":"3 Sentries","floor":14,"turns":5},{"damage":36,"enemies":"The Guardian","floor":16,"turns":11},{"damage":0,"enemies":"Spheric Guardian","floor":18,"turns":3},{"damage":1,"enemies":"2 Thieves","floor":21,"turns":4},{"damage":13,"enemies":"Gremlin Leader","floor":24,"turns":5},{"damage":5,"enemies":"Snecko","floor":27,"turns":3},{"damage":15,"enemies":"Snake Plant","floor":33,"turns":2},{"damage":52,"enemies":"Collector","floor":35,"turns":8},{"damage":3,"enemies":"Orb Walker","floor":37,"turns":3},{"damage":12,"enemies":"3 Darklings","floor":39,"turns":6},{"damage":36,"enemies":"Maw","floor":40,"turns":8},{"damage":35,"enemies":"Nemesis","floor":43,"turns":7},{"damage":8,"enemies":"Writhing Mass","floor":46,"turns":4},{"damage":0,"enemies":"Transient","floor":47,"turns":5},{"damage":12,"enemies":"Spire Growth","floor":48,"turns":3},{"damage":29,"enemies":"Nightmare","floor":49,"turns":6},{"damage":35,"enemies":"hubris:GrandSnecko","floor":52,"turns":14}],"seed_played":"8007507758179504836","potions_obtained":[{"floor":3,"key":"Block Potion"},{"floor":10,"key":"Energy Potion"},{"floor":11,"key":"Guardian:BlockOnCardUsePotion"},{"floor":12,"key":"Guardian:BlockOnCardUsePotion"},{"floor":27,"key":"Dexterity Potion"},{"floor":33,"key":"Dexterity Potion"},{"floor":37,"key":"sneckomod:MuddlingPotion"},{"floor":46,"key":"Weak Potion"},{"floor":47,"key":"Block Potion"},{"floor":48,"key":"Flashbang"}],"is_trial":false,"path_per_floor":["M","?","M","?","$","R","E","R","T","?","M","E","$","E","R","B",null,"M","?","?","M","$","R","E","R","T","M","T","R","PTL","PTL","$","M","R","B",null,"M","?","M","M","?","R","E","R","T","M","M","M","NM","$","R","B",null],"character_chosen":"THE_SILENT","items_purchased":["Infinite Blades","A Thousand Cuts","CCEMRelics:Pendulum","Lee\u0027s Waffle","hubris:TenFootPole"],"campfire_rested":5,"item_purchase_floors":[5,13,22,50,50],"current_hp_per_floor":[70,70,69,69,69,69,37,58,58,48,50,21,21,20,43,17,80,82,82,66,67,67,67,64,86,90,91,91,91,91,91,91,90,90,44,96,98,98,92,62,62,92,63,94,94,92,98,92,69,119,119,88],"gold":89,"neow_bonus":"TRANSFORM_CARD","is_daily":false,"chose_seed":false,"campfire_upgraded":5,"win_rate":0.0,"timestamp":1608181138,"path_taken":["M","?","M","?","?","R","E","R","T","?","?","E","$","E","R","BOSS","M","?","?","?","$","R","E","R","T","M","?","R","PTL","PTL","?","M","R","BOSS","M","?","M","M","?","R","E","R","T","M","M","?","NM","?","R","BOSS"],"items_purchased_type":["Card","Card","Relic","Relic","Relic"],"build_version":"2020-12-07","purchased_purges":1,"victory":true,"max_hp_per_floor":[70,70,70,70,70,70,70,70,70,72,74,76,76,78,78,80,80,82,82,82,84,84,84,86,86,90,92,92,92,92,92,92,94,94,96,96,98,98,100,102,102,102,104,104,104,106,108,110,112,119,119,119],"card_choices":[{"not_picked":[],"picked":"Bomb","floor":0},{"not_picked":["Sucker Punch","Quick Slash","StuffTheSpire:Injection"],"picked":"SKIP","floor":1},{"not_picked":["hubris:SlightOfHand","Deadly Poison"],"picked":"StuffTheSpire:DoubleShiv","floor":3},{"not_picked":["Outmaneuver","StuffTheSpire:Shiver","StuffTheSpire:Injection"],"picked":"SKIP","floor":7},{"not_picked":["Masterful Stab","Heel Hook","StuffTheSpire:BumpUp"],"picked":"Singing Bowl","floor":10},{"not_picked":["StuffTheSpire:BumpUp","Bane","Bomb"],"picked":"Singing Bowl","floor":11},{"not_picked":["Bouncing Flask","Endless Agony","Dagger Throw"],"picked":"Singing Bowl","floor":12},{"not_picked":["StuffTheSpire:BumpUp","Finisher","ReplayTheSpireMod:The Works"],"picked":"Singing Bowl","floor":14},{"not_picked":["Venomology","Die Die Die","Wraith Form v2"],"picked":"Singing Bowl","floor":16},{"not_picked":["Dash","Tactician","Quick Slash"],"picked":"Singing Bowl","floor":18},{"not_picked":["Tactician+1","Quick Slash","Eviscerate"],"picked":"Singing Bowl","floor":21},{"not_picked":["StuffTheSpire:BumpUp+1","Expertise","hubris:SlightOfHand+1"],"picked":"Singing Bowl","floor":24},{"not_picked":["Setup","Deflect","Poisoned Stab+1"],"picked":"Singing Bowl","floor":27},{"not_picked":["hubris:Counter","Bane+1","Poisoned Stab"],"picked":"Singing Bowl","floor":33},{"not_picked":["Tools of the Trade","Doppelganger","Storm of Steel"],"picked":"Singing Bowl","floor":35},{"not_picked":["Dagger Throw","StuffTheSpire:ClusterCrunch+1","Bouncing Flask"],"picked":"Singing Bowl","floor":37},{"not_picked":["Dagger Spray+1","Sucker Punch+1","Acrobatics"],"picked":"Singing Bowl","floor":39},{"not_picked":["Quick Slash","StuffTheSpire:ClusterCrunch","Backflip"],"picked":"Singing Bowl","floor":40},{"not_picked":["PiercingWail","Eviscerate+1","StuffTheSpire:MirrorStance"],"picked":"Singing Bowl","floor":43},{"not_picked":["Deadly Poison+1","Masterful Stab+1","PiercingWail+1"],"picked":"Singing Bowl","floor":46},{"not_picked":["StuffTheSpire:ClusterCrunch","Dagger Spray+1","Deadly Poison"],"picked":"Singing Bowl","floor":47},{"not_picked":["Bane","Fluid Movement","Deflect+1"],"picked":"Singing Bowl","floor":48},{"not_picked":["Concentrate+1","StuffTheSpire:BumpUp","StuffTheSpire:Shiver"],"picked":"Singing Bowl","floor":49}],"player_experience":202946,"relics_obtained":[{"floor":2,"key":"hubris:CuriousFeather"},{"floor":7,"key":"Akabeko"},{"floor":9,"key":"CCEMRelics:PorcelainBowl"},{"floor":12,"key":"Oddly Smooth Stone"},{"floor":14,"key":"StuffTheSpire:Barrel"},{"floor":24,"key":"construct:FoamFinger"},{"floor":26,"key":"aspiration:SeaSaltIceCream"},{"floor":28,"key":"BloodDonationMachine"},{"floor":41,"key":"Ring of Fury"},{"floor":41,"key":"Ring of Misfortune"},{"floor":43,"key":"DoctorsRemote"},{"floor":45,"key":"Replay:Bottled Eggs"},{"floor":49,"key":"Blue Doll"}],"event_choices":[{"damage_healed":0,"gold_gain":0,"player_choice":"Searched \u00272\u0027 times","damage_taken":0,"relics_obtained":["Singing Bowl"],"max_hp_gain":0,"max_hp_loss":0,"event_name":"Dead Adventurer","floor":10,"gold_loss":0},{"damage_healed":0,"gold_gain":0,"player_choice":"Ignored","damage_taken":0,"max_hp_gain":0,"max_hp_loss":0,"event_name":"Ghosts","floor":19,"gold_loss":0}],"is_beta":true,"boss_relics":[{"not_picked":["Busted Crown","construct:ClawGrip"],"picked":"WristBlade"},{"not_picked":[]},{"not_picked":["halation:Risk","StuffTheSpire:ModemDavis"],"picked":"SlaversCollar"},{"not_picked":[]}],"items_purged_floors":[32],"is_endless":false,"potions_floor_spawned":[3,10,11,12,27,33,37,46,47,48],"ascension_level":1}}