{"host":"7vbqmauhyfxrzjp5","time":1608232339,"event":{"mods":["Aspiration","BaseMod","Bestiary","Better Note","Conspire","Hubris","Infinite Spire","Minty Spire (QoL Compilation)","Replay The Spire","StSLib","Unceasing Turn Reminder","vexMod"],"gold_per_floor":[118,118,129,142,162,162,188,218,218,237,237,187,199,36,36,138,138,138,93,93,93,93,93,93],"floor_reached":23,"playtime":1694,"items_purged":[],"score":272,"play_id":"b4d5c2e8-3589-43ff-b774-fa33e327791f","local_time":"20201217131219","is_ascension_mode":false,"campfire_choices":[{"data":"Uppercut","floor":6,"key":"SMITH"},{"data":"ReplayTheSpireMod:LeadingStrike","floor":11,"key":"SMITH"},{"data":"Transmutation","floor":15,"key":"SMITH"}],"circlet_count":0,"master_deck":["Strike_R","Strike_R","Strike_R","Strike_R","Strike_R","Defend_R","Defend_R","Defend_R","Defend_R","Bash","Strike_G","Uppercut+1","Iron Wave","ReplayTheSpireMod:LeadingStrike+1","Armaments","Flex","Inflame","Sword Boomerang","Transmutation+1","Barricade","Clash+1","ReplayTheSpireMod:Stacked","Shrug It Off","Cleave","Twin Strike"],"relics":["Burning Blood","Matryoshka","Centennial Puzzle","Ancient Tea Set","HornCleat","Ectoplasm"],"acts_visited":["TheCity"],"potions_floor_usage":[16,19,21,22],"damage_taken":[{"damage":2,"enemies":"Small Slimes","floor":1,"turns":4},{"damage":13,"enemies":"Cultist","floor":3,"turns":5},{"damage":6,"enemies":"Jaw Worm","floor":4,"turns":4},{"damage":14,"enemies":"2 Fungi Beasts","floor":5,"turns":4},{"damage":39,"enemies":"3 Sentries","floor":7,"turns":13},{"damage":4,"enemies":"Blue Slaver","floor":10,"turns":3},{"damage":0,"enemies":"Gremlin Gang","floor":13,"turns":4},{"damage":0,"enemies":"The Guardian","floor":16,"turns":9},{"damage":3,"enemies":"Shell Parasite","floor":18,"turns":6},{"damage":5,"enemies":"2 Thieves","floor":19,"turns":3},{"damage":36,"enemies":"Sentry and Sphere","floor":20,"turns":6},{"damage":43,"enemies":"Cultist and Chosen","floor":21,"turns":7},{"damage":9,"enemies":"Centurion and Healer","floor":22,"turns":5},{"damage":29,"enemies":"conspire:Head Lice","floor":23,"turns":7}],"seed_played":"-4595359247646876287","potions_obtained":[{"floor":4,"key":"DistilledChaos"},{"floor":7,"key":"SkillPotion"},{"floor":13,"key":"EssenceOfSteel"},{"floor":20,"key":"Venom Potion"}],"is_trial":false,"path_per_floor":["M","?","M","M","M","R","E","?","T","M","R","?","M","$","R","B",null,"M","M","M","M","M","E"],"character_chosen":"IRONCLAD","items_purchased":["Transmutation"],"campfire_rested":0,"item_purchase_floors":[14],"current_hp_per_floor":[96,96,89,89,81,81,48,48,48,50,50,50,56,56,56,62,96,96,96,66,29,26,0,0],"gold":93,"neow_bonus":"TWENTY_PERCENT_HP_BONUS","is_daily":false,"chose_seed":false,"campfire_upgraded":3,"win_rate":0.0,"timestamp":1608232339,"path_taken":["M","?","M","?","M","R","E","?","T","M","R","?","M","?","R","BOSS","M","M","M","M","?","E"],"items_purchased_type":["Card"],"build_version":"2020-12-13","purchased_purges":0,"victory":false,"max_hp_per_floor":[96,96,96,96,96,96,96,96,96,96,96,96,96,96,96,96,96,96,96,96,96,96,96,96],"card_choices":[{"not_picked":["Sword Boomerang","Pummel"],"picked":"Uppercut","floor":1},{"not_picked":["Heavy Blade","Body Slam"],"picked":"Iron Wave","floor":3},{"not_picked":["Entrench","Life Link"],"picked":"ReplayTheSpireMod:LeadingStrike","floor":4},{"not_picked":["Thunderclap","Perfected Strike"],"picked":"Armaments","floor":5},{"not_picked":["Intimidate","Pommel Strike"],"picked":"Flex","floor":7},{"not_picked":["infinitespire:OneForAll","hubris:ReadiedAction"],"picked":"Inflame","floor":10},{"not_picked":["Body Slam","ReplayTheSpireMod:Strike From Hell"],"picked":"Sword Boomerang","floor":13},{"not_picked":["Hemogenesis","Demonic Infusion"],"picked":"Barricade","floor":16},{"not_picked":["Reckless Charge","Run Through"],"picked":"Clash+1","floor":18},{"not_picked":["Dual Wield+1","Seeing Red+1"],"picked":"ReplayTheSpireMod:Stacked","floor":19},{"not_picked":["Second Wind","infinitespire:OneForAll"],"picked":"Shrug It Off","floor":20},{"not_picked":["Warcry","Rupture"],"picked":"Cleave","floor":21},{"not_picked":["hubris:ReadiedAction","True Grit"],"picked":"Twin Strike","floor":22}],"player_experience":237257,"relics_obtained":[{"floor":7,"key":"Matryoshka"},{"floor":9,"key":"Ancient Tea Set"},{"floor":9,"key":"HornCleat"}],"event_choices":[{"cards_removed":["Uppercut"],"damage_healed":0,"gold_gain":0,"player_choice":"Give","damage_taken":0,"max_hp_gain":0,"max_hp_loss":0,"event_name":"betterNote:BetterNote","floor":2,"gold_loss":0,"cards_obtained":["None"]},{"damage_healed":0,"gold_gain":30,"player_choice":"Searched \u00273\u0027 times","damage_taken":0,"relics_obtained":["Centennial Puzzle"],"max_hp_gain":0,"max_hp_loss":0,"event_name":"Dead Adventurer","floor":8,"gold_loss":0},{"cards_removed":["Vigilance"],"damage_healed":0,"gold_gain":0,"player_choice":"Card Removal","damage_taken":0,"max_hp_gain":0,"max_hp_loss":0,"event_name":"The Cleric","floor":12,"gold_loss":50}],"is_beta":false,"boss_relics":[{"not_picked":["Philosopher\u0027s Stone","Empty Cage"],"picked":"Ectoplasm"}],"items_purged_floors":[],"is_endless":false,"potions_floor_spawned":[4,7,13,20],"killed_by":"conspire:Head Lice","ascension_level":0}}