{"host":"2n2g1vowfllvjtvi","time":1608222537,"event":{"mods":["AchievementEnabler","BaseMod","Custom Start","GifTheSpireLib","Keyboard Shortcuts","Minty Spire (QoL Compilation)","Quick Restart","Rare Cards Sparkle","StSLib","SuperFastMode"],"gold_per_floor":[114,39,39,91,91,122,122,156,156,156,156,200,224,238,238,334,334,358,42,42,42],"floor_reached":20,"playtime":227,"items_purged":["Strike_G","Strike_G"],"score":460,"play_id":"f9790360-008d-4433-a788-84c55d0994b3","local_time":"20201218012857","is_ascension_mode":true,"campfire_choices":[{"data":"Skewer","floor":7.0,"key":"SMITH"},{"floor":11.0,"key":"REST"},{"data":"Eviscerate","floor":15.0,"key":"SMITH"}],"circlet_count":0,"master_deck":["AscendersBane","Strike_G","Strike_G","Defend_G","Defend_G","Defend_G","Defend_G","Defend_G","Survivor","Neutralize","Dagger Throw","Skewer+1","Eviscerate+1","Acrobatics","Grand Finale","Underhanded Strike+1","Reflex"],"relics":["Ring of the Snake","NeowsBlessing","PreservedInsect","Golden Idol","Orichalcum","Juzu Bracelet","Dream Catcher","Frozen Egg 2","Black Star","OrangePellets"],"acts_visited":["Exordium","TheCity"],"potions_floor_usage":[18],"damage_taken":[{"damage":0.0,"enemies":"Small Slimes","floor":1.0,"turns":1.0},{"damage":0.0,"enemies":"3 Sentries","floor":6.0,"turns":1.0},{"damage":0.0,"enemies":"Lagavulin","floor":8.0,"turns":1.0},{"damage":0.0,"enemies":"Gremlin Nob","floor":12.0,"turns":3.0},{"damage":1.0,"enemies":"Jaw Worm","floor":13.0,"turns":3.0},{"damage":0.0,"enemies":"2 Louse","floor":14.0,"turns":2.0},{"damage":36.0,"enemies":"The Guardian","floor":16.0,"turns":15.0},{"damage":14,"enemies":"Chosen","floor":18,"turns":5},{"damage":0,"enemies":"3 Byrds","floor":20,"turns":1}],"seed_played":"-7475735231456524268","potions_obtained":[{"floor":1.0,"key":"Strength Potion"},{"floor":6.0,"key":"DistilledChaos"},{"floor":16.0,"key":"Poison Potion"}],"is_trial":false,"path_per_floor":["M","$","?","T","?","E","R","E","T","?","R","E","M","M","R","B",null,"M","$","M"],"character_chosen":"THE_SILENT","items_purchased":["OrangePellets","Reflex"],"campfire_rested":1,"item_purchase_floors":[19,19],"current_hp_per_floor":[59,59,59,59,36,36,36,36,36,36,55,55,54,54,54,18,54,40,40,40,40],"gold":42,"neow_bonus":"THREE_ENEMY_KILL","is_daily":false,"chose_seed":false,"campfire_upgraded":2,"win_rate":0.0,"timestamp":1608222537,"path_taken":["M","$","?","?","?","E","R","E","T","?","R","E","M","M","R","BOSS","BOSS","M","$","M"],"items_purchased_type":["Relic","Card"],"build_version":"2020-12-13","purchased_purges":2,"victory":false,"max_hp_per_floor":[66,66,66,66,66,66,66,66,66,66,66,66,66,66,66,66,66,66,66,66,66],"card_choices":[{"not_picked":["Endless Agony","Setup"],"picked":"Dagger Throw","floor":1.0},{"not_picked":["Setup","Prepared"],"picked":"Skewer","floor":6.0},{"not_picked":["Catalyst","Caltrops","Outmaneuver"],"picked":"SKIP","floor":8.0},{"not_picked":["Calculated Gamble","Dagger Spray"],"picked":"Eviscerate","floor":11.0},{"not_picked":["PiercingWail","Deflect"],"picked":"Acrobatics","floor":12.0},{"not_picked":["Backflip","Outmaneuver","Dodge and Roll"],"picked":"SKIP","floor":13.0},{"not_picked":["Dagger Spray","All Out Attack","Deadly Poison"],"picked":"SKIP","floor":14.0},{"not_picked":["Wraith Form v2+1","Doppelganger"],"picked":"Grand Finale","floor":16.0},{"not_picked":["Dagger Spray","Catalyst"],"picked":"Underhanded Strike+1","floor":18}],"player_experience":429388,"relics_obtained":[{"floor":4.0,"key":"PreservedInsect"},{"floor":6.0,"key":"Orichalcum"},{"floor":8.0,"key":"Juzu Bracelet"},{"floor":9.0,"key":"Dream Catcher"},{"floor":12.0,"key":"Frozen Egg 2"}],"event_choices":[{"damage_healed":0.0,"max_hp_gain":0.0,"max_hp_loss":0.0,"gold_gain":0.0,"event_name":"The Cleric","player_choice":"Leave","floor":3.0,"gold_loss":0.0,"damage_taken":0.0},{"damage_healed":0.0,"max_hp_gain":0.0,"max_hp_loss":0.0,"gold_gain":0.0,"event_name":"Golden Idol","player_choice":"Take Damage","floor":5.0,"gold_loss":0.0,"damage_taken":23.0,"relics_obtained":["Golden Idol"]},{"cards_removed":["Strike_G"],"damage_healed":0.0,"max_hp_gain":0.0,"max_hp_loss":0.0,"gold_gain":0.0,"event_name":"Living Wall","player_choice":"Forget","floor":10.0,"gold_loss":0.0,"damage_taken":0.0}],"is_beta":false,"boss_relics":[{"not_picked":["Calling Bell","Ectoplasm"],"picked":"Black Star"}],"items_purged_floors":[2,19],"is_endless":false,"potions_floor_spawned":[1,6,16],"killed_by":"3 Byrds","ascension_level":15}}