{"host":"Sumable","time":1608169063,"event":{"mods":["AchievementEnabler","BaseMod","Better Note","BetterRewards","Googly Eyes","Hermit","Minty Spire (QoL Compilation)","Quick Restart","Shop Mod","StSLib","The Cursed","everything is the same but u backflip on backflip","slay the spire mod where everything is the same but ironclad has a cowboy hat"],"gold_per_floor":[20,33,33,7,7,7,27,41,68,133,133,133],"floor_reached":11,"playtime":366,"items_purged":[],"score":104,"play_id":"d12eaaab-122c-43a7-b2c5-8b2483f4e65e","local_time":"20201216183743","is_ascension_mode":true,"campfire_choices":[{"data":"Evolve","floor":6.0,"key":"SMITH"}],"circlet_count":0,"master_deck":["AscendersBane","Strike_R","Strike_R","Strike_R","Strike_R","Strike_R","Defend_R","Defend_R","Defend_R","Defend_R","Bash","Brutality","Wild Strike","Evolve+1","Cleave","Sword Boomerang","Carnage"],"relics":["Burning Blood","Bag of Preparation"],"acts_visited":["Exordium"],"potions_floor_usage":[7],"damage_taken":[{"damage":17.0,"enemies":"Small Slimes","floor":1.0,"turns":4.0},{"damage":8.0,"enemies":"Cultist","floor":2.0,"turns":3.0},{"damage":0.0,"enemies":"Jaw Worm","floor":5.0,"turns":1.0},{"damage":18,"enemies":"Large Slime","floor":7,"turns":5},{"damage":25,"enemies":"Exordium Thugs","floor":8,"turns":4},{"damage":53,"enemies":"Lagavulin","floor":11,"turns":6}],"seed_played":"3368113468239225318","potions_obtained":[{"floor":2.0,"key":"LiquidBronze"},{"floor":3.0,"key":"SmokeBomb"}],"is_trial":false,"path_per_floor":["M","M","?","$","M","R","M","M","T","?","E"],"character_chosen":"IRONCLAD","items_purchased":["Cleave"],"campfire_rested":0,"item_purchase_floors":[4],"current_hp_per_floor":[61,59,59,59,65,65,53,34,34,34,0,0],"gold":133,"neow_bonus":"THREE_RARE_CARDS","is_daily":false,"chose_seed":false,"campfire_upgraded":1,"win_rate":0.0,"timestamp":1608169063,"path_taken":["M","M","?","$","?","R","M","M","T","?","E"],"items_purchased_type":["Card"],"build_version":"2020-12-07","purchased_purges":0,"victory":false,"max_hp_per_floor":[80,80,80,80,80,80,80,80,80,80,80,80],"card_choices":[{"not_picked":["Berserk","Demon Form"],"picked":"Brutality","floor":0.0},{"not_picked":["Clothesline","Thunderclap"],"picked":"Wild Strike","floor":1.0},{"not_picked":["Warcry","Combust"],"picked":"Evolve","floor":2.0},{"not_picked":["Thunderclap","Heavy Blade"],"picked":"Sword Boomerang","floor":7},{"not_picked":["Clash","Metallicize"],"picked":"Carnage","floor":8}],"player_experience":1002170,"relics_obtained":[{"floor":9,"key":"Bag of Preparation"}],"event_choices":[{"damage_healed":0.0,"max_hp_gain":0.0,"max_hp_loss":0.0,"gold_gain":0.0,"event_name":"Lab","player_choice":"Got Potions","floor":3.0,"gold_loss":0.0,"damage_taken":0.0},{"damage_healed":0,"gold_gain":65,"player_choice":"Gained Gold","damage_taken":0,"max_hp_gain":0,"max_hp_loss":0,"event_name":"Golden Wing","floor":10,"gold_loss":0}],"is_beta":true,"boss_relics":[],"items_purged_floors":[],"is_endless":false,"potions_floor_spawned":[2],"killed_by":"Lagavulin","ascension_level":12}}