{"host":"szp1d6dso4pv7ddl","time":1608165071,"event":{"mods":["AchievementEnabler","Alarm Clock","BaseMod","Bestiary","Block Reminder","Colored Map","Colored Powertips","Curses Come First","Displayed Cursed Tome","Highlight Path","Minty Spire (QoL Compilation)","Permanent Neow","Quick Restart","Relic Stats","StSLib"],"gold_per_floor":[14,30,30,48,62,87,87,119,119,119,119,135,135,135,135,233,233,188,188,188,188,188,188,36,36,36,36,36,36,36,36,36,36,36,36,36,36,36,36,36,36,36,36,36,36,36,36,36,36,36,36],"floor_reached":50,"playtime":3509,"items_purged":["Defend_R"],"score":694,"play_id":"30492832-6f7e-48c6-a2bd-7f7b0159e505","local_time":"20201216163111","is_ascension_mode":true,"campfire_choices":[{"data":"Double Tap","floor":7.0,"key":"SMITH"},{"floor":10.0,"key":"REST"},{"data":"Cleave","floor":13.0,"key":"SMITH"},{"data":"Bash","floor":15.0,"key":"SMITH"},{"floor":23.0,"key":"REST"},{"data":"Rage","floor":25.0,"key":"SMITH"},{"floor":28.0,"key":"REST"},{"data":"Metallicize","floor":30.0,"key":"SMITH"},{"floor":32.0,"key":"REST"},{"floor":40.0,"key":"REST"},{"floor":45.0,"key":"REST"},{"floor":49.0,"key":"REST"}],"circlet_count":0,"master_deck":["AscendersBane","Strike_R","Strike_R","Strike_R","Strike_R","Bash+1","Double Tap+1","Dropkick","Cleave+1","Thunderclap","Offering","Perfected Strike","Shrug It Off","Shrug It Off","Rage+1","Metallicize+1","Shrug It Off+1","Juggernaut","Fiend Fire+1","Reckless Charge+1","Barricade+1","Dual Wield+1","Rage+1","Shockwave+1","Writhe","Fire Breathing"],"relics":["Burning Blood","GremlinMask","Self Forming Clay","Matryoshka","Pantograph","InkBottle","Ectoplasm","Toxic Egg 2","Astrolabe","Torii","Orichalcum","Kunai"],"acts_visited":["Exordium","TheCity","TheBeyond"],"potions_floor_usage":[50,50],"damage_taken":[{"damage":4.0,"enemies":"Small Slimes","floor":1.0,"turns":5.0},{"damage":1.0,"enemies":"Cultist","floor":2.0,"turns":4.0},{"damage":9.0,"enemies":"2 Louse","floor":4.0,"turns":2.0},{"damage":0.0,"enemies":"Large Slime","floor":5.0,"turns":5.0},{"damage":40.0,"enemies":"3 Sentries","floor":6.0,"turns":9.0},{"damage":39.0,"enemies":"Lagavulin","floor":8.0,"turns":7.0},{"damage":14.0,"enemies":"Exordium Thugs","floor":12.0,"turns":5.0},{"damage":67.0,"enemies":"Hexaghost","floor":16.0,"turns":9.0},{"damage":17.0,"enemies":"2 Thieves","floor":18.0,"turns":3.0},{"damage":27.0,"enemies":"Spheric Guardian","floor":21.0,"turns":4.0},{"damage":30.0,"enemies":"Snake Plant","floor":29.0,"turns":3.0},{"damage":21.0,"enemies":"Cultist and Chosen","floor":31.0,"turns":6.0},{"damage":73.0,"enemies":"Automaton","floor":33.0,"turns":9.0},{"damage":28.0,"enemies":"3 Shapes","floor":35.0,"turns":5.0},{"damage":0.0,"enemies":"Mind Bloom Boss Battle","floor":36.0,"turns":7.0},{"damage":61.0,"enemies":"3 Darklings","floor":37.0,"turns":7.0},{"damage":18.0,"enemies":"Sphere and 2 Shapes","floor":39.0,"turns":8.0},{"damage":49.0,"enemies":"Maw","floor":46.0,"turns":8.0},{"damage":18.0,"enemies":"4 Shapes","floor":48.0,"turns":6.0},{"damage":77,"enemies":"Time Eater","floor":50,"turns":10}],"seed_played":"-1307227994982652077","potions_obtained":[{"floor":2.0,"key":"ColorlessPotion"},{"floor":4.0,"key":"Strength Potion"},{"floor":6.0,"key":"SneckoOil"},{"floor":16.0,"key":"LiquidBronze"},{"floor":31.0,"key":"LiquidMemories"},{"floor":33.0,"key":"Swift Potion"}],"is_trial":false,"path_per_floor":["M","M","?","M","M","E","R","E","T","R","?","M","R","?","R","B",null,"M","?","?","M","?","R","$","R","T","?","R","M","R","M","R","B",null,"M","?","M","?","M","R","$","?","T","T","R","M","$","M","R","B"],"character_chosen":"IRONCLAD","items_purchased":["Rage"],"campfire_rested":7,"item_purchase_floors":[24],"current_hp_per_floor":[74,79,79,76,80,46,46,13,13,37,63,55,55,55,55,19,65,54,54,54,33,18,43,43,43,43,43,68,44,44,29,54,12,67,45,76,21,21,9,34,34,55,55,55,80,37,37,25,50,0,0],"gold":36,"neow_bonus":"THREE_RARE_CARDS","is_daily":false,"chose_seed":false,"campfire_upgraded":5,"win_rate":0.0,"timestamp":1608165071,"path_taken":["M","M","?","M","?","E","R","E","T","R","?","M","R","?","R","BOSS","M","?","?","M","?","R","$","R","T","?","R","M","R","M","R","BOSS","M","?","M","?","?","R","$","?","T","?","R","M","$","M","R","BOSS"],"items_purchased_type":["Card"],"build_version":"2020-12-13","purchased_purges":1,"victory":false,"max_hp_per_floor":[80,80,80,80,80,80,80,80,80,80,80,80,80,80,80,80,80,80,80,80,80,85,85,85,85,85,85,85,85,85,85,85,85,85,85,85,85,85,85,85,85,85,85,85,85,85,85,85,85,85,85],"relic_stats":{"Torii":19,"counters":[20,122],"Self Forming Clay":[201],"Pantograph":100,"Astrolabe":["Fiend Fire","Reckless Charge","Barricade"],"Ectoplasm":387,"Kunai":[13],"Orichalcum":[6],"obtain_stats":[{"Matryoshka":8,"Torii":36,"Self Forming Clay":6,"Pantograph":9,"Astrolabe":34,"GremlinMask":3,"Ectoplasm":17,"Kunai":44,"Toxic Egg 2":26,"Orichalcum":43,"Burning Blood":0,"InkBottle":9},{"Matryoshka":6,"Torii":15,"Self Forming Clay":5,"Pantograph":6,"Astrolabe":13,"GremlinMask":2,"Ectoplasm":8,"Kunai":17,"Toxic Egg 2":10,"Orichalcum":17,"Burning Blood":0,"InkBottle":6},{"Matryoshka":32,"Torii":83,"Self Forming Clay":25,"Pantograph":32,"Astrolabe":71,"GremlinMask":9,"Ectoplasm":46,"Kunai":98,"Toxic Egg 2":53,"Orichalcum":98,"Burning Blood":0,"InkBottle":32}],"Burning Blood":112,"InkBottle":[33]},"card_choices":[{"not_picked":["Brutality","Exhume"],"picked":"Double Tap","floor":0.0},{"not_picked":["Anger","Ghostly Armor"],"picked":"Dropkick","floor":1.0},{"not_picked":["Seeing Red","Havoc"],"picked":"Cleave","floor":2.0},{"not_picked":["Anger","Clothesline","Body Slam"],"picked":"SKIP","floor":4.0},{"not_picked":["Offering","Cleave"],"picked":"Thunderclap","floor":5.0},{"not_picked":["Twin Strike","Warcry","Flex"],"picked":"SKIP","floor":6.0},{"not_picked":["Clash","Clothesline","Feel No Pain"],"picked":"SKIP","floor":8.0},{"not_picked":["Bloodletting","Clash","Havoc"],"picked":"SKIP","floor":12.0},{"not_picked":["Double Tap","Fiend Fire"],"picked":"Offering","floor":16.0},{"not_picked":["Iron Wave","Twin Strike"],"picked":"Perfected Strike","floor":18.0},{"not_picked":["Anger+1","Headbutt+1"],"picked":"Shrug It Off","floor":21.0},{"not_picked":["Corruption","Headbutt"],"picked":"Metallicize","floor":29.0},{"not_picked":["Armaments+1","Cleave+1"],"picked":"Shrug It Off+1","floor":31.0},{"not_picked":["Offering+1","Double Tap+1"],"picked":"Juggernaut","floor":33.0},{"not_picked":["Wild Strike+1","Armaments+1"],"picked":"Dual Wield+1","floor":35.0},{"not_picked":["Disarm+1","Pommel Strike","Shrug It Off+1"],"picked":"SKIP","floor":37.0},{"not_picked":["Clothesline","Reckless Charge"],"picked":"Shockwave+1","floor":39.0},{"not_picked":["True Grit+1","Cleave+1","Wild Strike+1"],"picked":"SKIP","floor":46.0},{"not_picked":["Thunderclap+1","Dark Embrace+1"],"picked":"Fire Breathing","floor":48.0}],"player_experience":952384,"relics_obtained":[{"floor":6.0,"key":"Self Forming Clay"},{"floor":8.0,"key":"Matryoshka"},{"floor":9.0,"key":"Pantograph"},{"floor":9.0,"key":"InkBottle"},{"floor":26.0,"key":"Toxic Egg 2"},{"floor":36.0,"key":"Torii"},{"floor":43.0,"key":"Orichalcum"},{"floor":44.0,"key":"Kunai"}],"event_choices":[{"damage_healed":0.0,"max_hp_gain":0.0,"max_hp_loss":0.0,"gold_gain":0.0,"event_name":"FaceTrader","player_choice":"Trade","floor":3.0,"gold_loss":0.0,"damage_taken":0.0,"relics_obtained":["GremlinMask"]},{"damage_healed":26.0,"max_hp_gain":0.0,"max_hp_loss":0.0,"gold_gain":0.0,"event_name":"Big Fish","player_choice":"Banana","floor":11.0,"gold_loss":0.0,"damage_taken":0.0},{"cards_removed":["Defend_R"],"damage_healed":0.0,"max_hp_gain":0.0,"max_hp_loss":0.0,"gold_gain":0.0,"event_name":"Bonfire Elementals","player_choice":"Offered Basic","floor":14.0,"gold_loss":0.0,"damage_taken":0.0},{"damage_healed":0.0,"max_hp_gain":0.0,"max_hp_loss":0.0,"gold_gain":0.0,"cards_transformed":["Defend_R","Defend_R"],"event_name":"Drug Dealer","player_choice":"Became Test Subject","floor":19.0,"gold_loss":0.0,"damage_taken":0.0,"cards_obtained":["Rupture","Inflame"]},{"damage_healed":0.0,"max_hp_gain":0.0,"max_hp_loss":0.0,"gold_gain":0.0,"event_name":"The Library","player_choice":"Read","floor":20.0,"gold_loss":0.0,"damage_taken":0.0,"cards_obtained":["Shrug It Off"]},{"damage_healed":0.0,"max_hp_gain":5.0,"max_hp_loss":0.0,"gold_gain":0.0,"event_name":"Forgotten Altar","player_choice":"Shed Blood","floor":22.0,"gold_loss":0.0,"damage_taken":20.0},{"damage_healed":0.0,"max_hp_gain":0.0,"max_hp_loss":0.0,"gold_gain":0.0,"event_name":"Vampires","player_choice":"Ignored","floor":27.0,"gold_loss":0.0,"damage_taken":0.0},{"damage_healed":0.0,"max_hp_gain":0.0,"max_hp_loss":0.0,"gold_gain":0.0,"event_name":"MindBloom","player_choice":"Fight","floor":36.0,"gold_loss":0.0,"damage_taken":0.0},{"damage_healed":0.0,"max_hp_gain":0.0,"max_hp_loss":0.0,"gold_gain":0.0,"event_name":"Duplicator","player_choice":"Copied","floor":38.0,"gold_loss":0.0,"damage_taken":0.0,"cards_obtained":["Rage"]},{"damage_healed":21.0,"max_hp_gain":0.0,"max_hp_loss":0.0,"gold_gain":0.0,"event_name":"Winding Halls","player_choice":"Writhe","floor":42.0,"gold_loss":0.0,"damage_taken":0.0,"cards_obtained":["Writhe"]}],"is_beta":false,"boss_relics":[{"not_picked":["Runic Cube","Runic Dome"],"picked":"Ectoplasm"},{"not_picked":["SacredBark","Tiny House"],"picked":"Astrolabe"}],"items_purged_floors":[24],"is_endless":false,"potions_floor_spawned":[2,4,6,16,31,33,35,36,37,48],"killed_by":"Time Eater","ascension_level":11}}