{"host":"ilxricga2547gmyy","time":1608165294,"event":{"mods":["AchievementEnabler","BaseMod","Minty Spire (QoL Compilation)","Quick Restart","Replay The Spire","StSLib"],"gold_per_floor":[409,429,34,84,102,132,132,158,182,182,182,18,18,36,36,139,139,151,57,69,69,69,69,69],"floor_reached":23,"playtime":1597,"items_purged":["Delirium","Strike_R"],"score":311,"play_id":"f9021631-8aa2-46e4-a153-5d5fedabc1aa","local_time":"20201217013454","is_ascension_mode":true,"campfire_choices":[{"floor":11,"key":"REST"},{"floor":13,"key":"REST"},{"data":"True Grit","floor":15,"key":"SMITH"}],"circlet_count":0,"master_deck":["Strike_R","Strike_R","Strike_R","Strike_R","Defend_R","Defend_R+1","Defend_R","Defend_R","Bash","Burning Pact","Rupture","Crow Ritual","Shrug It Off+1","Metallicize","Barricade","Sever Soul","True Grit","Havoc","Pommel Strike","Headbutt","True Grit+1","Offering","Second Wind+1","Flame Barrier","Flame Barrier","Pommel Strike"],"relics":["Black Blood","Old Coin","TheAbacus","Ring of Peace","Ring of Greed","The Courier","Smiling Mask","Happy Flower","Toy Ornithopter","Orrery","Replay:Grab Bag","Sozu","Philosopher\u0027s Stone","Empty Cage","MutagenicStrength"],"acts_visited":["Exordium","TheCity"],"potions_floor_usage":[8,16,18],"damage_taken":[{"damage":11,"enemies":"2 Louse","floor":1,"turns":3},{"damage":19,"enemies":"Jaw Worm","floor":2,"turns":4},{"damage":5,"enemies":"Small Slimes","floor":5,"turns":6},{"damage":6,"enemies":"Lagavulin","floor":6,"turns":15},{"damage":36,"enemies":"3 Sentries","floor":8,"turns":20},{"damage":18,"enemies":"Exordium Wildlife","floor":14,"turns":7},{"damage":16,"enemies":"Slime Boss","floor":16,"turns":18},{"damage":62,"enemies":"3 Byrds","floor":18,"turns":9},{"damage":20,"enemies":"Chosen","floor":20,"turns":13},{"damage":4,"enemies":"Book of Stabbing","floor":23,"turns":4}],"seed_played":"1543015376429061032","potions_obtained":[{"floor":2,"key":"GamblersBrew"},{"floor":5,"key":"LifebloodPotion"},{"floor":6,"key":"Weak Potion"}],"is_trial":false,"path_per_floor":["M","M","$","?","M","E","?","E","T","?","R","$","R","M","R","B",null,"M","$","M","?","?","E"],"character_chosen":"IRONCLAD","items_purchased":["Crow Ritual","TheAbacus","Shrug It Off","Orrery","Flame Barrier"],"campfire_rested":2,"item_purchase_floors":[3,3,3,12,19],"current_hp_per_floor":[67,54,54,54,55,55,55,25,25,9,33,33,57,45,45,40,70,25,25,17,2,2,0,0],"gold":69,"neow_bonus":"ONE_RARE_RELIC","is_daily":false,"chose_seed":false,"campfire_upgraded":1,"win_rate":0.0,"timestamp":1608165294,"path_taken":["M","M","$","?","M","E","?","E","T","?","R","?","R","M","R","BOSS","M","$","M","?","?","E"],"items_purchased_type":["Card","Relic","Card","Relic","Card"],"build_version":"2020-12-13","purchased_purges":2,"victory":false,"max_hp_per_floor":[80,80,80,80,80,80,80,80,80,80,80,80,80,80,80,80,80,80,80,80,85,85,85,85],"card_choices":[{"not_picked":["Reckless Charge","Rampage"],"picked":"Burning Pact","floor":1},{"not_picked":["Clothesline","Flex"],"picked":"Rupture","floor":2},{"not_picked":["ReplayTheSpireMod:Stacked","Rampage"],"picked":"Metallicize","floor":5},{"not_picked":["Thunderclap","Heavy Blade","Flex"],"picked":"SKIP","floor":6},{"not_picked":["Headbutt","Clash"],"picked":"Barricade","floor":8},{"not_picked":["Body Slam","Pommel Strike"],"picked":"Sever Soul","floor":12},{"not_picked":["Sword Boomerang","ReplayReversal"],"picked":"True Grit","floor":12},{"not_picked":["Rupture","Anger"],"picked":"Havoc","floor":12},{"not_picked":["Twin Strike","Iron Wave"],"picked":"Pommel Strike","floor":12},{"not_picked":["Body Slam","Cleave"],"picked":"Headbutt","floor":12},{"not_picked":["Replay:Undeath\u0027s Touch","Anger"],"picked":"True Grit","floor":14},{"not_picked":["Replay:Many Hands","Barricade"],"picked":"Offering","floor":16},{"not_picked":["Anger","Pommel Strike+1"],"picked":"Second Wind+1","floor":18},{"not_picked":["ReplayTheSpireMod:Strike From Hell","Thunderclap"],"picked":"Pommel Strike","floor":20}],"player_experience":232161,"relics_obtained":[{"floor":4,"key":"Ring of Peace"},{"floor":4,"key":"Ring of Greed"},{"floor":4,"key":"The Courier"},{"floor":4,"key":"Smiling Mask"},{"floor":6,"key":"Happy Flower"},{"floor":8,"key":"Toy Ornithopter"}],"event_choices":[{"damage_healed":0,"gold_gain":0,"player_choice":"Ignored","damage_taken":0,"max_hp_gain":0,"max_hp_loss":0,"event_name":"Golden Idol","floor":7,"gold_loss":0},{"damage_healed":0,"gold_gain":0,"player_choice":"Entered Light","damage_taken":16,"max_hp_gain":0,"max_hp_loss":0,"event_name":"Shining Light","floor":10,"gold_loss":0,"cards_upgraded":["Shrug It Off","Defend_R"]},{"damage_healed":0,"gold_gain":0,"player_choice":"Shed Blood","damage_taken":20,"max_hp_gain":5,"max_hp_loss":0,"event_name":"Forgotten Altar","floor":21,"gold_loss":0},{"damage_healed":0,"gold_gain":0,"player_choice":"Inject Mutagens","damage_taken":0,"relics_obtained":["MutagenicStrength"],"max_hp_gain":0,"max_hp_loss":0,"event_name":"Drug Dealer","floor":22,"gold_loss":0}],"is_beta":false,"boss_relics":[{"not_picked":["ReplayTheSpireMod:DimensionalGlitch","Busted Crown"],"picked":"Replay:Grab Bag"},{"not_picked":["Ectoplasm","Ooze Armor"],"picked":"Sozu"},{"not_picked":["Mark of Pain","Coffee Dripper"],"picked":"Philosopher\u0027s Stone"},{"not_picked":["Pandora\u0027s Box","Kintsugi"],"picked":"Empty Cage"},{"not_picked":["Ring of Chaos","Calling Bell"],"picked":"Black Blood"}],"items_purged_floors":[12,19],"is_endless":false,"potions_floor_spawned":[2,5,6],"killed_by":"Book of Stabbing","ascension_level":8}}