{"host":"ci7ivtocgfxh0ueo","time":1608177312,"event":{"mods":["BaseMod","GifTheSpireLib","Minty Spire (QoL Compilation)","StSLib"],"gold_per_floor":[109,109,123,133,145,145,64,95,145,145,295,313,343,3,3,81,81,97,97,112,112,112],"floor_reached":21,"playtime":624,"items_purged":["Doubt"],"score":331,"play_id":"21a9acb6-6de7-4535-921a-182f4824b1d2","local_time":"20201217115512","is_ascension_mode":true,"campfire_choices":[{"floor":6,"key":"REST"},{"data":"Crippling Poison","floor":10,"key":"SMITH"},{"floor":15,"key":"REST"}],"circlet_count":0,"master_deck":["AscendersBane","Strike_G","Strike_G","Strike_G","Strike_G","Defend_G","Defend_G","Defend_G","Defend_G","Defend_G","Survivor","Neutralize","Dagger Throw","Neutralize","Poisoned Stab","Underhanded Strike","Crippling Poison+1","Noxious Fumes","Acrobatics","Riddle With Holes","After Image","Bullet Time","CurseOfTheBell","Reflex+1","Flying Knee","Bouncing Flask"],"relics":["Ring of the Snake","Regal Pillow","Darkstone Periapt","Ancient Tea Set","Calling Bell","Happy Flower","Kunai","Bird Faced Urn"],"acts_visited":["Exordium","TheCity"],"potions_floor_usage":[8,12,16,16,20,21],"damage_taken":[{"damage":19,"enemies":"Jaw Worm","floor":1,"turns":6},{"damage":0,"enemies":"Cultist","floor":3,"turns":3},{"damage":7,"enemies":"Small Slimes","floor":4,"turns":3},{"damage":9,"enemies":"Blue Slaver","floor":5,"turns":4},{"damage":20,"enemies":"3 Sentries","floor":8,"turns":8},{"damage":3,"enemies":"Red Slaver","floor":12,"turns":4},{"damage":30,"enemies":"Hexaghost","floor":16,"turns":8},{"damage":16,"enemies":"Spheric Guardian","floor":18,"turns":5},{"damage":28,"enemies":"2 Thieves","floor":20,"turns":4},{"damage":50,"enemies":"Cultist and Chosen","floor":21,"turns":4}],"seed_played":"4103095062907600251","potions_obtained":[{"floor":4,"key":"BlessingOfTheForge"},{"floor":8,"key":"Weak Potion"},{"floor":16,"key":"CunningPotion"},{"floor":20,"key":"LiquidBronze"}],"is_trial":false,"path_per_floor":["M","?","M","M","M","R","$","E","T","R","?","M","?","$","R","B",null,"M","?","M","M"],"character_chosen":"THE_SILENT","items_purchased":["Noxious Fumes","After Image","BlessingOfTheForge","SteroidPotion"],"campfire_rested":2,"item_purchase_floors":[7,14,14,14],"current_hp_per_floor":[40,40,40,33,24,58,58,38,38,38,44,41,41,41,72,42,71,59,59,33,0,0],"gold":112,"neow_bonus":"RANDOM_COMMON_RELIC","is_daily":false,"chose_seed":false,"campfire_upgraded":1,"win_rate":0.0,"timestamp":1608177312,"path_taken":["M","?","M","?","M","R","$","E","T","R","?","M","?","$","R","BOSS","M","?","?","M"],"items_purchased_type":["Card","Card","Potion","Potion"],"build_version":"2020-12-13","purchased_purges":1,"victory":false,"max_hp_per_floor":[66,66,66,66,66,66,66,66,66,66,72,72,72,72,72,72,78,78,78,78,78,78],"card_choices":[{"not_picked":["Slice","Dagger Spray"],"picked":"Dagger Throw","floor":1},{"not_picked":["Prepared","Flying Knee"],"picked":"Poisoned Stab","floor":3},{"not_picked":["Phantasmal Killer","Leg Sweep"],"picked":"Underhanded Strike","floor":4},{"not_picked":["Underhanded Strike","Sucker Punch"],"picked":"Crippling Poison","floor":5},{"not_picked":["Slice","Accuracy"],"picked":"Acrobatics","floor":8},{"not_picked":["Cloak And Dagger","Blade Dance"],"picked":"Riddle With Holes","floor":12},{"not_picked":["Night Terror","Grand Finale"],"picked":"Bullet Time","floor":16},{"not_picked":["Choke","Endless Agony"],"picked":"Reflex+1","floor":18},{"not_picked":["Crippling Poison+1","Quick Slash"],"picked":"Bouncing Flask","floor":20}],"player_experience":1260024,"relics_obtained":[{"floor":8,"key":"Darkstone Periapt"},{"floor":9,"key":"Ancient Tea Set"},{"floor":17,"key":"Happy Flower"},{"floor":17,"key":"Kunai"},{"floor":17,"key":"Bird Faced Urn"}],"event_choices":[{"damage_healed":0,"gold_gain":0,"player_choice":"1 cards matched","damage_taken":0,"max_hp_gain":0,"max_hp_loss":0,"event_name":"Match and Keep!","floor":2,"gold_loss":0,"cards_obtained":["Neutralize"]},{"damage_healed":0,"gold_gain":150,"player_choice":"AGREE","damage_taken":0,"max_hp_gain":0,"max_hp_loss":0,"event_name":"Liars Game","floor":11,"gold_loss":0,"cards_obtained":["Doubt"]},{"damage_healed":0,"gold_gain":30,"player_choice":"Searched \u00271\u0027 times","damage_taken":0,"max_hp_gain":0,"max_hp_loss":0,"event_name":"Dead Adventurer","floor":13,"gold_loss":0},{"damage_healed":0,"gold_gain":0,"cards_transformed":["Strike_G"],"player_choice":"Transformed","damage_taken":0,"max_hp_gain":0,"max_hp_loss":0,"event_name":"Transmorgrifier","floor":19,"gold_loss":0,"cards_obtained":["Flying Knee"]}],"is_beta":false,"boss_relics":[{"not_picked":["Coffee Dripper","Ectoplasm"],"picked":"Calling Bell"}],"items_purged_floors":[14],"is_endless":false,"potions_floor_spawned":[4,8,16,20],"killed_by":"Cultist and Chosen","ascension_level":17}}