{"host":"684z1xpuwaoqmmh1","time":1608183776,"event":{"mods":["Bard","BaseMod","Downfall","Hermit","Jorbs\u0027s Wanderer Trilogy","Marisa????????","Minty Spire (QoL Compilation)","StSLib","The Hierophant","The Mystic","The Runesmith"],"gold_per_floor":[99,114,146,159,159,173,173,173,199,211,238,235,264,276,301,313,313],"floor_reached":16,"playtime":648,"items_purged":[],"score":168,"play_id":"cf68fe48-3555-493c-8a83-ce55916a8c6b","local_time":"20201217074256","is_ascension_mode":true,"campfire_choices":[{"data":"champ:Taunt","floor":1,"key":"SMITH"},{"floor":5,"key":"REST"},{"data":"champ:EnchantShield","floor":8,"key":"SMITH"},{"data":"champ:GutPunch","floor":10,"key":"SMITH"}],"circlet_count":0,"master_deck":["AscendersBane","champ:Strike","champ:Strike","champ:Strike","champ:Defend","champ:Defend","champ:Defend","champ:Execute","champ:Taunt+1","champ:SwordSigil","champ:Encircle","champ:EnchantShield+1","champ:RisingSlash","champ:DefensiveStyle","champ:GutPunch+1","champ:TornadoPunch","champ:EndlessRage","champ:TornadoPunch"],"relics":["champ:ChampionCrown","champ:DeflectingBracers","Mango","MawBank"],"acts_visited":["Exordium"],"potions_floor_usage":[],"damage_taken":[{"damage":13,"enemies":"Jaw Worm","floor":2,"turns":5},{"damage":56,"enemies":"Gremlin Nob","floor":3,"turns":5},{"damage":9,"enemies":"2 Louse","floor":4,"turns":3},{"damage":13,"enemies":"Cultist","floor":6,"turns":3},{"damage":41,"enemies":"3 Sentries","floor":9,"turns":6},{"damage":3,"enemies":"Blue Slaver","floor":11,"turns":4},{"damage":21,"enemies":"downfall:FleeingMerchant","floor":12,"turns":4},{"damage":13,"enemies":"Exordium Wildlife","floor":13,"turns":4},{"damage":15,"enemies":"Red Slaver","floor":15,"turns":3},{"damage":53,"enemies":"downfall:Defect","floor":16,"turns":5}],"seed_played":"4057199310611120864","potions_obtained":[{"floor":4,"key":"Swift Potion"},{"floor":6,"key":"SteroidPotion"},{"floor":9,"key":"BlessingOfTheForge"}],"is_trial":false,"path_per_floor":["R","M","E","M","R","M","T","R","E","R","M","$","M","?","M","B"],"character_chosen":"THE_CHAMP","items_purchased":[],"campfire_rested":1,"item_purchase_floors":[],"current_hp_per_floor":[81,73,28,26,53,53,67,67,46,46,45,55,52,52,51,0,0],"gold":313,"neow_bonus":"TRANSFORM_CARD","is_daily":false,"chose_seed":false,"campfire_upgraded":3,"win_rate":0.0,"timestamp":1608183776,"path_taken":["R","M","E","M","R","M","T","R","E","R","M","$","M","?","M","BOSS"],"items_purchased_type":[],"build_version":"2020-12-13","purchased_purges":0,"victory":false,"max_hp_per_floor":[90,90,90,90,90,90,104,104,104,104,104,104,104,104,104,104,104],"card_choices":[{"not_picked":["champ:DefensiveShout","champ:BerserkersShout"],"picked":"champ:Encircle","floor":2},{"not_picked":["champ:FocusedBerserking","champ:CalledShot"],"picked":"champ:EnchantShield","floor":3},{"not_picked":["champ:SwordSigil","champ:ShieldSigil"],"picked":"champ:RisingSlash","floor":4},{"not_picked":["champ:Balance","champ:Control"],"picked":"champ:DefensiveStyle","floor":6},{"not_picked":["champ:IronFortress","champ:FocusedDefense"],"picked":"champ:GutPunch","floor":9},{"not_picked":["champ:ArenaPreparation","champ:Circumvent"],"picked":"champ:TornadoPunch","floor":11},{"not_picked":["champ:AdrenalArmor","champ:ViciousMockery"],"picked":"champ:EndlessRage","floor":12},{"not_picked":["champ:Aggression","champ:FlashCut"],"picked":"champ:TornadoPunch","floor":13},{"not_picked":["champ:Encircle","champ:TornadoPunch","champ:BerserkersShout"],"picked":"SKIP","floor":15}],"player_experience":2342397,"relics_obtained":[{"floor":3,"key":"champ:DeflectingBracers"},{"floor":7,"key":"Mango"},{"floor":9,"key":"MawBank"}],"event_choices":[{"cards_removed":["champ:Defend"],"damage_healed":0,"gold_gain":0,"player_choice":"Card Removal","damage_taken":0,"max_hp_gain":0,"max_hp_loss":0,"event_name":"The Cleric","floor":14,"gold_loss":0}],"is_beta":false,"boss_relics":[],"items_purged_floors":[],"is_endless":false,"potions_floor_spawned":[4,6,9,15],"killed_by":"downfall:Defect","ascension_level":10}}