{"host":"mi0eibewekhugwl1","time":1608224525,"event":{"mods":["AchievementEnabler","BaseMod","Colored Map","Colored Powertips","DeckTracker","Keyboard Shortcuts","Minty Spire (QoL Compilation)","Quick Restart","Rare Cards Sparkle","Relic Stats","StSLib","SuperFastMode","everything is the same but u backflip on backflip"],"gold_per_floor":[117,127,142,142,157,157,192,192,217,247,247,310,329,32,32,104,104,119,151,151,60,71,71,71,86,86,99,111,111,16,32,32,32,32],"floor_reached":33,"playtime":627,"items_purged":["Strike_B","Strike_B","Defend_B"],"score":554,"play_id":"4f893a79-23c4-4334-9461-a0afdfa3a8b5","local_time":"20201218020205","is_ascension_mode":true,"campfire_choices":[{"data":"Sunder","floor":6.0,"key":"SMITH"},{"floor":8.0,"key":"REST"},{"data":"Zap","floor":11.0,"key":"SMITH"},{"floor":15.0,"key":"REST"},{"data":"Beam Cell","floor":23.0,"key":"SMITH"},{"floor":29,"key":"REST"},{"data":"Go for the Eyes","floor":32,"key":"SMITH"}],"circlet_count":0,"master_deck":["AscendersBane","Defend_B","Defend_B","Defend_B","Zap+1","Dualcast","BootSequence","Sunder+1","FTL","Turbo","Gash","Self Repair","Gash","All For One","Beam Cell+1","Leap","Go for the Eyes+1","Buffer","Leap+1","Finesse"],"relics":["NeowsBlessing","Smiling Mask","Shuriken","Orichalcum","Bag of Marbles","Regal Pillow","Membership Card","Blood Vial","Empty Cage","Red Mask","Nloth\u0027s Gift","Tiny Chest"],"acts_visited":["Exordium","TheCity"],"potions_floor_usage":[24,24,31,33],"damage_taken":[{"damage":0.0,"enemies":"Cultist","floor":1.0,"turns":1.0},{"damage":0.0,"enemies":"2 Louse","floor":2.0,"turns":1.0},{"damage":0.0,"enemies":"Jaw Worm","floor":3.0,"turns":1.0},{"damage":0.0,"enemies":"Red Slaver","floor":5.0,"turns":3.0},{"damage":32.0,"enemies":"Gremlin Nob","floor":7.0,"turns":4.0},{"damage":13.0,"enemies":"Lagavulin","floor":10.0,"turns":7.0},{"damage":2.0,"enemies":"Gremlin Nob","floor":12.0,"turns":3.0},{"damage":17.0,"enemies":"Lots of Slimes","floor":13.0,"turns":4.0},{"damage":42.0,"enemies":"The Guardian","floor":16.0,"turns":13.0},{"damage":24.0,"enemies":"2 Thieves","floor":18.0,"turns":3.0},{"damage":19.0,"enemies":"Masked Bandits","floor":19.0,"turns":4.0},{"damage":0.0,"enemies":"Chosen","floor":22.0,"turns":3.0},{"damage":0,"enemies":"Book of Stabbing","floor":24,"turns":2},{"damage":19,"enemies":"Snake Plant","floor":25,"turns":3},{"damage":9,"enemies":"Snecko","floor":27,"turns":4},{"damage":17,"enemies":"Chosen and Byrds","floor":28,"turns":7},{"damage":20,"enemies":"Sentry and Sphere","floor":31,"turns":5},{"damage":106,"enemies":"Collector","floor":33,"turns":8}],"seed_played":"1773232432952619049","potions_obtained":[{"floor":2.0,"key":"EssenceOfSteel"},{"floor":7.0,"key":"Block Potion"},{"floor":16.0,"key":"EntropicBrew"},{"floor":28,"key":"FearPotion"},{"floor":31,"key":"DistilledChaos"}],"is_trial":false,"path_per_floor":["M","M","M","T","M","R","E","R","T","E","R","?","M","$","R","B",null,"M","?","?","$","M","R","E","M","T","M","M","R","$","M","R","B"],"character_chosen":"DEFECT","items_purchased":["Membership Card","Blood Vial","Beam Cell","Leap","Finesse"],"campfire_rested":3,"item_purchase_floors":[14,14,21,21,30],"current_hp_per_floor":[64,64,64,64,64,64,32,53,53,40,40,38,28,28,64,31,61,46,36,36,36,45,45,54,44,44,37,29,65,65,54,54,0,0],"gold":32,"neow_bonus":"THREE_ENEMY_KILL","is_daily":false,"chose_seed":false,"campfire_upgraded":4,"win_rate":0.0,"timestamp":1608224525,"path_taken":["M","M","M","?","M","R","E","R","T","E","R","?","M","$","R","BOSS","M","?","?","$","?","R","E","M","T","M","M","R","$","M","R","BOSS"],"items_purchased_type":["Relic","Relic","Card","Card","Card"],"build_version":"2020-12-13","purchased_purges":3,"victory":false,"max_hp_per_floor":[71,71,71,71,71,71,71,71,71,71,71,71,71,71,71,71,71,71,71,71,71,71,71,71,71,71,71,71,71,71,71,71,71,71],"relic_stats":{"Blood Vial":20,"Regal Pillow":30,"counters":[18,76],"Shuriken":[21],"Tiny Chest":0,"Nloth\u0027s Gift":2,"Orichalcum":[138],"Smiling Mask":1,"obtain_stats":[{"Regal Pillow":12,"NeowsBlessing":0,"Orichalcum":9,"Smiling Mask":4,"Empty Cage":17,"Blood Vial":14,"Shuriken":7,"Tiny Chest":26,"Bag of Marbles":10,"Red Mask":19,"Nloth\u0027s Gift":20,"Membership Card":14,"Cracked Core":0},{"Regal Pillow":7,"NeowsBlessing":0,"Orichalcum":5,"Smiling Mask":3,"Empty Cage":9,"Blood Vial":8,"Shuriken":5,"Tiny Chest":14,"Bag of Marbles":6,"Red Mask":11,"Nloth\u0027s Gift":11,"Membership Card":8,"Cracked Core":0},{"Regal Pillow":20,"NeowsBlessing":0,"Orichalcum":10,"Smiling Mask":3,"Empty Cage":37,"Blood Vial":24,"Shuriken":10,"Tiny Chest":52,"Bag of Marbles":17,"Red Mask":44,"Nloth\u0027s Gift":44,"Membership Card":24,"Cracked Core":0}]},"card_choices":[{"not_picked":["Redo","Barrage","Leap"],"picked":"SKIP","floor":1.0},{"not_picked":["Scrape","Fusion"],"picked":"BootSequence","floor":2.0},{"not_picked":["Ball Lightning","Lockon"],"picked":"Sunder","floor":3.0},{"not_picked":["Auto Shields","Recycle"],"picked":"FTL","floor":5.0},{"not_picked":["Hologram","Machine Learning"],"picked":"Turbo","floor":7.0},{"not_picked":["Chill","Defragment"],"picked":"Gash","floor":10.0},{"not_picked":["Hello World","Sweeping Beam"],"picked":"Self Repair","floor":12.0},{"not_picked":["Leap","Stack"],"picked":"Gash","floor":13.0},{"not_picked":["Meteor Strike","Hyperbeam"],"picked":"All For One","floor":16.0},{"not_picked":["Ball Lightning","Barrage","Hello World"],"picked":"SKIP","floor":18.0},{"not_picked":["All For One","Conserve Battery"],"picked":"Go for the Eyes","floor":22.0},{"not_picked":["Redo","Leap"],"picked":"Buffer","floor":25},{"not_picked":["Cold Snap","Capacitor","Doom and Gloom"],"picked":"SKIP","floor":27},{"not_picked":["Streamline","Blizzard"],"picked":"Leap+1","floor":28},{"not_picked":["Genetic Algorithm","Compile Driver+1","Streamline"],"picked":"SKIP","floor":31}],"player_experience":1689136,"relics_obtained":[{"floor":4.0,"key":"Smiling Mask"},{"floor":7.0,"key":"Shuriken"},{"floor":9.0,"key":"Orichalcum"},{"floor":10.0,"key":"Bag of Marbles"},{"floor":12.0,"key":"Regal Pillow"},{"floor":19.0,"key":"Red Mask"},{"floor":26,"key":"Tiny Chest"}],"event_choices":[{"damage_healed":0.0,"max_hp_gain":0.0,"max_hp_loss":0.0,"gold_gain":0.0,"event_name":"Dead Adventurer","player_choice":"Searched \u00271\u0027 times","floor":12.0,"gold_loss":0.0,"damage_taken":0.0},{"damage_healed":0.0,"max_hp_gain":0.0,"max_hp_loss":0.0,"gold_gain":0.0,"event_name":"Masked Bandits","player_choice":"Fought Bandits","floor":19.0,"gold_loss":0.0,"damage_taken":0.0},{"damage_healed":0.0,"max_hp_gain":0.0,"max_hp_loss":0.0,"gold_gain":0.0,"event_name":"N\u0027loth","player_choice":"Traded Relic","floor":20.0,"relics_lost":["Cracked Core"],"gold_loss":0.0,"damage_taken":0.0,"relics_obtained":["Nloth\u0027s Gift"]}],"is_beta":false,"boss_relics":[{"not_picked":["SlaversCollar","Coffee Dripper"],"picked":"Empty Cage"}],"items_purged_floors":[14,21,30],"is_endless":false,"potions_floor_spawned":[2,7,16,18,28,31],"killed_by":"Collector","ascension_level":20}}