{"host":"brlhu57vzmgrzvkq","time":1608183659,"event":{"mods":["AchievementEnabler","BaseMod","Colored Map","Hermit","Minty Spire (QoL Compilation)","StSLib","SuperFastMode","The Cursed","The Servant 0.9.4"],"gold_per_floor":[116,116,133,153,165,165,197,213,213,213,113,113,130,130,130,229,229,244,42,60,0,19,19,19,38,93,93,93],"floor_reached":27,"playtime":764,"items_purged":["Strike_B"],"score":237,"play_id":"eb776f4a-814a-4169-ad66-3fdd2080b501","local_time":"20201216224059","is_ascension_mode":true,"campfire_choices":[{"data":"Zap","floor":6.0,"key":"SMITH"},{"data":"Barrage","floor":10.0,"key":"SMITH"},{"data":"Sweeping Beam","floor":15.0,"key":"SMITH"},{"floor":23,"key":"REST"}],"circlet_count":0,"master_deck":["Strike_B","Strike_B","Defend_B","Defend_B","Defend_B","Zap+1","Dualcast+1","Core Surge","Compile Driver","Sweeping Beam+1","Hologram","Seek","Barrage+1","Conserve Battery","Coolheaded","Amplify","Rebound","Undo","Defragment+1","Decay","Turbo+1"],"relics":["Cracked Core","Pear","Sundial","SlaversCollar","Bronze Scales","Vajra"],"acts_visited":["Exordium","TheCity"],"potions_floor_usage":[20,25,27],"damage_taken":[{"damage":5.0,"enemies":"Small Slimes","floor":1.0,"turns":3.0},{"damage":0.0,"enemies":"Cultist","floor":3.0,"turns":3.0},{"damage":2.0,"enemies":"Jaw Worm","floor":4.0,"turns":4.0},{"damage":2.0,"enemies":"Looter","floor":5.0,"turns":3.0},{"damage":27.0,"enemies":"Gremlin Nob","floor":7.0,"turns":4.0},{"damage":14.0,"enemies":"Lots of Slimes","floor":8.0,"turns":2.0},{"damage":2.0,"enemies":"Large Slime","floor":13.0,"turns":4.0},{"damage":19.0,"enemies":"Slime Boss","floor":16.0,"turns":10.0},{"damage":23.0,"enemies":"3 Byrds","floor":18.0,"turns":4.0},{"damage":12,"enemies":"Shell Parasite","floor":20,"turns":2},{"damage":27,"enemies":"Snecko","floor":22,"turns":5},{"damage":23,"enemies":"Snake Plant","floor":25,"turns":4},{"damage":25,"enemies":"Centurion and Healer","floor":27,"turns":2}],"seed_played":"-2363105300830312869","potions_obtained":[{"floor":1.0,"key":"SkillPotion"},{"floor":7.0,"key":"SteroidPotion"},{"floor":8.0,"key":"ColorlessPotion"},{"floor":18.0,"key":"SkillPotion"},{"floor":20,"key":"DistilledChaos"},{"floor":25,"key":"ColorlessPotion"}],"is_trial":false,"path_per_floor":["M","?","M","M","M","R","E","M","T","R","$","?","M","?","R","B",null,"M","$","M","?","M","R","?","M","T","M"],"character_chosen":"DEFECT","items_purchased":["Conserve Battery","Bronze Scales","Rebound"],"campfire_rested":1,"item_purchase_floors":[11,19,19],"current_hp_per_floor":[70,70,70,68,66,66,49,35,35,35,35,35,33,33,33,14,85,62,62,50,50,23,48,48,25,25,0,0],"gold":93,"neow_bonus":"ONE_RANDOM_RARE_CARD","is_daily":false,"chose_seed":false,"campfire_upgraded":3,"win_rate":0.0,"timestamp":1608183659,"path_taken":["M","?","?","M","M","R","E","M","T","R","$","?","M","?","R","BOSS","M","$","?","?","M","R","?","M","T","M"],"items_purchased_type":["Card","Relic","Card"],"build_version":"2020-12-13","purchased_purges":1,"victory":false,"max_hp_per_floor":[75,75,75,75,75,75,85,85,85,85,85,85,85,85,85,85,85,85,85,85,85,85,85,85,85,85,85,85],"card_choices":[{"not_picked":["Fusion","Chaos","Gash"],"picked":"SKIP","floor":1.0},{"not_picked":["Static Discharge","Conserve Battery"],"picked":"Compile Driver","floor":3.0},{"not_picked":["Skim","Steam"],"picked":"Sweeping Beam","floor":4.0},{"not_picked":["Cold Snap","Go for the Eyes"],"picked":"Hologram","floor":5.0},{"not_picked":["Beam Cell","Undo"],"picked":"Seek","floor":7.0},{"not_picked":["Undo","Compile Driver"],"picked":"Barrage","floor":8.0},{"not_picked":["Turbo","Barrage"],"picked":"Coolheaded","floor":13.0},{"not_picked":["Hyperbeam","Rainbow"],"picked":"Amplify","floor":16.0},{"not_picked":["Sweeping Beam","Reprogram","Steam"],"picked":"SKIP","floor":18.0},{"not_picked":["Go for the Eyes","Doom and Gloom+1"],"picked":"Undo","floor":20},{"not_picked":["Barrage","Steam"],"picked":"Defragment+1","floor":22},{"not_picked":["Sweeping Beam","Consume"],"picked":"Turbo+1","floor":25}],"player_experience":60370,"relics_obtained":[{"floor":7.0,"key":"Pear"},{"floor":9.0,"key":"Sundial"},{"floor":26,"key":"Vajra"}],"event_choices":[{"cards_removed":["Strike_B"],"damage_healed":0.0,"max_hp_gain":0.0,"max_hp_loss":0.0,"gold_gain":0.0,"event_name":"Wheel of Change","player_choice":"Card Removal","floor":2.0,"gold_loss":0.0,"damage_taken":0.0},{"damage_healed":0.0,"max_hp_gain":0.0,"max_hp_loss":0.0,"gold_gain":0.0,"event_name":"Living Wall","player_choice":"Grow","floor":12.0,"gold_loss":0.0,"damage_taken":0.0,"cards_upgraded":["Dualcast"]},{"cards_removed":["Defend_B"],"damage_healed":0.0,"max_hp_gain":0.0,"max_hp_loss":0.0,"gold_gain":0.0,"event_name":"Bonfire Elementals","player_choice":"Offered Basic","floor":14.0,"gold_loss":0.0,"damage_taken":0.0},{"damage_healed":0,"gold_gain":0,"player_choice":"Paid Fearfully","damage_taken":0,"max_hp_gain":0,"max_hp_loss":0,"event_name":"Masked Bandits","floor":21,"gold_loss":60},{"damage_healed":0,"gold_gain":0,"player_choice":"Smashed Altar","damage_taken":0,"max_hp_gain":0,"max_hp_loss":0,"event_name":"Forgotten Altar","floor":24,"gold_loss":0,"cards_obtained":["Decay"]}],"is_beta":false,"boss_relics":[{"not_picked":["Busted Crown","Sozu"],"picked":"SlaversCollar"}],"items_purged_floors":[11],"is_endless":false,"potions_floor_spawned":[1,7,8,18,20,25],"killed_by":"Centurion and Healer","ascension_level":2}}