{"host":"dwyzfvnzfcqffr30","time":1608203793,"event":{"mods":["2.2 Compatiblity","Act Like it!","BaseMod","Beaked The Cultist","Better Altar","Better Sensory Stone","Better Third Choice","Clockwork Mod","Colored Map","Colored Powertips","Conspire","Downfall","Elementarium","GifTheSpireLib","Halation","Hermit","Hubris","Jedi Mod","Menagerie","Mimic Mod","Minty Spire (QoL Compilation)","Permanent Neow","Random Character Button","Replay The Spire","Spicy Shops","StSLib","Stuff the Spire","The Construct","The Druid","TheFirefly","Trackpad","vexMod"],"gold_per_floor":[315,349,361,381,381,416,436,463,463,140,168,168,192,228,228,356,356,372,406,406,396,92,135,135,135,160,6,29,69,92,117,117,238,238,256,275,77,77,92,142,142,142],"floor_reached":41,"playtime":3520,"items_purged":["StuffTheSpire:CuriosityCurse","FIFO Queue+1","Time Bomb+1"],"score":821,"play_id":"8e0bd902-df84-422e-add3-ac69d73f8842","local_time":"20201217031633","is_ascension_mode":true,"campfire_choices":[{"floor":15,"key":"RECALL"},{"floor":24,"key":"REST"},{"floor":32,"key":"REST"}],"circlet_count":0,"master_deck":["Zap+1","Dualcast+1","jedi:cleanse+1","MasterReality+1","Hologram+1","Sweeping Beam+1","StuffTheSpire:Synthwave+1","StuffTheSpire:Synthwave+1","Conserve Battery+1","Consume+1","FIFO Queue+1","Conserve Battery+1","BasicCrystalCard+1","Echo Form+1","Seek+1","Streamline+1","jedi:readyaimfire+1","Rip and Tear+1","Scrape+1","Panic Button+1","Elementarium:GildedEssence+1","BasicCrystalCard+1","jedi:meditation+1","Lockon+1","hubris:PowerSurge+1"],"relics":["Cracked Core","Juzu Bracelet","Black Star","Molten Egg 2","Toxic Egg 2","Frozen Egg 2","Quantum Egg","Bottled Tornado","Geode","halation:AfternoonTea","StuffTheSpire:GrapeVine","trackpad:SappingStone","Toy Ornithopter","Bag of Preparation","HornCleat","Toolbox","MealTicket","War Paint","Golden Idol","vexMod:MemoryStick","StuffTheSpire:CocoNut","Pandora\u0027s Box","Elementarium:GoldenMirage","Replay:Baseball","Du-Vu Doll","hubris:FruitBowl","hubris:EvacipatedBox","Runic Capacitor","hubris:TenFootPole","Girya","StuffTheSpire:Barrel","Elementarium:ElementariumTrophy","halation:Prosthetics","halation:Jellyphish","Ring of Chaos","ReplayTheSpireMod:Ring of Exchange","Eternal Feather","ReplayTheSpireMod:Lightbulb","Onion Ring"],"acts_visited":["Menagerie:Menagerie","Elementarium:Elementarium","TheBeyond"],"potions_floor_usage":[6,7,11,16,29,33,33,35],"damage_taken":[{"damage":0,"enemies":"Menagerie:2_RABBITS","floor":1,"turns":3},{"damage":2,"enemies":"Menagerie:WhisperingWraith","floor":3,"turns":3},{"damage":0,"enemies":"Menagerie:MonstrousExperiment","floor":4,"turns":3},{"damage":0,"enemies":"Menagerie:MaskedSummoner","floor":6,"turns":4},{"damage":2,"enemies":"Menagerie:STYGIAN_BOAR_AND_WHISPERING_WRAITH","floor":7,"turns":4},{"damage":9,"enemies":"Menagerie:VoidReaper","floor":8,"turns":4},{"damage":11,"enemies":"Menagerie:Hydra","floor":11,"turns":3},{"damage":0,"enemies":"Menagerie:MeltingSalamander","floor":13,"turns":3},{"damage":2,"enemies":"Menagerie:MaskedSummoner","floor":14,"turns":6},{"damage":2,"enemies":"Menagerie:AVATARS","floor":16,"turns":5},{"damage":11,"enemies":"Elementarium:MUD_AND_TAR_GOLEMS","floor":18,"turns":5},{"damage":12,"enemies":"Elementarium:GOLDEN_STATUES","floor":19,"turns":5},{"damage":16,"enemies":"Elementarium:ElementalPortal","floor":23,"turns":6},{"damage":0,"enemies":"Elementarium:VoidCorruption","floor":28,"turns":4},{"damage":20,"enemies":"Elementarium:WarGolem","floor":29,"turns":3},{"damage":8,"enemies":"Elementarium:3_ELEMENTALS","floor":30,"turns":3},{"damage":0,"enemies":"Elementarium:CYCLONE_AND_ORB_OF_FIRE","floor":31,"turns":4},{"damage":7,"enemies":"Elementarium:GoldenDragon","floor":33,"turns":6},{"damage":0,"enemies":"Orb Walker","floor":35,"turns":3},{"damage":7,"enemies":"3 Darklings","floor":36,"turns":3},{"damage":2,"enemies":"Spire Growth","floor":39,"turns":5},{"damage":0,"enemies":"Giant Head","floor":40,"turns":5},{"damage":28,"enemies":"Sphere and 2 Shapes","floor":41,"turns":3}],"seed_played":"3187378516122386132","potions_obtained":[{"floor":1,"key":"Weak Potion"},{"floor":2,"key":"Slimebound:ThreeZeroPotion"},{"floor":4,"key":"Swift Potion"},{"floor":8,"key":"champ:CounterPotion"},{"floor":11,"key":"Dexterity Potion"},{"floor":16,"key":"PowerPotion"},{"floor":29,"key":"jedi:coolantleak"},{"floor":40,"key":"LiquidBronze"}],"is_trial":false,"path_per_floor":["M","?","M","M","?","E","M","E","T","$","E","?","M","E","R","B",null,"M","?","?","?","$","E","R","$","T","$","M","E","M","M","R","B",null,"M","M","$","?","M","E","M"],"character_chosen":"DEFECT","items_purchased":["FIFO Queue+1","Conserve Battery+1","Toolbox","Replay:Baseball","FocusPotion","hubris:FruitBowl","hubris:EvacipatedBox","Runic Capacitor","hubris:TenFootPole","halation:Jellyphish"],"campfire_rested":2,"item_purchase_floors":[10,10,10,22,22,25,25,25,27,37],"current_hp_per_floor":[68,68,66,66,66,66,64,55,55,55,49,49,49,54,54,57,71,60,48,45,45,60,44,66,18,18,33,47,32,24,24,46,64,24,24,17,24,24,22,22,0,0],"gold":142,"neow_bonus":"RANDOM_COLORLESS_2","is_daily":false,"chose_seed":false,"campfire_upgraded":0,"win_rate":0.0,"timestamp":1608203793,"path_taken":["M","?","M","M","?","E","M","E","T","?","E","?","M","E","R","BOSS","M","?","?","?","$","E","R","?","T","$","M","E","M","M","R","BOSS","M","M","$","?","M","E","M"],"items_purchased_type":["Card","Card","Relic","Relic","Potion","Relic","Relic","Relic","Relic","Relic"],"build_version":"2020-12-13","purchased_purges":3,"victory":false,"max_hp_per_floor":[75,75,75,75,75,75,75,75,75,75,75,69,69,76,76,76,76,76,76,76,76,76,76,76,76,76,76,76,76,76,76,76,76,24,24,24,24,24,24,24,24,24],"card_choices":[{"not_picked":["jedi:LeechingStrike","Metamorphosis"],"picked":"jedi:cleanse","floor":0},{"not_picked":["Coolheaded+1","Sunder+1"],"picked":"Hologram+1","floor":1},{"not_picked":["StuffTheSpire:SnapShoot+1","Force Field+1"],"picked":"Sweeping Beam+1","floor":2},{"not_picked":["StuffTheSpire:Coldhearted+1","Hello World+1"],"picked":"StuffTheSpire:Synthwave+1","floor":2},{"not_picked":["StuffTheSpire:CleanHardDrive+1","ReplaySort+1"],"picked":"StuffTheSpire:Synthwave+1","floor":3},{"not_picked":["Beam Cell+1","ReplayTheSpireMod:Reroute Power+1"],"picked":"Conserve Battery+1","floor":4},{"not_picked":["StuffTheSpire:ShieldGenerator+1","Beam Cell+1","ReplayTheSpireMod:Omega Cannon+1"],"picked":"SKIP","floor":6},{"not_picked":["Go for the Eyes+1","Steam+1","Storm+1"],"picked":"SKIP","floor":7},{"not_picked":["StuffTheSpire:LoadUp+1","StuffTheSpire:Plugnplay+1"],"picked":"Consume+1","floor":8},{"not_picked":["Recycle+1","Streamline+1","Panic Button+1"],"picked":"SKIP","floor":11},{"not_picked":["Auto Shields+1","Go for the Eyes+1"],"picked":"BasicCrystalCard+1","floor":13},{"not_picked":["Conserve Battery+1","Hello World+1","Go for the Eyes+1"],"picked":"SKIP","floor":14},{"not_picked":["StuffTheSpire:EventHorizon+1","Amplify+1"],"picked":"Echo Form+1","floor":16},{"not_picked":["jedi:BurstFrost+1","Stack+1","Hologram+1"],"picked":"SKIP","floor":18},{"not_picked":["ReplaySort+1","ReplayTheSpireMod:Repulse+1"],"picked":"BasicCrystalCard+1","floor":23},{"not_picked":["Sunder+1","Heatsinks+1","Echo Form+1"],"picked":"SKIP","floor":28},{"not_picked":["StuffTheSpire:Plugnplay+1","Force Field+1","ReplayTheSpireMod:Omega Cannon+1"],"picked":"SKIP","floor":29},{"not_picked":["Chill+1","Sweeping Beam+1","Panic Button+1"],"picked":"SKIP","floor":30},{"not_picked":["Cold Snap+1","Turbo+1","Aggregate+1"],"picked":"SKIP","floor":31},{"not_picked":["jedi:BurstDark+1","Electrodynamics+1"],"picked":"jedi:meditation+1","floor":33},{"not_picked":["Coolheaded+1","Hologram+1"],"picked":"Lockon+1","floor":35},{"not_picked":["Turbo+1","Go for the Eyes+1","Steam+1"],"picked":"SKIP","floor":36},{"not_picked":["Defragment+1","Blizzard+1"],"picked":"hubris:PowerSurge+1","floor":39},{"not_picked":["Heatsinks+1","StuffTheSpire:SnapShoot+1","Rip and Tear+1"],"picked":"SKIP","floor":40}],"player_experience":1991604,"relics_obtained":[{"floor":2,"key":"Geode"},{"floor":6,"key":"StuffTheSpire:GrapeVine"},{"floor":6,"key":"trackpad:SappingStone"},{"floor":8,"key":"Toy Ornithopter"},{"floor":8,"key":"Bag of Preparation"},{"floor":9,"key":"HornCleat"},{"floor":11,"key":"MealTicket"},{"floor":11,"key":"War Paint"},{"floor":14,"key":"vexMod:MemoryStick"},{"floor":14,"key":"StuffTheSpire:CocoNut"},{"floor":19,"key":"Elementarium:GoldenMirage"},{"floor":23,"key":"Du-Vu Doll"},{"floor":29,"key":"Girya"},{"floor":29,"key":"StuffTheSpire:Barrel"},{"floor":38,"key":"Ring of Chaos"},{"floor":38,"key":"ReplayTheSpireMod:Ring of Exchange"},{"floor":40,"key":"Eternal Feather"},{"floor":40,"key":"ReplayTheSpireMod:Lightbulb"}],"event_choices":[{"damage_healed":0,"gold_gain":0,"player_choice":"Simplicity","damage_taken":0,"max_hp_gain":0,"max_hp_loss":8,"event_name":"betterThird:BetterWriting","floor":0,"gold_loss":0},{"damage_healed":0,"gold_gain":0,"player_choice":"Upgraded","damage_taken":0,"max_hp_gain":0,"max_hp_loss":0,"event_name":"Upgrade Shrine","floor":0,"gold_loss":0,"cards_upgraded":["Zap"]},{"damage_healed":0,"gold_gain":0,"player_choice":"Upgraded","damage_taken":0,"max_hp_gain":0,"max_hp_loss":0,"event_name":"Upgrade Shrine","floor":0,"gold_loss":0,"cards_upgraded":["Dualcast"]},{"damage_healed":0,"gold_gain":0,"player_choice":"Upgraded","damage_taken":0,"max_hp_gain":0,"max_hp_loss":0,"event_name":"Upgrade Shrine","floor":0,"gold_loss":0,"cards_upgraded":["jedi:cleanse"]},{"damage_healed":0,"gold_gain":0,"player_choice":"Lose Max HP","damage_taken":0,"relics_obtained":["Golden Idol"],"max_hp_gain":0,"max_hp_loss":6,"event_name":"Golden Idol","floor":12,"gold_loss":0},{"damage_healed":0,"gold_gain":0,"player_choice":"Fight","damage_taken":0,"max_hp_gain":0,"max_hp_loss":0,"event_name":"Elementarium:GoldenStatues","floor":19,"gold_loss":0},{"damage_healed":0,"gold_gain":0,"player_choice":"Poke through","damage_taken":3,"max_hp_gain":0,"max_hp_loss":0,"event_name":"Elementarium:GreatTreasure","floor":20,"gold_loss":0},{"damage_healed":0,"gold_gain":0,"player_choice":"Toss","damage_taken":0,"max_hp_gain":0,"max_hp_loss":0,"event_name":"Elementarium:OnrushingOffering","floor":21,"gold_loss":10,"cards_obtained":["Elementarium:GildedEssence"]}],"is_beta":false,"boss_relics":[{"not_picked":["hubris:VirtuousBlindfold","vexMod:MysteryBossChallenge"],"picked":"Pandora\u0027s Box"},{"not_picked":["construct:WeddingRing","hubris:Backtick","Snecko Eye"],"picked":"halation:Prosthetics"}],"items_purged_floors":[10,22,37],"is_endless":false,"potions_floor_spawned":[1,4,8,11,16,23,28,29,40],"killed_by":"Sphere and 2 Shapes","ascension_level":9}}