{"host":"u0f5uy314yz7olfc","time":1608222812,"event":{"mods":["AchievementEnabler","Aspiration","BaseMod","Better Altar","Better Match","Better Note","Better Sensory Stone","Better Skull","Better Third Choice","BetterRewards","Block Reminder","Colored Map","Colored Powertips","DeckTracker","Dota2Spire","Emptier Cage","Highlight Path","Hubris","Infinite Spire","Marked Mod","Mimic Mod","Minty Spire (QoL Compilation)","Permanent Neow","Quick Restart","Rare Cards Sparkle","Relic Sorter","Shop Mod","StSLib","The Bladedancer","The Blue Laboratory","Watcher Patcher"],"gold_per_floor":[117,136,136,136,50,77,77,92,92,92,92],"floor_reached":10,"playtime":486,"items_purged":[],"score":66,"play_id":"f633a369-e99a-46e3-b4ca-f9e02a71de0b","local_time":"20201217233332","is_ascension_mode":false,"campfire_choices":[{"floor":7,"key":"REST"}],"circlet_count":0,"master_deck":["Strike_P","Strike_P","Strike_P","Strike_P","Defend_P","Defend_P","Defend_P","Defend_P","Eruption","Vigilance+1","MarkedMod:FirstStrike","FlurryOfBlows","Prostrate","LikeWater+1","Swift Strike","MarkedMod:FirstStrike","Weave","MarkedMod:GentlePulse","BootSequence","Wish","Stack"],"relics":["PureWater","Dota2Spire:Satanic","Nunchaku","Smiling Mask"],"acts_visited":["Exordium"],"potions_floor_usage":[6],"damage_taken":[{"damage":0,"enemies":"Small Slimes","floor":1,"turns":2},{"damage":8,"enemies":"2 Louse","floor":2,"turns":3},{"damage":16,"enemies":"Gremlin Nob","floor":6,"turns":3},{"damage":0,"enemies":"Jaw Worm","floor":8,"turns":4},{"damage":44,"enemies":"3 Sentries","floor":10,"turns":8}],"seed_played":"-755146570701001645","potions_obtained":[{"floor":2,"key":"AttackPotion"},{"floor":6,"key":"blueLaboratory:LouseDecoction"}],"is_trial":false,"path_per_floor":["M","M","?","?","$","E","R","M","T","E"],"character_chosen":"WATCHER","items_purchased":["Dota2Spire:Satanic","MarkedMod:FirstStrike","FlurryOfBlows","Prostrate","LikeWater","Swift Strike","Nunchaku","MarkedMod:GentlePulse","BootSequence"],"campfire_rested":1,"item_purchase_floors":[0,0,0,0,0,0,0,5,5],"current_hp_per_floor":[48,40,40,40,40,31,52,52,52,8,8],"gold":92,"neow_bonus":"","is_daily":false,"chose_seed":false,"campfire_upgraded":0,"win_rate":0.0,"timestamp":1608222812,"path_taken":["M","M","?","?","$","E","R","M","T","E"],"items_purchased_type":["Relic","Card","Card","Card","Card","Card","Relic","Card","Card"],"build_version":"2020-12-13","purchased_purges":0,"victory":false,"max_hp_per_floor":[72,72,72,72,72,72,72,72,72,72,72],"card_choices":[{"not_picked":["Prostrate","Warcry"],"picked":"MarkedMod:FirstStrike","floor":1},{"not_picked":["FlurryOfBlows","Nirvana"],"picked":"Weave","floor":2},{"not_picked":["FlyingSleeves","Distraction"],"picked":"Wish","floor":6},{"not_picked":["MarkedMod:Acupuncture","Distraction"],"picked":"Stack","floor":8}],"player_experience":304208,"relics_obtained":[{"floor":6,"key":"Smiling Mask"}],"event_choices":[{"damage_healed":0,"gold_gain":0,"player_choice":"Grow","damage_taken":0,"max_hp_gain":0,"max_hp_loss":0,"event_name":"Living Wall","floor":4,"gold_loss":0,"cards_upgraded":["Vigilance"]}],"is_beta":false,"boss_relics":[],"items_purged_floors":[],"is_endless":false,"potions_floor_spawned":[2,6],"killed_by":"3 Sentries","ascension_level":0}}