{"host":"80x1ozqd5wpd4nvo","time":1612450036,"event":{"mods":["2.2 Compatiblity","Aspiration","BaseMod","Better Altar","Better Match","Better Note","Better Sensory Stone","Better Skull","Better Third Choice","BetterRewards","CCEM2","Card Forge","Custom Start","DNKmod","Dark Map","Defuse TimeMaze Blight","Dota2Spire","Ekko","Energized Spire","Friendly Minions","GifTheSpireLib","Hubris","Infinite Spire","Jedi Mod","Minty Spire (QoL Compilation)","Permanent Neow","Poor People Problems","Shop Mod","Spicy Shops","StS++","StSLib","The Blue Laboratory","??????REMEMod"],"gold_per_floor":[1210,1137,1156,1156,1170,1170,1202,1215,1215,1228,1238,1264,1281,1281,1281,1381,1381,1400,1419,959,973,973,1008,1008,1008,1008,1008,1042,1055,1087,1104,1104,1209,1259,1271,1171,1171,1171,1182,1217,1317,1350,1421,1501,1519,1519,1531,1531,1531,1531,1531,1531,295,321,321],"floor_reached":56,"language":"ENG","playtime":3638,"items_purged":["ekkoTheBoyWhoShatteredTime:Strike","ekkoTheBoyWhoShatteredTime:Defend+1"],"score":2223,"play_id":"b2620948-592f-4a6a-a633-de8af93a3eab","local_time":"20210204154716","is_ascension_mode":true,"campfire_choices":[{"floor":6,"key":"RECALL"},{"data":"ekkoTheBoyWhoShatteredTime:TimeMaster","floor":15,"key":"SMITH"},{"data":"ekkoTheBoyWhoShatteredTime:Acceleration","floor":25,"key":"SMITH"},{"data":"ekkoTheBoyWhoShatteredTime:Powered","floor":32,"key":"SMITH"},{"data":"ekkoTheBoyWhoShatteredTime:Overflow","floor":46,"key":"SMITH"},{"floor":49,"key":"REST"},{"data":"REME_FirmDetermination","floor":52,"key":"SMITH"}],"circlet_count":0,"master_deck":["ekkoTheBoyWhoShatteredTime:Strike+1","ekkoTheBoyWhoShatteredTime:Strike+1","ekkoTheBoyWhoShatteredTime:Strike+1","ekkoTheBoyWhoShatteredTime:Defend+1","ekkoTheBoyWhoShatteredTime:Defend+1","ekkoTheBoyWhoShatteredTime:Defend+1","ekkoTheBoyWhoShatteredTime:TimeMaster+1","ekkoTheBoyWhoShatteredTime:Powered+1","ekkoTheBoyWhoShatteredTime:NeedlesslyLargeRod","ekkoTheBoyWhoShatteredTime:Unleashed+1","REME_FirmDetermination+1","ekkoTheBoyWhoShatteredTime:ComeAtMe","ekkoTheBoyWhoShatteredTime:NeedlesslyLargeRod","ekkoTheBoyWhoShatteredTime:AfterimageTease+1","ekkoTheBoyWhoShatteredTime:HauntedAfterimage+1","ekkoTheBoyWhoShatteredTime:Timewinder+1","ekkoTheBoyWhoShatteredTime:NaggingBlow+1","ekkoTheBoyWhoShatteredTime:Acceleration+1","ekkoTheBoyWhoShatteredTime:IcebornGauntlet","ekkoTheBoyWhoShatteredTime:TrickOrTreatTrend","ekkoTheBoyWhoShatteredTime:PulsefirePooling+1","theextravagant:Castle+1","ekkoTheBoyWhoShatteredTime:Overflow+1","ekkoTheBoyWhoShatteredTime:Leap","ekkoTheBoyWhoShatteredTime:ItemsAfterimage+1","Necronomicurse","ekkoTheBoyWhoShatteredTime:URF+1","ekkoTheBoyWhoShatteredTime:Confident+1","ekkoTheBoyWhoShatteredTime:ParallelConvergence+1","hubris:InfiniteBlow+10","ekkoTheBoyWhoShatteredTime:DodgeTraining+1","infinitespire:SevenWalls+1","infinitespire:Gouge+1","ekkoTheBoyWhoShatteredTime:HauntingGuise+1","ekkoTheBoyWhoShatteredTime:MicCheck+1","ekkoTheBoyWhoShatteredTime:MotivateCrowds+1","Enlightenment+1","ekkoTheBoyWhoShatteredTime:TimeIndustry+1","ekkoTheBoyWhoShatteredTime:NeedlesslyLargeRod","REME_Flogging","ekkoTheBoyWhoShatteredTime:KeepingMomentum+1","ekkoTheBoyWhoShatteredTime:WaitForKeyTiming+1","ekkoTheBoyWhoShatteredTime:PulsefirePooling+1"],"relics":["ekkoTheBoyWhoShatteredTime:zDriveResonance","Hammer of Thor","Seething Fire","Anvil of the Gods","REME_ComplimentaryCards","Dota2Spire:Satanic","Gremlin Horn","Molten Egg 2","Sling","Juzu Bracelet","hubris:OldNail","Torii","CCEMRelics:FiftyFTOfRope","Whetstone","Black Star","CCEMRelics:FryingPan","Mango","Necronomicon","hubris:MobiusCoin","Toxic Egg 2","Dota2Spire:Mjollnir","infinitespire:Eraser","hubris:ToyBattleship","White Beast Statue","Dota2Spire:ArcaneBoots","Dota2Spire:Bloodstone","Dota2Spire:UrnOfShadows","jedi:heavyjacket","aspiration:PoetsPen_weak","hubris:Teleporter","Bottled Tornado","Singing Bowl","Smiling Mask","hubris:TenFootPole","hubris:Icosahedron","Dota2Spire:ArcaneBoots","StSpp:BrokenTotem","Centennial Puzzle","Orichalcum","Orrery","jedi:crownofsimplicity","infinitespire:Lucky Rock"],"acts_visited":["Exordium","TheCity","TheBeyond","TheEnding"],"potions_floor_usage":[7,11,16,18,23,33,44,55],"damage_taken":[{"damage":6,"enemies":"Jaw Worm","floor":1,"turns":2},{"damage":0,"enemies":"Cultist","floor":3,"turns":3},{"damage":0,"enemies":"Small Slimes","floor":5,"turns":2},{"damage":6,"enemies":"Gremlin Nob","floor":7,"turns":3},{"damage":0,"enemies":"Gremlin Gang","floor":8,"turns":2},{"damage":0,"enemies":"Looter","floor":10,"turns":1},{"damage":0,"enemies":"3 Louse","floor":11,"turns":1},{"damage":0,"enemies":"3 Sentries","floor":12,"turns":2},{"damage":0,"enemies":"Exordium Thugs","floor":13,"turns":2},{"damage":3,"enemies":"The Guardian","floor":16,"turns":5},{"damage":0,"enemies":"Spheric Guardian","floor":18,"turns":2},{"damage":0,"enemies":"2 Thieves","floor":19,"turns":2},{"damage":0,"enemies":"Snecko","floor":21,"turns":3},{"damage":1,"enemies":"Gremlin Leader","floor":23,"turns":3},{"damage":0,"enemies":"Book of Stabbing","floor":28,"turns":3},{"damage":0,"enemies":"Centurion and Healer","floor":29,"turns":2},{"damage":0,"enemies":"Gremlin Leader","floor":30,"turns":1},{"damage":0,"enemies":"Sentry and Sphere","floor":31,"turns":3},{"damage":15,"enemies":"hubris:MusketHawk","floor":33,"turns":5},{"damage":18,"enemies":"3 Darklings","floor":35,"turns":4},{"damage":0,"enemies":"Orb Walker","floor":39,"turns":1},{"damage":0,"enemies":"Reptomancer","floor":40,"turns":1},{"damage":0,"enemies":"Giant Head","floor":42,"turns":3},{"damage":0,"enemies":"Nightmare","floor":44,"turns":3},{"damage":0,"enemies":"3 Darklings","floor":45,"turns":2},{"damage":0,"enemies":"Jaw Worm Horde","floor":47,"turns":2},{"damage":0,"enemies":"Donu and Deca","floor":50,"turns":2},{"damage":0,"enemies":"Shield and Spear","floor":54,"turns":2},{"damage":11,"enemies":"The Heart","floor":55,"turns":5}],"seed_played":"2742936710574495251","potions_obtained":[{"floor":5,"key":"DuplicationPotion"},{"floor":10,"key":"Fruit Juice"},{"floor":11,"key":"DuplicationPotion"},{"floor":12,"key":"Fire Potion"},{"floor":16,"key":"Energy Potion"},{"floor":21,"key":"Weak Potion"},{"floor":23,"key":"Ancient Potion"},{"floor":33,"key":"StSpp:ScatteredWeakPotion"},{"floor":39,"key":"BlessingOfTheForge"},{"floor":45,"key":"blueLaboratory:EnragingPotion"},{"floor":47,"key":"Dexterity Potion"}],"is_trial":false,"path_per_floor":["M","?","M","?","M","R","E","M","T","M","M","E","M","?","R","B",null,"M","M","$","M","?","E","?","R","T","?","E","M","E","M","R","B",null,"M","NS","?","?","M","E","AVR","E","T","NM","M","R","M","?","R","B",null,"R","$","E","B",null],"character_chosen":"EKKO_THE_BOY_WHO_SHATTERED_TIME","items_purchased":["Dota2Spire:Satanic","Gremlin Horn","ekkoTheBoyWhoShatteredTime:NeedlesslyLargeRod","ekkoTheBoyWhoShatteredTime:Unleashed","Sling","Juzu Bracelet","hubris:OldNail","REME_FirmDetermination","CCEMRelics:FryingPan","Mango","ekkoTheBoyWhoShatteredTime:Leap","Dota2Spire:ArcaneBoots","StSpp:BrokenTotem","Enlightenment+1","Centennial Puzzle","ekkoTheBoyWhoShatteredTime:TimeIndustry+1","ekkoTheBoyWhoShatteredTime:NeedlesslyLargeRod","REME_Flogging","Orichalcum","Orrery"],"campfire_rested":1,"item_purchase_floors":[0,0,0,0,0,0,0,0,20,20,20,53,53,53,53,53,53,53,53,53],"current_hp_per_floor":[94,94,94,94,94,94,88,88,88,88,93,93,93,93,93,90,105,105,105,119,119,103,102,102,102,102,102,102,102,102,102,102,87,119,101,101,101,71,71,71,71,71,71,73,75,75,75,75,111,111,123,123,129,129,118],"gold":321,"neow_bonus":"","is_daily":false,"chose_seed":false,"campfire_upgraded":5,"win_rate":0.0,"timestamp":1612450036,"path_taken":["M","?","M","?","M","R","E","M","T","M","M","E","M","?","R","BOSS","M","M","$","M","?","E","?","R","T","?","E","M","E","M","R","BOSS","M","NS","?","?","M","E","AVR","E","T","NM","M","R","M","?","R","BOSS","R","$","E","BOSS"],"items_purchased_type":["Relic","Relic","Card","Card","Relic","Relic","Relic","Card","Relic","Relic","Card","Relic","Relic","Card","Relic","Card","Card","Card","Relic","Relic"],"build_version":"2020-12-22","purchased_purges":2,"victory":true,"max_hp_per_floor":[100,100,100,100,100,100,100,100,100,100,105,105,105,105,105,105,105,105,105,119,119,119,119,119,119,119,119,119,119,119,119,119,119,119,119,119,119,119,119,119,119,119,119,121,123,123,123,123,123,123,123,123,129,129,129],"card_choices":[{"not_picked":["ekkoTheBoyWhoShatteredTime:QuickBreak","ekkoTheBoyWhoShatteredTime:TimeRecall"],"picked":"ekkoTheBoyWhoShatteredTime:ComeAtMe","floor":1},{"not_picked":["ekkoTheBoyWhoShatteredTime:AfterimageHit+1","ekkoTheBoyWhoShatteredTime:MicCheck"],"picked":"ekkoTheBoyWhoShatteredTime:NeedlesslyLargeRod","floor":3},{"not_picked":["ekkoTheBoyWhoShatteredTime:QuickBreak","ekkoTheBoyWhoShatteredTime:WaitForKeyTiming"],"picked":"ekkoTheBoyWhoShatteredTime:AfterimageTease+1","floor":5},{"not_picked":["ekkoTheBoyWhoShatteredTime:CatchUpTime","ekkoTheBoyWhoShatteredTime:WaitForKeyTiming"],"picked":"ekkoTheBoyWhoShatteredTime:HauntedAfterimage+1","floor":7},{"not_picked":["ekkoTheBoyWhoShatteredTime:QuickBreak","ekkoTheBoyWhoShatteredTime:Unchained"],"picked":"ekkoTheBoyWhoShatteredTime:Timewinder+1","floor":8},{"not_picked":["ekkoTheBoyWhoShatteredTime:IceBreak+1","ekkoTheBoyWhoShatteredTime:AfterimageHit+1"],"picked":"ekkoTheBoyWhoShatteredTime:NaggingBlow+1","floor":10},{"not_picked":["ekkoTheBoyWhoShatteredTime:TimeRecall","ekkoTheBoyWhoShatteredTime:SpHit+1","ekkoTheBoyWhoShatteredTime:HauntedAfterimage+1"],"picked":"SKIP","floor":11},{"not_picked":["ekkoTheBoyWhoShatteredTime:PhaseDive","ekkoTheBoyWhoShatteredTime:NaggingBlow+1"],"picked":"ekkoTheBoyWhoShatteredTime:Acceleration","floor":12},{"not_picked":["ekkoTheBoyWhoShatteredTime:Greed+1","ekkoTheBoyWhoShatteredTime:WaitForKeyTiming"],"picked":"ekkoTheBoyWhoShatteredTime:IcebornGauntlet","floor":13},{"not_picked":["ekkoTheBoyWhoShatteredTime:TrinityForce","ekkoTheBoyWhoShatteredTime:Unleashed"],"picked":"ekkoTheBoyWhoShatteredTime:PulsefirePooling","floor":16},{"not_picked":["ekkoTheBoyWhoShatteredTime:PhaseDive","ekkoTheBoyWhoShatteredTime:FeelIt+1","ekkoTheBoyWhoShatteredTime:AfterimageHit+1"],"picked":"SKIP","floor":18},{"not_picked":["ekkoTheBoyWhoShatteredTime:AfterimageHit+1","ekkoTheBoyWhoShatteredTime:HextechProtobelt+1"],"picked":"ekkoTheBoyWhoShatteredTime:Overflow","floor":19},{"not_picked":["ekkoTheBoyWhoShatteredTime:Knowledge","ekkoTheBoyWhoShatteredTime:FeelLessPain"],"picked":"ekkoTheBoyWhoShatteredTime:ItemsAfterimage+1","floor":21},{"not_picked":["ekkoTheBoyWhoShatteredTime:SpHit+1","ekkoTheBoyWhoShatteredTime:SneakHit+1"],"picked":"ekkoTheBoyWhoShatteredTime:URF+1","floor":23},{"not_picked":["ekkoTheBoyWhoShatteredTime:AfterimageTease+1","ekkoTheBoyWhoShatteredTime:AfterimageBait+1"],"picked":"ekkoTheBoyWhoShatteredTime:Confident+1","floor":28},{"not_picked":["ekkoTheBoyWhoShatteredTime:Greed+1","ekkoTheBoyWhoShatteredTime:HailOfBlades+1"],"picked":"ekkoTheBoyWhoShatteredTime:ParallelConvergence+1","floor":29},{"not_picked":["ekkoTheBoyWhoShatteredTime:SpHit+1","ekkoTheBoyWhoShatteredTime:Timewinder+1","ekkoTheBoyWhoShatteredTime:Leap+1"],"picked":"SKIP","floor":30},{"not_picked":["ekkoTheBoyWhoShatteredTime:Resocharge+1","ekkoTheBoyWhoShatteredTime:QuickBreak+1","ekkoTheBoyWhoShatteredTime:AfterimageDualStroke+1"],"picked":"SKIP","floor":31},{"not_picked":["ekkoTheBoyWhoShatteredTime:FluidEnergy","ekkoTheBoyWhoShatteredTime:AfterimageHit+1","ekkoTheBoyWhoShatteredTime:PhaseDive+1"],"picked":"SKIP","floor":35},{"not_picked":["hubris:Rewind","infinitespire:FinalStrike"],"picked":"hubris:InfiniteBlow+10","floor":38},{"not_picked":["ekkoTheBoyWhoShatteredTime:Overflow+1","ekkoTheBoyWhoShatteredTime:RecallingPunch+1"],"picked":"ekkoTheBoyWhoShatteredTime:DodgeTraining+1","floor":39},{"not_picked":["ekkoTheBoyWhoShatteredTime:IceBreak+1","ekkoTheBoyWhoShatteredTime:Leap+1","ekkoTheBoyWhoShatteredTime:DodgeTraining+1"],"picked":"SKIP","floor":40},{"not_picked":["ekkoTheBoyWhoShatteredTime:Backtrack+1","ekkoTheBoyWhoShatteredTime:TimeRecall+1"],"picked":"ekkoTheBoyWhoShatteredTime:HauntingGuise+1","floor":42},{"not_picked":["ekkoTheBoyWhoShatteredTime:FeelLessPain","ekkoTheBoyWhoShatteredTime:QuickBreak+1"],"picked":"ekkoTheBoyWhoShatteredTime:MicCheck+1","floor":44},{"not_picked":["infinitespire:Punishment","infinitespire:FutureSight","infinitespire:Starlight"],"picked":"Singing Bowl","floor":44},{"not_picked":["ekkoTheBoyWhoShatteredTime:CommittedStrike+1","ekkoTheBoyWhoShatteredTime:IcebornGauntlet+1","ekkoTheBoyWhoShatteredTime:LoadUp+1"],"picked":"Singing Bowl","floor":45},{"not_picked":["ekkoTheBoyWhoShatteredTime:AfterimageTease+1","ekkoTheBoyWhoShatteredTime:FeelLessPain+1"],"picked":"ekkoTheBoyWhoShatteredTime:MotivateCrowds+1","floor":47},{"not_picked":["ekkoTheBoyWhoShatteredTime:Confident+1","ekkoTheBoyWhoShatteredTime:QuickBreak+1","ekkoTheBoyWhoShatteredTime:CommittedStrike+1"],"picked":"Singing Bowl","floor":53},{"not_picked":["ekkoTheBoyWhoShatteredTime:Dash+1","ekkoTheBoyWhoShatteredTime:IceBreak+1","ekkoTheBoyWhoShatteredTime:FeelIt+1"],"picked":"Singing Bowl","floor":53},{"not_picked":["ekkoTheBoyWhoShatteredTime:LoadUp+1","ekkoTheBoyWhoShatteredTime:FeelIt+1","ekkoTheBoyWhoShatteredTime:Disturblast+1"],"picked":"Singing Bowl","floor":53},{"not_picked":["ekkoTheBoyWhoShatteredTime:DefensiveStance","ekkoTheBoyWhoShatteredTime:Overflow+1"],"picked":"ekkoTheBoyWhoShatteredTime:KeepingMomentum+1","floor":53},{"not_picked":["ekkoTheBoyWhoShatteredTime:IceBreak+1","ekkoTheBoyWhoShatteredTime:PhaseDive+1"],"picked":"ekkoTheBoyWhoShatteredTime:WaitForKeyTiming+1","floor":53},{"not_picked":["ekkoTheBoyWhoShatteredTime:Greed+1","ekkoTheBoyWhoShatteredTime:TimeRecall+1"],"picked":"ekkoTheBoyWhoShatteredTime:PulsefirePooling+1","floor":54}],"player_experience":299460,"relics_obtained":[{"floor":7,"key":"CCEMRelics:FiftyFTOfRope"},{"floor":12,"key":"Whetstone"},{"floor":22,"key":"Necronomicon"},{"floor":23,"key":"hubris:MobiusCoin"},{"floor":23,"key":"Toxic Egg 2"},{"floor":26,"key":"Dota2Spire:Mjollnir"},{"floor":28,"key":"infinitespire:Eraser"},{"floor":28,"key":"hubris:ToyBattleship"},{"floor":30,"key":"White Beast Statue"},{"floor":30,"key":"Dota2Spire:ArcaneBoots"},{"floor":40,"key":"Dota2Spire:UrnOfShadows"},{"floor":40,"key":"jedi:heavyjacket"},{"floor":42,"key":"hubris:Teleporter"},{"floor":42,"key":"Bottled Tornado"},{"floor":43,"key":"Singing Bowl"},{"floor":44,"key":"Smiling Mask"},{"floor":44,"key":"hubris:TenFootPole"},{"floor":54,"key":"jedi:crownofsimplicity"},{"floor":54,"key":"infinitespire:Lucky Rock"}],"event_choices":[{"damage_healed":0,"gold_gain":0,"player_choice":"Paid Gold","damage_taken":0,"relics_obtained":["Torii"],"max_hp_gain":0,"max_hp_loss":0,"event_name":"WeMeetAgain","floor":2,"gold_loss":73},{"damage_healed":0,"gold_gain":0,"cards_transformed":["ekkoTheBoyWhoShatteredTime:Strike"],"player_choice":"Transformed","damage_taken":0,"max_hp_gain":0,"max_hp_loss":0,"event_name":"Transmorgrifier","floor":14,"gold_loss":0,"cards_obtained":["ekkoTheBoyWhoShatteredTime:TrickOrTreatTrend"]},{"damage_healed":0,"gold_gain":0,"player_choice":"Obtained Book","damage_taken":16,"max_hp_gain":0,"max_hp_loss":0,"event_name":"Cursed Tome","floor":22,"gold_loss":0},{"damage_healed":0,"gold_gain":0,"player_choice":"Upgraded","damage_taken":0,"max_hp_gain":0,"max_hp_loss":0,"event_name":"Upgrade Shrine","floor":24,"gold_loss":0,"cards_upgraded":["ekkoTheBoyWhoShatteredTime:PulsefirePooling"]},{"damage_healed":0,"gold_gain":0,"player_choice":"Simplicity","damage_taken":0,"max_hp_gain":0,"max_hp_loss":5,"event_name":"betterThird:BetterWriting","floor":27,"gold_loss":0},{"damage_healed":0,"gold_gain":0,"player_choice":"Random: Yellow","damage_taken":0,"max_hp_gain":0,"max_hp_loss":0,"event_name":"betterThird:BetterPortal","floor":37,"gold_loss":0},{"cards_removed":["ekkoTheBoyWhoShatteredTime:Strike"],"damage_healed":0,"gold_gain":0,"player_choice":"Give","damage_taken":0,"max_hp_gain":0,"max_hp_loss":0,"event_name":"betterNote:BetterNote","floor":37,"gold_loss":0,"cards_obtained":["None"]}],"is_beta":false,"boss_relics":[{"not_picked":["StSpp:Balance","aspiration:SecretTechniqueScroll"],"picked":"Black Star"},{"not_picked":["SacredBark","CCEMRelics:GreenEgg"],"picked":"Dota2Spire:Bloodstone"}],"items_purged_floors":[20,53],"is_endless":false,"potions_floor_spawned":[5,10,11,12,16,21,23,29,31,33,35,39,40,42,44,45,47,54],"ascension_level":2}}