{"host":"gc6vr5n3q8f0hswe","time":1612463859,"event":{"mods":["Act Like it!","Aspiration","BaseMod","Better Altar","Better Sensory Stone","Better Third Choice","Block Reminder","Conspire","Fox Events","Gensokyo","Hallownest","Highlight Path","Hubris","Infinite Spire","Jedi Mod","Lobotomy","LobotomyExtend","MarisaÅiñ∂âJÅ@ñÇóùçπÅj","Minty Spire (QoL Compilation)","Pale of the Ancients","Relic Stats","Reliquary","Replay The Spire","Somnambulant","StSLib","The Alterego","The Blue Laboratory","The Bug Knight","The Jungle","The Poker Player","The Wild Card","Uncapped","Wandering Minibosses"],"gold_per_floor":[115,203,203,222,241,241,241,256,256,113,113,113,92,118,118,214,214,225,239,154,11,324,354,354,354,354,369,387,387,387,403,403,507,507,518,529,546,561,579,579,609,621,621,645,658,658,674,686,686,686],"floor_reached":51,"language":"ENG","playtime":2028,"items_purged":["Strike_P","Eruption"],"score":778,"play_id":"06fe1a43-3580-4b4e-ba28-39d60696c4c4","local_time":"20210204183739","is_ascension_mode":false,"campfire_choices":[{"floor":6.0,"key":"REST"},{"floor":11.0,"key":"REST"},{"floor":15.0,"key":"REST"},{"floor":25.0,"key":"REST"},{"data":"SignatureMove","floor":29.0,"key":"SMITH"},{"floor":32.0,"key":"REST"},{"floor":40.0,"key":"REST"},{"floor":49.0,"key":"REST"}],"circlet_count":0,"master_deck":["Defend_P","Defend_P+1","Defend_P+1","Defend_P","Vigilance","Worship","SignatureMove+1","Crescendo","Strike_G","Strike_G","Backstab+1","Wallop+1","Indignation","Worship","Blasphemy","Replay:Hum","ClearTheMind+1","LessonLearned","Replay:Vibes","Replay:Vibes+1","Omniscience","Worship+1"],"relics":["Runic Pyramid","LetterFromLob","reliquary:TuningFork","hubris:Towel","Replay:Towering Pillar of Hats","Durian","Replay:Grab Bag","hubris:VirtuousBlindfold","hubris:RunicObelisk","aspiration:PoetsPen_weak","Tiny Chest","Membership Card","Lantern","Painkiller Herb","ReplayTheSpireMod:Ninjato","Onion Ring","conspire:SlowCooker","reliquary:JackalopeAntler","Pear"],"acts_visited":["Exordium","TheCity","TheCity"],"potions_floor_usage":[],"damage_taken":[{"damage":4.0,"enemies":"Gensokyo:Gryphon","floor":1.0,"turns":4.0},{"damage":18.0,"enemies":"Gensokyo:3_Fairies","floor":4.0,"turns":4.0},{"damage":3.0,"enemies":"Gensokyo:2_Kodama","floor":5.0,"turns":2.0},{"damage":18.0,"enemies":"Gensokyo:5_Fairies","floor":8.0,"turns":8.0},{"damage":41.0,"enemies":"Gensokyo:Cirno","floor":14.0,"turns":10.0},{"damage":16.0,"enemies":"Gensokyo:Kokoro","floor":16.0,"turns":10.0},{"damage":0.0,"enemies":"Spheric Guardian","floor":18.0,"turns":2.0},{"damage":46.0,"enemies":"3 Byrds","floor":19.0,"turns":6.0},{"damage":24.0,"enemies":"Snecko","floor":22.0,"turns":3.0},{"damage":61.0,"enemies":"Gremlin Leader","floor":23.0,"turns":3.0},{"damage":24.0,"enemies":"Cultist and Chosen","floor":27.0,"turns":6.0},{"damage":3.0,"enemies":"Shelled Parasite and Fungi","floor":28.0,"turns":2.0},{"damage":11.0,"enemies":"Snake Plant","floor":31.0,"turns":3.0},{"damage":16.0,"enemies":"hubris:MusketHawk","floor":33.0,"turns":3.0},{"damage":45.0,"enemies":"Gensokyo:3_Bats","floor":35.0,"turns":3.0},{"damage":7.0,"enemies":"Gensokyo:AncientGuardian","floor":36.0,"turns":3.0},{"damage":30.0,"enemies":"Gensokyo:4_Bats","floor":37.0,"turns":5.0},{"damage":0.0,"enemies":"Gensokyo:AtlasGolem","floor":38.0,"turns":3.0},{"damage":8.0,"enemies":"Gensokyo:Sharpion","floor":39.0,"turns":3.0},{"damage":34.0,"enemies":"Gensokyo:Marisa","floor":41.0,"turns":4.0},{"damage":20.0,"enemies":"Gensokyo:SeedOfUnknown","floor":42.0,"turns":9.0},{"damage":13.0,"enemies":"Gensokyo:Rafflesia","floor":45.0,"turns":6.0},{"damage":0.0,"enemies":"Gensokyo:3_Boulders","floor":47.0,"turns":2.0},{"damage":23.0,"enemies":"Gensokyo:Sharpion","floor":48.0,"turns":3.0},{"damage":19.0,"enemies":"Gensokyo:Yuyuko","floor":50.0,"turns":6.0}],"seed_played":"6520769781121341188","potions_obtained":[{"floor":8.0,"key":"SkillPotion"},{"floor":14.0,"key":"blueLaboratory:HorrorPotion"},{"floor":16.0,"key":"blueLaboratory:PressurePotion"},{"floor":18.0,"key":"Block Potion"},{"floor":23.0,"key":"SteroidPotion"},{"floor":28.0,"key":"Dexterity Potion"},{"floor":37.0,"key":"blueLaboratory:ExaltedPotion"},{"floor":41.0,"key":"Fire Potion"}],"is_trial":false,"path_per_floor":["M","?","?","M","M","R","?","M","T","$","R","M","COS","E","R","B",null,"M","M","?","$","M","E","AVR","T","T","?","?","T","?","?","T","B",null,"?","?","?","?","?","T","E","?","T","T","?","?","?","?","T","B",null],"character_chosen":"WATCHER","items_purchased":["Worship","Membership Card"],"campfire_rested":7,"item_purchase_floors":[10,21],"current_hp_per_floor":[68,40,40,22,19,40,40,22,22,22,43,43,43,7,48,32,139,139,93,93,93,69,8,8,55,61,53,56,62,68,63,110,100,139,94,93,69,75,73,120,92,78,94,100,93,114,120,103,149,149],"gold":686,"neow_bonus":"BOSS_RELIC","is_daily":false,"chose_seed":false,"campfire_upgraded":1,"win_rate":0.0,"timestamp":1612463859,"path_taken":["M","?","?","M","?","R","?","?","T","?","R","M","COS","E","R","BOSS","M","M","?","$","M","E","AVR","T","T","?","?","T","?","?","T","BOSS","?","?","?","?","?","T","E","?","T","?","?","?","?","?","T","BOSS"],"items_purchased_type":["Card","Relic"],"build_version":"2020-12-22","purchased_purges":2,"victory":true,"max_hp_per_floor":[72,72,72,72,72,72,72,72,72,72,72,134,134,139,139,139,139,139,139,139,139,139,139,139,139,139,139,139,139,139,139,139,139,139,139,139,139,139,139,139,139,139,149,149,149,149,149,149,149,149],"relic_stats":{"counters":[25,113],"Tiny Chest":1,"obtain_stats":[{"Lantern":23,"ReplayTheSpireMod:Ninjato":24,"Pear":43,"Replay:Towering Pillar of Hats":9,"Replay:Grab Bag":17,"hubris:VirtuousBlindfold":17,"Painkiller Herb":24,"aspiration:PoetsPen_weak":17,"conspire:SlowCooker":34,"hubris:Towel":7,"hubris:RunicObelisk":17,"reliquary:JackalopeAntler":41,"Tiny Chest":20,"Onion Ring":26,"LetterFromLob":1,"reliquary:TuningFork":2,"Durian":14,"Membership Card":21,"PureWater":0,"Runic Pyramid":0},{"Lantern":10,"ReplayTheSpireMod:Ninjato":10,"Pear":21,"Replay:Towering Pillar of Hats":4,"Replay:Grab Bag":6,"hubris:VirtuousBlindfold":6,"Painkiller Herb":10,"aspiration:PoetsPen_weak":6,"conspire:SlowCooker":14,"hubris:Towel":3,"hubris:RunicObelisk":6,"reliquary:JackalopeAntler":20,"Tiny Chest":8,"Onion Ring":10,"LetterFromLob":1,"reliquary:TuningFork":1,"Durian":5,"Membership Card":8,"PureWater":0,"Runic Pyramid":0},{"Lantern":52,"ReplayTheSpireMod:Ninjato":52,"Pear":96,"Replay:Towering Pillar of Hats":18,"Replay:Grab Bag":38,"hubris:VirtuousBlindfold":38,"Painkiller Herb":52,"aspiration:PoetsPen_weak":38,"conspire:SlowCooker":66,"hubris:Towel":10,"hubris:RunicObelisk":38,"reliquary:JackalopeAntler":87,"Tiny Chest":46,"Onion Ring":52,"LetterFromLob":4,"reliquary:TuningFork":4,"Durian":28,"Membership Card":46,"PureWater":0,"Runic Pyramid":0}]},"card_choices":[{"not_picked":["Replay:Anticipation","PathToVictory"],"picked":"Worship","floor":1.0},{"not_picked":["EmptyBody","Replay:Battleflow"],"picked":"SignatureMove","floor":2.0},{"not_picked":["WreathOfFlame","EmptyFist"],"picked":"Crescendo","floor":2.0},{"not_picked":["WindmillStrike","EmptyFist"],"picked":"Wallop","floor":4.0},{"not_picked":["CarveReality","FollowUp"],"picked":"Indignation","floor":5.0},{"not_picked":["CarveReality","WaveOfTheHand","Tantrum"],"picked":"SKIP","floor":8.0},{"not_picked":["Replay:AtTheReady","EmptyBody","ClearTheMind"],"picked":"SKIP","floor":14.0},{"not_picked":["LessonLearned","Devotion"],"picked":"jedi:nirvanicrebirth","floor":16.0},{"not_picked":["EmptyFist+1","ClearTheMind","Replay:ManipulateFuture"],"picked":"SKIP","floor":18.0},{"not_picked":["PathToVictory","ClearTheMind"],"picked":"Blasphemy","floor":19.0},{"not_picked":["PathToVictory","Evaluate+1","Replay:BluntJabs"],"picked":"SKIP","floor":22.0},{"not_picked":["Ragnarok","Replay:ManipulateFuture+1","Evaluate"],"picked":"SKIP","floor":23.0},{"not_picked":["Nirvana","EmptyFist","InnerPeace"],"picked":"SKIP","floor":27.0},{"not_picked":["Protect","Collect+1"],"picked":"Replay:Hum","floor":28.0},{"not_picked":["Evaluate","Replay:AtTheReady"],"picked":"ClearTheMind+1","floor":31.0},{"not_picked":["Brilliance","Scrawl"],"picked":"LessonLearned","floor":33.0},{"not_picked":["Perseverance","LikeWater"],"picked":"Replay:Vibes","floor":35.0},{"not_picked":["Meditate","Nirvana+1"],"picked":"Replay:Vibes+1","floor":36.0},{"not_picked":["Replay:ManipulateFuture+1","MasterReality","BowlingBash"],"picked":"SKIP","floor":37.0},{"not_picked":["FlurryOfBlows","EmptyFist+1","Replay:AtTheReady"],"picked":"SKIP","floor":38.0},{"not_picked":["EmptyBody","Replay:Cycle","LikeWater+1"],"picked":"SKIP","floor":39.0},{"not_picked":["ReachHeaven","EmptyFist+1"],"picked":"Omniscience","floor":41.0},{"not_picked":["FearNoEvil","Replay:ManipulateFuture+1","BowlingBash"],"picked":"SKIP","floor":42.0},{"not_picked":["FlyingSleeves+1","Replay:BluntJabs","WindmillStrike"],"picked":"SKIP","floor":45.0},{"not_picked":["WaveOfTheHand","CutThroughFate+1"],"picked":"Worship+1","floor":47.0},{"not_picked":["Crescendo","Protect+1","FlurryOfBlows+1"],"picked":"SKIP","floor":48.0}],"player_experience":466023,"relics_obtained":[{"floor":1.0,"key":"LetterFromLob"},{"floor":2.0,"key":"reliquary:TuningFork"},{"floor":9.0,"key":"Replay:Towering Pillar of Hats"},{"floor":14.0,"key":"Durian"},{"floor":23.0,"key":"Lantern"},{"floor":26.0,"key":"Onion Ring"},{"floor":41.0,"key":"reliquary:JackalopeAntler"},{"floor":43.0,"key":"Pear"}],"event_choices":[{"damage_healed":0.0,"max_hp_gain":0.0,"max_hp_loss":0.0,"gold_gain":0.0,"event_name":"Addict","player_choice":"Obtained Relic","floor":20.0,"gold_loss":85.0,"damage_taken":0.0,"relics_obtained":["Tiny Chest"]}],"is_beta":false,"boss_relics":[{"not_picked":["Tiny House","Replay:Fungal Core"],"picked":"Replay:Grab Bag"},{"not_picked":["ReplayTheSpireMod:DimensionalGlitch","hubris:CrackedHourglass"],"picked":"hubris:VirtuousBlindfold"},{"not_picked":["Cursed Key","infinitespire:Cupcake"],"picked":"hubris:RunicObelisk"},{"not_picked":["ReplayTheSpireMod:SealedPack","Replay:Drink Me"],"picked":"aspiration:PoetsPen_weak"},{"not_picked":["Pandora\u0027s Box","Abe\u0027s Treasure"],"picked":"conspire:SlowCooker"}],"items_purged_floors":[10,24],"is_endless":false,"potions_floor_spawned":[8,14,16,18,23,28,33,37,38,41],"ascension_level":0}}