{"host":"630px4nyj50z5id8","time":1612435260,"event":{"mods":["BaseMod","Colored Powertips","Downfall","Minty Spire (QoL Compilation)","Quick Restart","Replay The Spire","StSLib","Waifu the Spire"],"gold_per_floor":[119,44,59,69,69,69,102,118,118,118,118],"floor_reached":10,"language":"ZHS","playtime":192,"items_purged":[],"score":168,"play_id":"880f03d2-65bf-4dec-a1d8-717e2497ca23","local_time":"20210204184100","is_ascension_mode":true,"campfire_choices":[{"data":"Neutralize","floor":6,"key":"SMITH"}],"circlet_count":0,"master_deck":["AscendersBane","Strike_G","Strike_G","Strike_G","Strike_G","Defend_G","Defend_G","Defend_G","Defend_G","Defend_G","Survivor","Neutralize+1","Dagger Spray","Cloak And Dagger","Backflip","ReplayTheSpireMod:Necrosis","Crippling Poison"],"relics":["Ring of the Snake","NeowsBlessing","Gambling Chip","Replay:Towering Pillar of Hats","Shovel"],"acts_visited":["Exordium"],"potions_floor_usage":[],"damage_taken":[{"damage":0.0,"enemies":"Small Slimes","floor":1.0,"turns":1.0},{"damage":0,"enemies":"Jaw Worm","floor":4,"turns":1},{"damage":0,"enemies":"3 Sentries","floor":7,"turns":1},{"damage":0,"enemies":"2 Louse","floor":8,"turns":2},{"damage":14,"enemies":"Lagavulin","floor":10,"turns":5}],"seed_played":"538675394335667056","potions_obtained":[{"floor":7,"key":"LiquidMemories"}],"is_trial":false,"path_per_floor":["M","?","?","M","$","R","E","M","T","E"],"character_chosen":"THE_SILENT","items_purchased":[],"campfire_rested":0,"item_purchase_floors":[],"current_hp_per_floor":[59,59,38,38,38,38,38,38,38,24,24],"gold":118,"neow_bonus":"THREE_ENEMY_KILL","is_daily":false,"chose_seed":false,"campfire_upgraded":1,"win_rate":0.0,"timestamp":1612435260,"path_taken":["M","?","?","M","$","R","E","M","T","E"],"items_purchased_type":[],"build_version":"2020-12-22","purchased_purges":0,"victory":false,"max_hp_per_floor":[66,66,66,66,66,66,66,66,66,66,66],"card_choices":[{"not_picked":["Flying Knee","Bane"],"picked":"Dagger Spray","floor":1.0},{"not_picked":["ReplayTheSpireMod:Tripwire","Slice"],"picked":"Cloak And Dagger","floor":3},{"not_picked":["Choke","Endless Agony"],"picked":"Backflip","floor":4},{"not_picked":["Malaise","ReplayTheSpireMod:From All Sides"],"picked":"ReplayTheSpireMod:Necrosis","floor":7},{"not_picked":["Backflip","Blade Dance"],"picked":"Crippling Poison","floor":8}],"player_experience":371417,"relics_obtained":[{"floor":3,"key":"Gambling Chip"},{"floor":7,"key":"Replay:Towering Pillar of Hats"},{"floor":9,"key":"Shovel"}],"event_choices":[{"cards_removed":["Strike_G"],"damage_healed":0.0,"max_hp_gain":0.0,"max_hp_loss":0.0,"gold_gain":0.0,"event_name":"The Cleric","player_choice":"Card Removal","floor":2.0,"gold_loss":75.0,"damage_taken":0.0}],"is_beta":false,"boss_relics":[],"items_purged_floors":[],"is_endless":false,"potions_floor_spawned":[7],"killed_by":"Lagavulin","ascension_level":17}}