{"host":"j0tja808rg8hkg8v","time":1612404674,"event":{"mods":["Aspiration","BaseMod","Colored Powertips","Downfall","Energized Spire","Hermit","Infinite Spire","Ironclad Rager","Magitek Elite","Minty Spire (QoL Compilation)","Relic Stats","Replay The Spire","StSLib","The Bladedancer","The Cursed","The Disciple","The Runesmith"],"gold_per_floor":[113,124,124,136,149,149,176,176,176,176,176,189,221,146,146,243,243,260,272,272,103,116,116,151,151,151,180,198,198,215,228,228,325,325,335,335,245,257,14,14,46,64,64,81,9,22,22,40,40,40,40],"floor_reached":50,"language":"ENG","playtime":5023,"items_purged":["Regret","downfall:Haunted","ReplayTheSpireMod:Doomed"],"score":601,"play_id":"af1b1519-2def-4849-8f45-8607e7c41b7d","local_time":"20210204021114","is_ascension_mode":true,"campfire_choices":[{"floor":6.0,"key":"REST"},{"floor":8.0,"key":"REST"},{"data":"Runesmith:CreatorForm","floor":11.0,"key":"SMITH"},{"floor":15.0,"key":"REST"},{"data":"Runesmith:BackupBattery","floor":23.0,"key":"SMITH"},{"floor":29.0,"key":"REST"},{"floor":32.0,"key":"REST"},{"floor":40.0,"key":"REST"},{"floor":49,"key":"REST"}],"circlet_count":0,"master_deck":["Runesmith:Strike_RS","Runesmith:Strike_RS","Runesmith:Strike_RS","Runesmith:Strike_RS","Runesmith:Defend_RS","Runesmith:Defend_RS","Runesmith:Defend_RS","Runesmith:Defend_RS","Runesmith:CraftFirestone","Runesmith:Fortify","Runesmith:RunicBlueprint","Runesmith:RuneHurl","Runesmith:CreatorForm+1","Runesmith:CraftVitae","Runesmith:GenerateForcefield","Runesmith:HeatedChisel","Runesmith:ChiselStab","Runesmith:Firestorm","Runesmith:BackupBattery+1","Runesmith:Discharge","Runesmith:Firewall+1","Runesmith:FrozenChisel","Replay:Bootleg Shield Generator","Runesmith:Fortify","Runesmith:RuneHurl","Runesmith:Discharge+1","Runesmith:Supernova","Runesmith:Grindstone","Runesmith:Grindstone+1","Runesmith:UnstableHammer","Runesmith:Accelerate","Runesmith:RunicBlueprint+1","Runesmith:UnstableHammer+1","Runesmith:PoweredAnvil","Runesmith:StaticCage+1"],"relics":["Runesmith:BrokenRuby","Tintinnabulum","Du-Vu Doll","Simple Rune","Iron Hammer","aspiration:SeaSaltIceCream","aspiration:Nostalgia","m_MercuryCore","aspiration:DSix","aspiration:SecretTechniqueScroll","Sundial","Angel_Ring","infinitespire:ShieldingShard","infinitespire:BottledMercury","Black Star","Counterbalance","Runesmith:EmergencyProvisions","infinitespire:WardingShard"],"acts_visited":["Exordium","TheCity","TheBeyond"],"potions_floor_usage":[46,46],"damage_taken":[{"damage":9.0,"enemies":"2 Louse","floor":1.0,"turns":2.0},{"damage":3.0,"enemies":"Cultist","floor":2.0,"turns":3.0},{"damage":15.0,"enemies":"Small Slimes","floor":4.0,"turns":4.0},{"damage":13.0,"enemies":"Exordium Thugs","floor":5.0,"turns":5.0},{"damage":29.0,"enemies":"Lagavulin","floor":7.0,"turns":5.0},{"damage":15.0,"enemies":"Blue Slaver","floor":12.0,"turns":4.0},{"damage":3.0,"enemies":"Gremlin Nob","floor":13.0,"turns":3.0},{"damage":29.0,"enemies":"Fading Forest","floor":16.0,"turns":11.0},{"damage":12.0,"enemies":"2 Thieves","floor":18.0,"turns":4.0},{"damage":6.0,"enemies":"Chosen","floor":19.0,"turns":5.0},{"damage":10.0,"enemies":"Centurion and Healer","floor":22.0,"turns":5.0},{"damage":36.0,"enemies":"Slavers","floor":24.0,"turns":5.0},{"damage":4.0,"enemies":"Book of Stabbing","floor":27.0,"turns":5.0},{"damage":12.0,"enemies":"Snecko","floor":28.0,"turns":3.0},{"damage":7.0,"enemies":"Cultist and Chosen","floor":30.0,"turns":5.0},{"damage":6.0,"enemies":"Shelled Parasite and Fungi","floor":31.0,"turns":4.0},{"damage":32.0,"enemies":"Champ","floor":33.0,"turns":13.0},{"damage":12.0,"enemies":"3 Darklings","floor":35.0,"turns":5.0},{"damage":18.0,"enemies":"3 Shapes","floor":38.0,"turns":4.0},{"damage":59.0,"enemies":"Nightmare","floor":41.0,"turns":11.0},{"damage":0.0,"enemies":"Spire Growth","floor":42.0,"turns":9.0},{"damage":3.0,"enemies":"Jaw Worm Horde","floor":44.0,"turns":6.0},{"damage":20,"enemies":"Maw","floor":46,"turns":8},{"damage":4,"enemies":"4 Shapes","floor":48,"turns":9},{"damage":78,"enemies":"Replay:Hell Engine","floor":50,"turns":8}],"seed_played":"-6360345464338236110","potions_obtained":[{"floor":2.0,"key":"Strength Potion"},{"floor":4.0,"key":"BlessingOfTheForge"},{"floor":12.0,"key":"Languid Potion"},{"floor":16.0,"key":"hexamod:SoulburnPotion"},{"floor":22.0,"key":"AttackPotion"},{"floor":24.0,"key":"sneckomod:MuddlingPotion"},{"floor":30.0,"key":"Guardian:BlockOnCardUsePotion"},{"floor":42.0,"key":"PowerPotion"},{"floor":44.0,"key":"AttackPotion"}],"is_trial":false,"path_per_floor":["M","M","?","M","M","R","E","R","T","?","R","M","E","$","R","B",null,"M","M","?","$","M","R","E","?","T","E","M","R","M","M","R","B",null,"M","?","?","M","$","R","NM","M","T","M","$","M","?","M","R","B"],"character_chosen":"RUNESMITH_CLASS","items_purchased":["Runesmith:Discharge","Runesmith:UnstableHammer","Runesmith:Accelerate","Runesmith:PoweredAnvil"],"campfire_rested":7,"item_purchase_floors":[21,39,39,45],"current_hp_per_floor":[61,59,60,46,34,56,28,50,51,40,41,27,25,26,48,20,70,58,53,54,55,46,47,12,13,14,20,20,42,36,31,53,22,70,58,59,60,43,44,66,20,21,22,20,21,20,21,20,42,0,0],"gold":40,"neow_bonus":"RANDOM_EVENT","is_daily":false,"chose_seed":false,"campfire_upgraded":2,"win_rate":0.0,"timestamp":1612404674,"path_taken":["M","M","?","M","M","R","E","R","T","?","R","M","E","$","R","BOSS","M","M","?","$","M","R","E","?","T","E","?","R","M","M","R","BOSS","M","?","?","M","$","R","NM","?","T","M","$","M","?","M","R","BOSS"],"items_purchased_type":["Card","Card","Card","Card"],"build_version":"2020-12-22","purchased_purges":3,"victory":false,"max_hp_per_floor":[70,70,70,70,70,70,70,70,70,70,70,70,70,70,70,70,70,70,70,70,70,70,70,70,70,70,70,70,70,70,70,70,70,70,70,70,70,70,70,70,70,70,70,70,70,70,70,70,70,70,70],"relic_stats":{"counters":[25,146],"Sundial":[8],"Black Star":1,"obtain_stats":[{"infinitespire:BottledMercury":27,"Runesmith:BrokenRuby":0,"aspiration:Nostalgia":10,"Angel_Ring":24,"Counterbalance":41,"aspiration:SeaSaltIceCream":10,"aspiration:SecretTechniqueScroll":17,"Runesmith:EmergencyProvisions":41,"Du-Vu Doll":3,"m_MercuryCore":10,"infinitespire:ShieldingShard":26,"infinitespire:WardingShard":43,"Sundial":20,"Tintinnabulum":0,"Simple Rune":7,"Iron Hammer":9,"Black Star":34,"aspiration:DSix":13},{"infinitespire:BottledMercury":13,"Runesmith:BrokenRuby":0,"aspiration:Nostalgia":5,"Angel_Ring":12,"Counterbalance":20,"aspiration:SeaSaltIceCream":5,"aspiration:SecretTechniqueScroll":8,"Runesmith:EmergencyProvisions":20,"Du-Vu Doll":2,"m_MercuryCore":5,"infinitespire:ShieldingShard":12,"infinitespire:WardingShard":21,"Sundial":10,"Tintinnabulum":0,"Simple Rune":5,"Iron Hammer":5,"Black Star":17,"aspiration:DSix":7},{"infinitespire:BottledMercury":61,"Runesmith:BrokenRuby":0,"aspiration:Nostalgia":19,"Angel_Ring":56,"Counterbalance":106,"aspiration:SeaSaltIceCream":19,"aspiration:SecretTechniqueScroll":37,"Runesmith:EmergencyProvisions":106,"Du-Vu Doll":5,"m_MercuryCore":19,"infinitespire:ShieldingShard":56,"infinitespire:WardingShard":115,"Sundial":46,"Tintinnabulum":0,"Simple Rune":19,"Iron Hammer":19,"Black Star":86,"aspiration:DSix":26}]},"card_choices":[{"not_picked":["Runesmith:Superposition","Runesmith:HeatExchange"],"picked":"Runesmith:RunicBlueprint","floor":1.0},{"not_picked":["Runesmith:UnstableHammer","Runesmith:Firewall"],"picked":"Runesmith:RuneHurl","floor":2.0},{"not_picked":["Runesmith:Repurpose","Runesmith:Overpower","Runesmith:MakeshiftArmor"],"picked":"SKIP","floor":4.0},{"not_picked":["Runesmith:Firewall","Runesmith:HammerAndChisel"],"picked":"Runesmith:CraftVitae","floor":5.0},{"not_picked":["Runesmith:LastStand","Runesmith:GenerateForcefield","Runesmith:ShiftingStrike"],"picked":"SKIP","floor":7.0},{"not_picked":["Runesmith:LastStand","Runesmith:ShiftingStrike"],"picked":"Runesmith:GenerateForcefield","floor":7.0},{"not_picked":["Runesmith:HammerThrow","Runesmith:CraftIncendium"],"picked":"Runesmith:HeatedChisel","floor":12.0},{"not_picked":["Runesmith:Permafrost","Runesmith:UnstableHammer"],"picked":"Runesmith:ChiselStab","floor":13.0},{"not_picked":["Runesmith:CraftVitae","Runesmith:HammerThrow"],"picked":"Runesmith:Firestorm","floor":18.0},{"not_picked":["Runesmith:HeatedChisel","Runesmith:CraftMagma+1"],"picked":"Runesmith:BackupBattery","floor":19.0},{"not_picked":["Runesmith:MakeshiftArmor+1","Runesmith:UnstableHammer+1"],"picked":"Runesmith:Firewall+1","floor":22.0},{"not_picked":["Runesmith:CraftIncendium","Runesmith:Malloc+1"],"picked":"Runesmith:FrozenChisel","floor":24.0},{"not_picked":["Runesmith:EnergizedChisel","Runesmith:Terraform+1","Runesmith:HeatedChisel"],"picked":"SKIP","floor":27.0},{"not_picked":["Runesmith:HeatedChisel","Runesmith:UnstableHammer+1"],"picked":"Runesmith:RuneHurl","floor":28.0},{"not_picked":["Runesmith:MetallurgicalResearch","Runesmith:BackupBattery"],"picked":"Runesmith:Discharge","floor":30.0},{"not_picked":["Runesmith:Overpower+1","Runesmith:EarthShield","Runesmith:EnergizedChisel"],"picked":"SKIP","floor":31.0},{"not_picked":["Runesmith:ArcReactor","Runesmith:ReplicatingBarrier"],"picked":"Runesmith:Supernova","floor":33.0},{"not_picked":["Runesmith:CraftIncendium+1","Runesmith:BackupBattery"],"picked":"Runesmith:Grindstone","floor":35.0},{"not_picked":["Runesmith:WhiteBalance+1","Runesmith:Refine"],"picked":"Runesmith:Grindstone+1","floor":38.0},{"not_picked":["Runesmith:MakeshiftArmor+1","Runesmith:FissionHammer","Runesmith:HeatExchange+1"],"picked":"SKIP","floor":41.0},{"not_picked":["Runesmith:CraftVitae","Runesmith:RuneHurl+1"],"picked":"Runesmith:RunicBlueprint+1","floor":42.0},{"not_picked":["Runesmith:Malloc","aspiration:UnbridledHammer"],"picked":"Runesmith:UnstableHammer+1","floor":44.0},{"not_picked":["White Noise","Runesmith:FieryHammer+1"],"picked":"Runesmith:StaticCage+1","floor":46},{"not_picked":["Runesmith:CraftProtectio","Runesmith:ShiftingStrike","Runesmith:HeatExchange+1"],"picked":"SKIP","floor":48}],"player_experience":68784,"relics_obtained":[{"floor":7.0,"key":"Simple Rune"},{"floor":9.0,"key":"Iron Hammer"},{"floor":13.0,"key":"aspiration:DSix"},{"floor":24.0,"key":"Angel_Ring"},{"floor":26.0,"key":"infinitespire:ShieldingShard"},{"floor":27.0,"key":"infinitespire:BottledMercury"},{"floor":41.0,"key":"Counterbalance"},{"floor":41.0,"key":"Runesmith:EmergencyProvisions"},{"floor":43.0,"key":"infinitespire:WardingShard"}],"event_choices":[{"damage_healed":0.0,"max_hp_gain":0.0,"max_hp_loss":0.0,"gold_gain":0.0,"event_name":"Big Fish","player_choice":"Box","floor":0.0,"gold_loss":0.0,"damage_taken":0.0,"relics_obtained":["Tintinnabulum"],"cards_obtained":["Regret"]},{"damage_healed":0.0,"max_hp_gain":0.0,"max_hp_loss":0.0,"gold_gain":0.0,"event_name":"Scrap Ooze","player_choice":"Success","floor":10.0,"gold_loss":0.0,"damage_taken":12.0,"relics_obtained":["aspiration:SeaSaltIceCream"]},{"damage_healed":0.0,"max_hp_gain":0.0,"max_hp_loss":0.0,"gold_gain":0.0,"event_name":"Match and Keep!","player_choice":"2 cards matched","floor":25.0,"gold_loss":0.0,"damage_taken":0.0,"cards_obtained":["Replay:Bootleg Shield Generator","Runesmith:Fortify"]},{"damage_healed":0.0,"max_hp_gain":0.0,"max_hp_loss":0.0,"gold_gain":0.0,"event_name":"Tomb of Lord Red Mask","player_choice":"Ignored","floor":36.0,"gold_loss":0.0,"damage_taken":0.0},{"cards_removed":["downfall:Haunted"],"damage_healed":0.0,"max_hp_gain":0.0,"max_hp_loss":0.0,"gold_gain":0.0,"event_name":"Designer","player_choice":"Upgrade and Remove","floor":37.0,"gold_loss":90.0,"damage_taken":0.0,"cards_upgraded":["Runesmith:Discharge"]}],"is_beta":false,"boss_relics":[{"not_picked":["Snecko Eye","aspiration:RitualDagger"],"picked":"aspiration:SecretTechniqueScroll"},{"not_picked":["aspiration:IroncladSkillbook","energizedSpire:SpiderWeb"],"picked":"Black Star"}],"items_purged_floors":[14,21,39],"is_endless":false,"potions_floor_spawned":[2,4,12,16,22,24,30,33,42,44],"killed_by":"Replay:Hell Engine","ascension_level":1}}