{"host":"j4tm1fhkymdbe3p9","time":1612476098,"event":{"mods":["A Magickal Journey","BaseMod","Better Third Choice","BetterRewards","Chen","Downfall","Hermit","Hubris","Infinite Spire","Koishi","Luminous","Marisa????????","Mimic Mod","Minty Spire (QoL Compilation)","Reimu??????","Remilia??????","Replay The Spire","Shade Mod","Shop Mod","StSLib","The Administrix","The Animator","The Blackbeard","The Bladedancer","The Construct","The Cursed","The Disciple","The Druid","The Exalted","The Gatherer","The Hierophant","The Mystic","The Necromancer","The Runesmith","The Servant 0.9.4","The Spell Scribe","TheSwordswoman","??????REMEMod"],"gold_per_floor":[111,111,111,111,122,122,150,150,188,206,56,71,71,89,89,185,185,199,211,231,243,243,243,268,268,308,308,328,342,252,271,271,374,374,391,391,403,403,403,403],"floor_reached":39,"language":"ENG","playtime":2836,"items_purged":[],"score":403,"play_id":"9928f74a-60a6-4769-bb4a-0ee0d63d8769","local_time":"20210204170138","is_ascension_mode":false,"campfire_choices":[{"floor":6,"key":"REST"},{"floor":13,"key":"REST"},{"floor":15,"key":"REST"},{"floor":23,"key":"REST"},{"data":"ReplayTheSpireMod:Black Plague","floor":25,"key":"SMITH"},{"data":"infinitespire:Neurotoxin","floor":27,"key":"SMITH"},{"data":"A Thousand Cuts","floor":32,"key":"SMITH"}],"circlet_count":0,"master_deck":["Defend_G","Defend_G","Defend_G","Defend_G","Defend_G+1","Survivor","Neutralize","Eviscerate","Cloak And Dagger","ReplayTheSpireMod:Black Plague+1","Deadly Poison","Toxin Wave","Dagger Throw","Dagger Throw","Toxin Wave+1","infinitespire:Neurotoxin+1","REME_GrazeFinale","Prepared","Sucker Punch","A Thousand Cuts+1","Escape Plan","Quick Slash","PiercingWail+1","Dagger Throw","Slice+1","Deadly Poison+1","Tools of the Trade"],"relics":["Ring of the Snake","REME_ComplimentaryCards","Ginger","Oddly Smooth Stone","infinitespire:Joker Card","Membership Card","hubris:FruitBowl","Toy Ornithopter","Kintsugi","hubris:Towel","hubris:SlimyHat","Eternal Feather","hubris:DisguiseKit","construct:WeddingRing","Bottled Tornado"],"acts_visited":["Exordium","TheCity","TheBeyond"],"potions_floor_usage":[16,16,33,33,33],"damage_taken":[{"damage":4,"enemies":"Small Slimes","floor":1,"turns":4},{"damage":0,"enemies":"2 Louse","floor":5,"turns":3},{"damage":3,"enemies":"Lagavulin","floor":7,"turns":5},{"damage":0,"enemies":"Jaw Worm","floor":9,"turns":3},{"damage":0,"enemies":"Jaw Worm","floor":10,"turns":2},{"damage":3,"enemies":"Lots of Slimes","floor":12,"turns":3},{"damage":2,"enemies":"Large Slime","floor":14,"turns":7},{"damage":61,"enemies":"Fading Forest","floor":16,"turns":11},{"damage":12,"enemies":"Spheric Guardian","floor":18,"turns":4},{"damage":4,"enemies":"Shell Parasite","floor":19,"turns":4},{"damage":18,"enemies":"Snake Plant","floor":20,"turns":4},{"damage":4,"enemies":"Shelled Parasite and Fungi","floor":21,"turns":5},{"damage":2,"enemies":"Replay:Snechameleon","floor":24,"turns":5},{"damage":1,"enemies":"Centurion and Healer","floor":26,"turns":5},{"damage":17,"enemies":"Centurion and Healer","floor":28,"turns":6},{"damage":0,"enemies":"Snecko","floor":29,"turns":3},{"damage":14,"enemies":"Sentry and Sphere","floor":31,"turns":4},{"damage":52,"enemies":"Automaton","floor":33,"turns":8},{"damage":22,"enemies":"3 Shapes","floor":35,"turns":2},{"damage":32,"enemies":"3 Darklings","floor":37,"turns":4},{"damage":10,"enemies":"Writhing Mass","floor":39,"turns":1}],"seed_played":"-8113736898920495499","potions_obtained":[{"floor":1,"key":"PowerPotion"},{"floor":12,"key":"Slimebound:ThreeZeroPotion"},{"floor":18,"key":"BlessingOfTheForge"},{"floor":28,"key":"CultistPotion"},{"floor":29,"key":"DuplicationPotion"},{"floor":35,"key":"Dexterity Potion"}],"is_trial":false,"path_per_floor":["M","?","?","?","M","R","E","$","MIM","M","$","M","R","M","R","B",null,"M","M","M","M","?","R","E","R","MIM","R","M","M","?","M","R","B",null,"M","?","M","AVR","M"],"character_chosen":"THE_SILENT","items_purchased":["Membership Card","hubris:FruitBowl","Toxin Wave","infinitespire:Neurotoxin","REME_GrazeFinale"],"campfire_rested":4,"item_purchase_floors":[8,8,11,11,11],"current_hp_per_floor":[59,46,30,27,27,45,42,13,13,13,13,10,28,26,44,3,63,51,47,29,25,25,43,41,41,40,55,38,38,38,24,39,2,63,41,41,9,9,0,0],"gold":403,"neow_bonus":"ONE_RARE_RELIC","is_daily":false,"chose_seed":false,"campfire_upgraded":3,"win_rate":0.0,"timestamp":1612476098,"path_taken":["M","?","?","?","M","R","E","?","MIM","?","$","M","R","M","R","BOSS","M","M","M","M","?","R","E","R","MIM","R","M","M","?","?","R","BOSS","M","?","?","AVR","M"],"items_purchased_type":["Relic","Relic","Card","Card","Card"],"build_version":"2020-12-22","purchased_purges":0,"victory":false,"max_hp_per_floor":[63,63,63,63,63,63,63,63,63,63,63,63,63,63,63,63,63,63,63,63,63,63,63,63,63,63,63,63,63,63,63,63,63,63,63,63,63,63,63,63],"card_choices":[{"not_picked":["Deflect","hubris:SlightOfHand"],"picked":"Cloak And Dagger","floor":1},{"not_picked":["infinitespire:SealOfDarkness+","ReplayTheSpireMod:Book of Names"],"picked":"ReplayTheSpireMod:Black Plague","floor":3},{"not_picked":["All Out Attack","Dagger Spray"],"picked":"Deadly Poison","floor":5},{"not_picked":["ReplayTheSpireMod:Speed Training","Poisoned Stab"],"picked":"Toxin Wave","floor":7},{"not_picked":["Endless Agony","Bane"],"picked":"Dagger Throw","floor":9},{"not_picked":["hubris:SlightOfHand","Reflex"],"picked":"Dagger Throw","floor":10},{"not_picked":["Sucker Punch","Deflect"],"picked":"Prepared","floor":12},{"not_picked":["All Out Attack","Accuracy"],"picked":"Sucker Punch","floor":14},{"not_picked":["Malaise","infinitespire:Neurotoxin"],"picked":"A Thousand Cuts","floor":16},{"not_picked":["Dodge and Roll","Crippling Poison"],"picked":"Escape Plan","floor":18},{"not_picked":["Outmaneuver","Dodge and Roll+1"],"picked":"Quick Slash","floor":19},{"not_picked":["Hidden Blade","Concentrate"],"picked":"PiercingWail+1","floor":20},{"not_picked":["PiercingWail","Outmaneuver","Blur"],"picked":"SKIP","floor":21},{"not_picked":["Finisher","Bane"],"picked":"Dagger Throw","floor":24},{"not_picked":["Terror","hubris:SlightOfHand"],"picked":"Slice+1","floor":26},{"not_picked":["Endless Agony","Poisoned Stab","Blade Dance+1","Alleviate"],"picked":"SKIP","floor":28},{"not_picked":["Flying Knee+1","Blade Dance","WasteNot"],"picked":"Deadly Poison+1","floor":29},{"not_picked":["hubris:SlightOfHand","Distraction+1","Endless Agony","GearUp"],"picked":"SKIP","floor":31},{"not_picked":["ReplayTheSpireMod:Necrosis","Grand Finale","Deny"],"picked":"Tools of the Trade","floor":33},{"not_picked":["PiercingWail+1","Bane+1","Distraction","Defy"],"picked":"SKIP","floor":35},{"not_picked":["hubris:SlightOfHand+1","ReplayTheSpireMod:Shiv Toss+1","ReplayTheSpireMod:Speed Training","Gouge"],"picked":"SKIP","floor":37}],"player_experience":602983,"relics_obtained":[{"floor":7,"key":"infinitespire:Joker Card"},{"floor":9,"key":"Toy Ornithopter"},{"floor":24,"key":"hubris:SlimyHat"},{"floor":26,"key":"Eternal Feather"},{"floor":26,"key":"hubris:DisguiseKit"}],"event_choices":[{"damage_healed":59,"gold_gain":0,"player_choice":"Upgrade","damage_taken":13,"max_hp_gain":0,"max_hp_loss":63,"event_name":"betterThird:BetterShining","floor":2,"gold_loss":0,"cards_upgraded":["Defend_G","Strike_G"]},{"damage_healed":0,"gold_gain":0,"player_choice":"Relic ","damage_taken":3,"max_hp_gain":0,"max_hp_loss":0,"event_name":"betterThird:BetterScrap","floor":4,"gold_loss":0,"cards_obtained":["ReplayTheSpireMod:Corrosion Curse"]},{"cards_removed":["Sickly"],"damage_healed":0,"gold_gain":0,"player_choice":"Upgrade and Remove","damage_taken":0,"max_hp_gain":0,"max_hp_loss":0,"event_name":"Designer","floor":30,"gold_loss":90,"cards_upgraded":["Toxin Wave"]},{"cards_removed":["TheCursedMod:Dregs"],"damage_healed":0,"gold_gain":0,"player_choice":"Removed Curses","damage_taken":0,"max_hp_gain":0,"max_hp_loss":0,"event_name":"Fountain of Cleansing","floor":36,"gold_loss":0}],"is_beta":false,"boss_relics":[{"not_picked":["Honey Jar","Runic Pyramid"],"picked":"Kintsugi"},{"not_picked":["Philosopher\u0027s Stone","SacredBark"],"picked":"construct:WeddingRing"}],"items_purged_floors":[],"is_endless":false,"potions_floor_spawned":[1,12,18,28,29,31,35],"killed_by":"Writhing Mass","ascension_level":0}}