{"host":"awsx6hu75lh7tsqd","time":1612422866,"event":{"mods":["AchievementEnabler","BaseMod","BetterRewards","Colored Map","Evolution","Minty Spire (QoL Compilation)","Shop Mod","StSLib"],"gold_per_floor":[118,139,163,176,196,232,232,37,37,56,56,76,76,76,76,205,205,230,246,260,260,275,319,319,359,359,398,30,43,43,43,43],"floor_reached":31,"language":"ENG","playtime":1711,"items_purged":["Defend_B"],"score":489,"play_id":"dd2e9278-5819-4c88-a62b-57856d3f6169","local_time":"20210204001426","is_ascension_mode":true,"campfire_choices":[{"data":"Zap","floor":7,"key":"SMITH"},{"data":"Redo","floor":11,"key":"SMITH"},{"floor":13,"key":"REST"},{"data":"Redo","floor":15,"key":"SMITH"},{"floor":24,"key":"REST"},{"floor":30,"key":"REST"}],"circlet_count":0,"master_deck":["Ball Lightning+1","Ball Lightning","Ball Lightning+1","Ball Lightning","Conserve Battery","Conserve Battery","Conserve Battery","Zap+1","Dualcast","Redo+1","Barrage","Capacitor","Redo+1","Ball Lightning","Decay","Thunder Strike","Self Repair","Conserve Battery","Loop","Heatsinks","Heatsinks","Hello World","Static Discharge","Loop"],"relics":["Cracked Core","EVO:Axolotl","Orrery","Golden Idol","MerchantsRug","PreservedInsect","Anchor","Strange Spoon","Whetstone","Sozu","The Courier","Mummified Hand","Letter Opener","Juzu Bracelet"],"acts_visited":["Exordium","TheCity"],"potions_floor_usage":[10,10],"damage_taken":[{"damage":15,"enemies":"2 Louse","floor":1,"turns":2},{"damage":0,"enemies":"Cultist","floor":2,"turns":2},{"damage":12,"enemies":"Jaw Worm","floor":3,"turns":2},{"damage":11,"enemies":"Looter","floor":4,"turns":2},{"damage":8,"enemies":"Gremlin Gang","floor":5,"turns":3},{"damage":11,"enemies":"Lagavulin","floor":6,"turns":3},{"damage":0,"enemies":"Lots of Slimes","floor":10,"turns":1},{"damage":0,"enemies":"Large Slime","floor":12,"turns":3},{"damage":21,"enemies":"Hexaghost","floor":16,"turns":7},{"damage":0,"enemies":"Chosen","floor":18,"turns":3},{"damage":0,"enemies":"3 Byrds","floor":19,"turns":2},{"damage":19,"enemies":"Snake Plant","floor":20,"turns":3},{"damage":6,"enemies":"Snecko","floor":22,"turns":3},{"damage":27,"enemies":"Book of Stabbing","floor":23,"turns":4},{"damage":35,"enemies":"Slavers","floor":25,"turns":4},{"damage":8,"enemies":"Book of Stabbing","floor":27,"turns":3},{"damage":8,"enemies":"3 Cultists","floor":29,"turns":3},{"damage":24,"enemies":"Snake Plant","floor":31,"turns":2}],"seed_played":"7936257652433573490","potions_obtained":[{"floor":2,"key":"GamblersBrew"},{"floor":5,"key":"Strength Potion"},{"floor":6,"key":"ColorlessPotion"},{"floor":16,"key":"LiquidMemories"}],"is_trial":false,"path_per_floor":["M","M","M","M","M","E","R","$","T","M","R","M","R","?","R","B",null,"M","M","M","?","M","E","R","E","T","E","$","M","R","M"],"character_chosen":"DEFECT","items_purchased":["Orrery","Anchor","Strange Spoon","Conserve Battery","Loop","Heatsinks","Heatsinks","Hello World","Static Discharge","Loop"],"campfire_rested":3,"item_purchase_floors":[0,8,8,28,28,28,28,28,28,28],"current_hp_per_floor":[60,60,48,37,29,18,18,18,18,18,18,18,40,40,40,19,75,75,75,56,56,50,23,45,10,10,9,9,1,23,0,0],"gold":43,"neow_bonus":"","is_daily":false,"chose_seed":false,"campfire_upgraded":3,"win_rate":0.0,"timestamp":1612422866,"path_taken":["M","M","M","M","M","E","R","$","T","M","R","M","R","?","R","BOSS","M","M","M","?","M","E","R","E","T","E","$","M","R","M"],"items_purchased_type":["Relic","Relic","Relic","Card","Card","Card","Card","Card","Card","Card"],"build_version":"2020-12-22","purchased_purges":1,"victory":false,"max_hp_per_floor":[75,75,75,75,75,75,75,75,75,75,75,75,75,75,75,75,75,75,75,75,75,75,75,75,75,75,75,75,75,75,75,75],"card_choices":[{"not_picked":["White Noise","FTL"],"picked":"Redo","floor":0},{"not_picked":["Hello World","Sunder"],"picked":"Barrage","floor":0},{"not_picked":["Barrage","Steam"],"picked":"Capacitor","floor":0},{"not_picked":["Streamline","Reboot","Go for the Eyes"],"picked":"SKIP","floor":1},{"not_picked":["Stack","Leap"],"picked":"Redo","floor":2},{"not_picked":["Go for the Eyes","Hologram"],"picked":"Ball Lightning","floor":3},{"not_picked":["Stack","Steam","Compile Driver"],"picked":"SKIP","floor":4},{"not_picked":["Force Field","Leap","Undo"],"picked":"SKIP","floor":5},{"not_picked":["Skim","Stack","Reprogram"],"picked":"SKIP","floor":6},{"not_picked":["Barrage","Leap","Rebound"],"picked":"SKIP","floor":10},{"not_picked":["Undo","Static Discharge","Rip and Tear"],"picked":"SKIP","floor":12},{"not_picked":["Reboot","Echo Form"],"picked":"Thunder Strike","floor":16},{"not_picked":["Stack","Barrage","Compile Driver"],"picked":"SKIP","floor":18},{"not_picked":["Stack","Gash","BootSequence"],"picked":"SKIP","floor":19},{"not_picked":["Hologram","Fission","Ball Lightning"],"picked":"SKIP","floor":20},{"not_picked":["Turbo+1","Stack","Coolheaded+1"],"picked":"SKIP","floor":22},{"not_picked":["Darkness","Force Field","Go for the Eyes"],"picked":"SKIP","floor":23},{"not_picked":["Hologram","Beam Cell"],"picked":"Self Repair","floor":25},{"not_picked":["Auto Shields+1","Aggregate+1","All For One"],"picked":"SKIP","floor":27},{"not_picked":["Leap+1","Reprogram+1","Redo"],"picked":"SKIP","floor":29}],"player_experience":122005,"relics_obtained":[{"floor":6,"key":"PreservedInsect"},{"floor":9,"key":"Whetstone"},{"floor":23,"key":"The Courier"},{"floor":25,"key":"Mummified Hand"},{"floor":26,"key":"Letter Opener"},{"floor":27,"key":"Juzu Bracelet"}],"event_choices":[{"damage_healed":0,"gold_gain":0,"player_choice":"Cursed","damage_taken":0,"max_hp_gain":0,"max_hp_loss":0,"event_name":"Wheel of Change","floor":14,"gold_loss":0,"cards_obtained":["Decay"]},{"damage_healed":0,"gold_gain":0,"player_choice":"Got Potions","damage_taken":0,"max_hp_gain":0,"max_hp_loss":0,"event_name":"Lab","floor":21,"gold_loss":0}],"is_beta":false,"boss_relics":[{"not_picked":["FrozenCore","Nuclear Battery"],"picked":"Sozu"}],"items_purged_floors":[0],"is_endless":false,"potions_floor_spawned":[2,5,6,16,19,20,22],"killed_by":"Snake Plant","ascension_level":2}}