{"host":"dscols65uipasqd2","time":1612414699,"event":{"mods":["2.2 Compatiblity","AchievementEnabler","Aspiration","BaseMod","Colored Powertips","Downfall","Energized Spire","GifTheSpireLib","Hermit","Hubris","Infinite Spire","JesterMod","Jorbs\u0027s Wanderer Trilogy","Marisa????????","Minty Spire (QoL Compilation)","Rare Cards Sparkle","Replay The Spire","StSLib","Stuff the Spire","The Cursed","The Disciple","The Hierophant","The Judge","The Jungle","The Runesmith","TheFirefly"],"gold_per_floor":[99,111,124,124,22,55,108,119,134,584,584,613,513,363,379,479,479,479,489,506,506,506,521,521,535,561,461,461,52,52,85,100,196,196,196,216,216,216,286,296,296,346,246,246,271,271,271,282,294,294,294,294],"floor_reached":50,"language":"ENG","playtime":3048,"items_purged":[],"score":634,"play_id":"04f09197-d29b-4a7d-9d85-a7dd78d908c1","local_time":"20210203235819","is_ascension_mode":true,"campfire_choices":[{"floor":1,"key":"RECALL"},{"data":"bronze:InfiniteBeams","floor":13,"key":"SMITH"},{"floor":27,"key":"REST"},{"floor":28,"key":"REST"},{"floor":43,"key":"REST"},{"data":"ReplayTheSpireMod:Book of Names","floor":44,"key":"SMITH"},{"floor":46,"key":"REST"}],"circlet_count":0,"master_deck":["bronze:Strike","bronze:Strike","bronze:Defend","bronze:Defend","bronze:Defend","bronze:Replicate","Swift Strike","bronze:InfiniteBeams+1","bronze:Repair","bronze:BugBarrage","bronze:Backtrace","bronze:Frontload","bronze:DelayedGuard","bronze:Flail","bronze:DarkDash+1","downfall:Icky","bronze:ItsAFeature","bronze:Separator","bronze:SpaghettiCode","ReplayTheSpireMod:From All Sides","bronze:Iterate","bronze:ChosenStrike+1","ReplayTheSpireMod:Book of Names+1","bronze:Shell+1","bronze:WhirlingStrike+1","bronze:Fortify","bronze:ChosenStrike+1","expansioncontent:DashGenerateEvil","bronze:Branch","bronze:BuggyMess+1","bronze:DarkDash+1","bronze:RecursiveStrike","bronze:BuggyMess+1","expansioncontent:AwakenDeath","Replay:SS_forest_2","expansioncontent:YouAreMine","bronze:Invalidate","bronze:ItsAFeature+1","bronze:Overload","ReplayTheSpireMod:Exploit Weakness","StuffTheSpire:FinalStruggle","Deflect","bronze:Separator+1","bronze:Turbo"],"relics":["bronze:BronzeCore","hubris:SlimyHat","StuffTheSpire:Mouthbags","hubris:Towel","Odd Mushroom","downfall:HeartBlessingRed","Black Star","Chemical X","Empty Cage","downfall:KnowingSkull","Mango","StuffTheSpire:PointBlank","WingedGreaves","downfall:HeartBlessingGreen","Whetstone","Eternal Feather","HornCleat","aspiration:RitualDagger","bronze:BottledCode","White Beast Statue","StuffTheSpire:NeowsTribute","downfall:HeartBlessingBlue","TungstenRod","Lantern"],"acts_visited":["Exordium","TheCity","TheBeyond"],"potions_floor_usage":[16,23,23,31,33,42,45,48,50,50,50],"damage_taken":[{"damage":1,"enemies":"2 Louse","floor":2,"turns":3},{"damage":1,"enemies":"Cultist","floor":3,"turns":3},{"damage":1,"enemies":"downfall:FleeingMerchant","floor":5,"turns":4},{"damage":9,"enemies":"3 Sentries","floor":6,"turns":3},{"damage":0,"enemies":"Small Slimes","floor":8,"turns":2},{"damage":0,"enemies":"2 Fungi Beasts","floor":9,"turns":3},{"damage":0,"enemies":"The Mushroom Lair","floor":12,"turns":2},{"damage":0,"enemies":"3 Louse","floor":15,"turns":2},{"damage":5,"enemies":"WA_ARCHETYPE_RETAIN","floor":16,"turns":4},{"damage":0,"enemies":"Chosen","floor":19,"turns":4},{"damage":31,"enemies":"Centurion and Healer","floor":20,"turns":5},{"damage":16,"enemies":"Snake Plant","floor":23,"turns":4},{"damage":9,"enemies":"Snecko","floor":25,"turns":3},{"damage":25,"enemies":"Gremlin Leader","floor":26,"turns":4},{"damage":1,"enemies":"downfall:FleeingMerchant","floor":29,"turns":4},{"damage":24,"enemies":"Slavers","floor":31,"turns":5},{"damage":1,"enemies":"Centurion and Healer","floor":32,"turns":4},{"damage":21,"enemies":"SI_MIRROR_ARCHETYPE","floor":33,"turns":9},{"damage":11,"enemies":"Orb Walker","floor":36,"turns":3},{"damage":21,"enemies":"3 Shapes","floor":40,"turns":4},{"damage":48,"enemies":"3 Shapes","floor":42,"turns":6},{"damage":74,"enemies":"R_Hoarder","floor":45,"turns":10},{"damage":63,"enemies":"Writhing Mass","floor":48,"turns":6},{"damage":18,"enemies":"Jaw Worm Horde","floor":49,"turns":2},{"damage":288,"enemies":"IC_BLOCK_ARCHETYPE","floor":50,"turns":13}],"seed_played":"7111034935575748711","potions_obtained":[{"floor":6,"key":"infinitespire:BlackPotion"},{"floor":15,"key":"sneckomod:MuddlingPotion"},{"floor":16,"key":"DistilledChaos"},{"floor":19,"key":"PowerPotion"},{"floor":20,"key":"ColorlessPotion"},{"floor":31,"key":"Energy Potion"},{"floor":35,"key":"PowerPotion"},{"floor":35,"key":"Regen Potion"},{"floor":42,"key":"Adrenaline Potion"},{"floor":45,"key":"SkillPotion"},{"floor":48,"key":"sneckomod:MuddlingPotion"},{"floor":49,"key":"AttackPotion"}],"is_trial":false,"path_per_floor":["R","M","M","?","$","E","T","M","M","?","?","?","R","?","M","B",null,"R","M","M","AVR","?","M","T","M","E","R","R","$","R","E","M","B",null,"R","M","?","?","T","M","T","?","R","R","E","R","?","M","M","B"],"character_chosen":"THE_AUTOMATON","items_purchased":["bronze:Backtrace","bronze:Frontload","expansioncontent:DashGenerateEvil","Whetstone","bronze:Branch"],"campfire_rested":4,"item_purchase_floors":[5,5,29,29,29],"current_hp_per_floor":[70,69,68,68,69,67,67,67,70,70,70,70,70,80,80,75,80,80,80,56,56,49,44,58,49,24,52,80,86,86,62,65,51,94,94,90,84,74,74,60,60,12,74,94,27,79,79,23,5,0,0,0],"gold":294,"neow_bonus":"RANDOM_COLORLESS","is_daily":false,"chose_seed":false,"campfire_upgraded":2,"win_rate":0.0,"timestamp":1612414699,"path_taken":["R","M","M","?","$","E","T","M","?","?","?","?","R","?","M","BOSS","R","M","M","AVR","?","M","T","M","E","R","R","?","R","E","M","BOSS","R","M","?","?","?","?","T","?","R","R","E","R","?","M","M","BOSS"],"items_purchased_type":["Card","Card","Card","Relic","Card"],"build_version":"2020-12-22","purchased_purges":0,"victory":false,"max_hp_per_floor":[70,70,70,70,70,70,70,70,70,70,70,70,70,80,80,80,80,80,80,80,80,80,80,94,94,94,94,94,94,94,94,94,94,94,94,94,84,84,84,84,84,84,94,94,94,94,94,94,94,94,94,94],"card_choices":[{"not_picked":["Bandage Up","StuffTheSpire:PlasmaPunch"],"picked":"Swift Strike","floor":0},{"not_picked":["bronze:Allocate","bronze:CloningBeam"],"picked":"bronze:InfiniteBeams","floor":2},{"not_picked":["bronze:Deprecate","bronze:BuggyMess"],"picked":"bronze:Repair","floor":3},{"not_picked":["bronze:Shield","bronze:Overheat"],"picked":"bronze:Flail","floor":5},{"not_picked":["bronze:Shell","bronze:Allocate"],"picked":"bronze:DelayedGuard","floor":6},{"not_picked":["bronze:DelayedGuard","bronze:BugBarrage"],"picked":"bronze:DarkDash","floor":8},{"not_picked":["bronze:Constructor","bronze:FollowUp"],"picked":"bronze:BugBarrage","floor":9},{"not_picked":["bronze:Overheat","bronze:ThunderWave"],"picked":"bronze:ItsAFeature","floor":12},{"not_picked":["bronze:WhirlingStrike","bronze:ForceShield"],"picked":"bronze:Separator","floor":15},{"not_picked":["bronze:AlphaBuild","bronze:FindAndReplace"],"picked":"bronze:SpaghettiCode","floor":16},{"not_picked":["bronze:MaxOutput","bronze:Separator"],"picked":"bronze:Iterate","floor":19},{"not_picked":["bronze:ChildClass","bronze:FineTuning"],"picked":"bronze:ChosenStrike+1","floor":20},{"not_picked":["bronze:Deprecate","bronze:Turbo"],"picked":"bronze:Shell+1","floor":23},{"not_picked":["bronze:Iterate","bronze:FineTuning"],"picked":"bronze:WhirlingStrike","floor":25},{"not_picked":["bronze:Hardcode","bronze:Overheat"],"picked":"bronze:Fortify","floor":26},{"not_picked":["bronze:DigitalCarnage","bronze:BurnOut"],"picked":"bronze:ChosenStrike+1","floor":29},{"not_picked":["bronze:BronzeArmor","bronze:Return"],"picked":"bronze:BuggyMess+1","floor":31},{"not_picked":["bronze:Constructor","bronze:ChildClass"],"picked":"bronze:DarkDash+1","floor":32},{"not_picked":["bronze:Format","bronze:ThunderWave"],"picked":"bronze:RecursiveStrike","floor":33},{"not_picked":["bronze:Branch","bronze:BugBarrage"],"picked":"bronze:BuggyMess+1","floor":36},{"not_picked":["expansioncontent:Chronoboost","Replay:SS_fish_1"],"picked":"expansioncontent:AwakenDeath","floor":38},{"not_picked":["expansioncontent:AwakenDeath","expansioncontent:YouAreMine"],"picked":"Replay:SS_forest_2","floor":38},{"not_picked":["Replay:SS_fish_1","expansioncontent:AwakenDeath"],"picked":"expansioncontent:YouAreMine","floor":38},{"not_picked":["bronze:Iterate","bronze:Overheat"],"picked":"bronze:Invalidate","floor":40},{"not_picked":["bronze:Allocate","bronze:Iterate"],"picked":"bronze:ItsAFeature+1","floor":42},{"not_picked":["bronze:ChosenStrike","bronze:DelayedGuard+1"],"picked":"bronze:Overload","floor":45},{"not_picked":["bronze:ForLoop","bronze:Flail"],"picked":"bronze:Separator+1","floor":48},{"not_picked":["bronze:BuggyMess","bronze:WhirlingStrike"],"picked":"bronze:Turbo","floor":49}],"player_experience":580529,"relics_obtained":[{"floor":6,"key":"hubris:SlimyHat"},{"floor":7,"key":"StuffTheSpire:Mouthbags"},{"floor":12,"key":"Odd Mushroom"},{"floor":24,"key":"Mango"},{"floor":26,"key":"StuffTheSpire:PointBlank"},{"floor":26,"key":"WingedGreaves"},{"floor":31,"key":"Eternal Feather"},{"floor":31,"key":"HornCleat"},{"floor":41,"key":"White Beast Statue"},{"floor":42,"key":"StuffTheSpire:NeowsTribute"},{"floor":45,"key":"TungstenRod"},{"floor":45,"key":"Lantern"}],"event_choices":[{"damage_healed":0,"gold_gain":0,"player_choice":"Fought Mushrooms","damage_taken":0,"max_hp_gain":0,"max_hp_loss":0,"event_name":"Mushrooms","floor":12,"gold_loss":0}],"is_beta":false,"boss_relics":[{"not_picked":["Ring of Chaos","energizedSpire:RedRose"],"picked":"Black Star"},{"not_picked":["Fusion Hammer","StuffTheSpire:Kangaroo"],"picked":"aspiration:RitualDagger"}],"items_purged_floors":[],"is_endless":false,"potions_floor_spawned":[6,15,16,19,20,31,42,45,48,49],"killed_by":"IC_BLOCK_ARCHETYPE","ascension_level":2}}