{"host":"nsc6ozq3atyrdr3m","time":1612471189,"event":{"mods":["BaseMod","Colored Map","Minty Spire (QoL Compilation)"],"gold_per_floor":[115,115,128,140,140,140,7,26,26,26,47,47,47,65,65,160,160,124,149,66,66,66],"floor_reached":21,"language":"FRA","playtime":408,"items_purged":["Defend_R"],"score":342,"play_id":"b3c34836-ff87-422f-bd2e-6a8600ad74b9","local_time":"20210204213949","is_ascension_mode":true,"campfire_choices":[{"floor":6,"key":"REST"},{"floor":10,"key":"REST"},{"data":"Demon Form","floor":13,"key":"SMITH"},{"floor":15,"key":"REST"}],"circlet_count":0,"master_deck":["AscendersBane","Strike_R","Strike_R","Strike_R","Strike_R","Strike_R","Defend_R","Defend_R","Defend_R","Bash","Demon Form+1","Carnage","Thunderclap","Flex","Rupture","Flame Barrier","Demon Form","Blood for Blood","Hemokinesis","Battle Trance"],"relics":["Black Blood","White Beast Statue","Golden Idol","Nunchaku"],"acts_visited":["Exordium","TheCity"],"potions_floor_usage":[8,8,12,16,16,19,21,21],"damage_taken":[{"damage":4,"enemies":"Small Slimes","floor":1,"turns":4},{"damage":28,"enemies":"Jaw Worm","floor":3,"turns":5},{"damage":12,"enemies":"Cultist","floor":4,"turns":4},{"damage":10,"enemies":"Lots of Slimes","floor":8,"turns":3},{"damage":21,"enemies":"Blue Slaver","floor":11,"turns":3},{"damage":21,"enemies":"3 Louse","floor":14,"turns":3},{"damage":56,"enemies":"Hexaghost","floor":16,"turns":8},{"damage":34,"enemies":"2 Thieves","floor":18,"turns":5},{"damage":32,"enemies":"3 Byrds","floor":19,"turns":5},{"damage":34,"enemies":"Snecko","floor":21,"turns":3}],"seed_played":"3369279743168773513","potions_obtained":[{"floor":1,"key":"SkillPotion"},{"floor":3,"key":"PowerPotion"},{"floor":8,"key":"Strength Potion"},{"floor":11,"key":"Explosive Potion"},{"floor":12,"key":"BloodPotion"},{"floor":12,"key":"ElixirPotion"},{"floor":14,"key":"Regen Potion"},{"floor":16,"key":"BlessingOfTheForge"},{"floor":18,"key":"Energy Potion"},{"floor":19,"key":"SteroidPotion"}],"is_trial":false,"path_per_floor":["M","?","M","M","?","R","$","M","T","R","M","?","R","M","R","B",null,"M","M","$","M"],"character_chosen":"IRONCLAD","items_purchased":["Flex","Battle Trance"],"campfire_rested":3,"item_purchase_floors":[7,20],"current_hp_per_floor":[52,41,19,13,13,33,33,29,29,49,34,47,47,32,52,14,55,33,13,13,0,0],"gold":66,"neow_bonus":"THREE_RARE_CARDS","is_daily":false,"chose_seed":false,"campfire_upgraded":1,"win_rate":0.0,"timestamp":1612471189,"path_taken":["M","?","M","M","?","R","$","M","T","R","M","?","R","?","R","BOSS","M","?","$","M"],"items_purchased_type":["Card","Card"],"build_version":"2020-12-22","purchased_purges":1,"victory":false,"max_hp_per_floor":[75,75,75,75,68,68,68,68,68,68,68,68,68,68,68,68,68,68,68,68,68,68],"card_choices":[{"not_picked":["Exhume","Double Tap"],"picked":"Demon Form","floor":0},{"not_picked":["Perfected Strike","Burning Pact"],"picked":"Carnage","floor":1},{"not_picked":["Perfected Strike","Cleave","Combust"],"picked":"SKIP","floor":3},{"not_picked":["Anger","Burning Pact"],"picked":"Thunderclap","floor":4},{"not_picked":["Body Slam","Reckless Charge","Armaments"],"picked":"SKIP","floor":8},{"not_picked":["True Grit","Second Wind"],"picked":"Rupture","floor":11},{"not_picked":["Armaments","Sever Soul"],"picked":"Flame Barrier","floor":14},{"not_picked":["Juggernaut","Barricade"],"picked":"Demon Form","floor":16},{"not_picked":["Perfected Strike","Wild Strike"],"picked":"Blood for Blood","floor":18},{"not_picked":["Cleave","Sentinel"],"picked":"Hemokinesis","floor":19}],"player_experience":377256,"relics_obtained":[{"floor":9,"key":"Nunchaku"}],"event_choices":[{"damage_healed":0,"gold_gain":0,"player_choice":"Success","damage_taken":11,"relics_obtained":["White Beast Statue"],"max_hp_gain":0,"max_hp_loss":0,"event_name":"Scrap Ooze","floor":2,"gold_loss":0},{"damage_healed":0,"gold_gain":0,"player_choice":"Lose Max HP","damage_taken":0,"relics_obtained":["Golden Idol"],"max_hp_gain":0,"max_hp_loss":7,"event_name":"Golden Idol","floor":5,"gold_loss":0},{"damage_healed":0,"gold_gain":0,"player_choice":"Got Potions","damage_taken":0,"max_hp_gain":0,"max_hp_loss":0,"event_name":"Lab","floor":12,"gold_loss":0}],"is_beta":false,"boss_relics":[{"not_picked":["Empty Cage","SlaversCollar"],"picked":"Black Blood"}],"items_purged_floors":[7],"is_endless":false,"potions_floor_spawned":[1,3,4,8,11,14,16,18,19],"killed_by":"Snecko","ascension_level":20}}