{"host":"pletss163z7s8pvv","time":1612419206,"event":{"mods":["AchievementEnabler","BaseMod","Better Altar","Better Match","Better Note","Better Sensory Stone","Better Skull","Better Third Choice","BetterRewards","CapriCore","ChefMod","Colored Map","Colored Powertips","Conspire","Energized Spire","Evolution","GifTheSpireLib","Hermit","Ironclad Rager","Marked Mod","Minty Spire (QoL Compilation)","Retaliation","Spicy Shops","StS++","StSLib","The Alterego","The Blue Laboratory","The Cursed","The Disciple","The Forsaken"],"gold_per_floor":[211,211,55,55,68,92,92,112,164,129,149,167,192,44,44,175,175,200,2,17,30,0,0,0],"floor_reached":23,"language":"ENG","playtime":500,"items_purged":[],"score":210,"play_id":"91c0cdc9-6ba0-41e3-849e-97e4d1fd0584","local_time":"20210204001326","is_ascension_mode":false,"campfire_choices":[{"floor":15,"key":"REST"}],"circlet_count":0,"master_deck":["StSpp:PoisonousPunch","StSpp:PoisonousPunch+1","StSpp:PoisonousPunch","StSpp:PoisonousPunch","StSpp:PoisonousPunch","Backflip","Backflip","Defend_G","Defend_G","Defend_G","Survivor","Neutralize","conspire:PoisonWeapons","Noxious Fumes","StSpp:PoisonousPunch+1","StSpp:PoisonousPunch","Deadly Poison","StSpp:PoisonousPunch","conspire:PoisonWeapons","Caltrops","Flying Knee","All Out Attack","StSpp:StrikeFirst","Crippling Poison","Dash","Poisoned Stab","Die Die Die","StSpp:FiercePoison","StSpp:PoisonousPunch","Outmaneuver","conspire:PoisonWeapons","Slice"],"relics":["Ring of the Snake","EVO:Axolotl","Golden Idol","Whetstone","Orrery","TwistedFunnel"],"acts_visited":["Exordium","TheCity"],"potions_floor_usage":[13,23],"damage_taken":[{"damage":0,"enemies":"Jaw Worm","floor":1,"turns":3},{"damage":0,"enemies":"Cultist","floor":5,"turns":3},{"damage":0,"enemies":"2 Louse","floor":6,"turns":1},{"damage":7,"enemies":"Looter","floor":8,"turns":3},{"damage":10,"enemies":"Large Slime","floor":11,"turns":4},{"damage":7,"enemies":"Blue Slaver","floor":12,"turns":2},{"damage":5,"enemies":"3 Louse","floor":13,"turns":3},{"damage":23,"enemies":"The Guardian","floor":16,"turns":7},{"damage":24,"enemies":"2 Thieves","floor":18,"turns":4},{"damage":13,"enemies":"3 Byrds","floor":20,"turns":3},{"damage":10,"enemies":"Snecko","floor":21,"turns":3},{"damage":23,"enemies":"Gremlin Leader","floor":23,"turns":5}],"seed_played":"-3059132687521443108","potions_obtained":[{"floor":1,"key":"blueLaboratory:NullPotion"},{"floor":11,"key":"SteroidPotion"},{"floor":13,"key":"Fruit Juice"}],"is_trial":false,"path_per_floor":["M","?","$","?","M","M","?","M","T","?","M","M","M","$","R","B",null,"M","$","M","M","$","E"],"character_chosen":"THE_SILENT","items_purchased":["Noxious Fumes","PowerPotion","StSpp:PoisonousPunch","Orrery","TwistedFunnel","StSpp:PoisonousPunch","Slice"],"campfire_rested":1,"item_purchase_floors":[3,3,3,14,19,19,22],"current_hp_per_floor":[70,70,70,53,53,53,53,46,46,63,53,46,46,46,68,45,75,51,51,38,28,28,5,5],"gold":0,"neow_bonus":"HUNDRED_GOLD","is_daily":false,"chose_seed":false,"campfire_upgraded":0,"win_rate":0.0,"timestamp":1612419206,"path_taken":["M","?","?","?","M","M","?","M","T","?","?","M","M","$","R","BOSS","M","$","M","M","$","E"],"items_purchased_type":["Card","Potion","Card","Relic","Relic","Card","Card"],"build_version":"2020-12-22","purchased_purges":0,"victory":false,"max_hp_per_floor":[70,70,70,70,70,70,70,70,70,70,70,70,75,75,75,75,75,75,75,75,75,75,75,75],"card_choices":[{"not_picked":["Bane","Quick Slash"],"picked":"conspire:PoisonWeapons","floor":1},{"not_picked":["Dagger Throw","Sucker Punch"],"picked":"StSpp:PoisonousPunch","floor":5},{"not_picked":["Well Laid Plans","Cloak And Dagger"],"picked":"Deadly Poison","floor":6},{"not_picked":["Blade Dance","Underhanded Strike"],"picked":"StSpp:PoisonousPunch","floor":8},{"not_picked":["Doppelganger","Dagger Throw"],"picked":"conspire:PoisonWeapons","floor":11},{"not_picked":["Poisoned Stab","Concentrate"],"picked":"Caltrops","floor":12},{"not_picked":["PiercingWail","Tactician"],"picked":"Flying Knee","floor":13},{"not_picked":["Acrobatics","Tactician"],"picked":"All Out Attack","floor":14},{"not_picked":["Deflect","Well Laid Plans"],"picked":"StSpp:StrikeFirst","floor":14},{"not_picked":["Dodge and Roll","Sucker Punch"],"picked":"Crippling Poison","floor":14},{"not_picked":["Doppelganger","Dagger Throw"],"picked":"Dash","floor":14},{"not_picked":["Dagger Throw","Sucker Punch"],"picked":"Poisoned Stab","floor":14},{"not_picked":["Night Terror","Corpse Explosion"],"picked":"Die Die Die","floor":16},{"not_picked":["Sucker Punch","PiercingWail"],"picked":"StSpp:FiercePoison","floor":18},{"not_picked":["Blur","Prepared+1"],"picked":"Outmaneuver","floor":20},{"not_picked":["Quick Slash+1","Acrobatics"],"picked":"conspire:PoisonWeapons","floor":21}],"player_experience":494557,"relics_obtained":[{"floor":9,"key":"Whetstone"}],"event_choices":[{"damage_healed":4,"gold_gain":0,"player_choice":"LEAVE ","damage_taken":0,"relics_obtained":[],"max_hp_gain":0,"max_hp_loss":0,"event_name":"betterSkull:BetterSkull","floor":2,"gold_loss":0,"cards_upgraded":[]},{"damage_healed":0,"gold_gain":0,"player_choice":"Take Damage","damage_taken":17,"relics_obtained":["Golden Idol"],"max_hp_gain":0,"max_hp_loss":0,"event_name":"Golden Idol","floor":4,"gold_loss":0},{"damage_healed":17,"gold_gain":0,"player_choice":"Healed","damage_taken":0,"max_hp_gain":0,"max_hp_loss":0,"event_name":"The Cleric","floor":10,"gold_loss":35}],"is_beta":false,"boss_relics":[{"not_picked":["energizedSpire:SpiderWeb","Snecko Eye","Runic Pyramid"]}],"items_purged_floors":[],"is_endless":false,"potions_floor_spawned":[1,11,13],"killed_by":"Gremlin Leader","ascension_level":0}}