{"host":"ufpbcvppfed80z13","time":1612398112,"event":{"mods":["BaseMod","Minty Spire (QoL Compilation)","Replay The Spire","StSLib"],"gold_per_floor":[110,121,175,175,175,175,188,188,240,260,291,348,348,366,366,469,469,454,163,262,262,262,262,281,281,354,365,391,411,491,491,491],"floor_reached":31,"language":"ENG","playtime":1381,"items_purged":["Strike_B"],"score":361,"play_id":"74ae8f5c-5648-4731-9c82-f91ab033d616","local_time":"20210204002152","is_ascension_mode":true,"campfire_choices":[{"data":"White Noise","floor":6,"key":"SMITH"},{"data":"Zap","floor":8,"key":"SMITH"},{"floor":13,"key":"REST"},{"data":"Gash","floor":15,"key":"SMITH"},{"floor":23,"key":"REST"},{"data":"Fission","floor":25,"key":"SMITH"}],"circlet_count":0,"master_deck":["Strike_B","Strike_B","Strike_B","Defend_B","Defend_B","Defend_B","Defend_B","Zap+1","Dualcast","ReplayRNGCard+1","Turbo","Gash","White Noise+1","Gash+1","Steam","All For One","Rip and Tear","ReplayRNGCard","Auto Shields","Fission+1","Self Repair","Glacier","Conserve Battery","ReplayRNGCard","FTL"],"relics":["Cracked Core","ReplayFunnel","Blood Vial","Inserter","Nloth\u0027s Gift","Replay:Bottled Flurry","Prayer Wheel","The Courier"],"acts_visited":["Exordium","TheCity"],"potions_floor_usage":[11,11,16,28,31,31,31,31,31],"damage_taken":[{"damage":0,"enemies":"2 Louse","floor":1,"turns":1},{"damage":7,"enemies":"Jaw Worm","floor":2,"turns":3},{"damage":5,"enemies":"Cultist","floor":7,"turns":4},{"damage":13,"enemies":"Large Slime","floor":10,"turns":5},{"damage":0,"enemies":"3 Sentries","floor":11,"turns":6},{"damage":0,"enemies":"2 Fungi Beasts","floor":14,"turns":2},{"damage":1,"enemies":"Hexaghost","floor":16,"turns":7},{"damage":29,"enemies":"2 Thieves","floor":18,"turns":4},{"damage":12,"enemies":"Chosen","floor":24,"turns":4},{"damage":15,"enemies":"Snake Plant","floor":27,"turns":4},{"damage":32,"enemies":"Gremlin Leader","floor":28,"turns":9},{"damage":8,"enemies":"Centurion and Healer","floor":29,"turns":9},{"damage":20,"enemies":"Slavers","floor":31,"turns":2}],"seed_played":"-3484975343023837657","potions_obtained":[{"floor":2,"key":"LifebloodPotion"},{"floor":7,"key":"Doom Potion"},{"floor":11,"key":"SpeedPotion"},{"floor":16,"key":"PotionOfCapacity"},{"floor":27,"key":"Reflective Coating"},{"floor":29,"key":"EntropicBrew"}],"is_trial":false,"path_per_floor":["M","M","?","?","?","R","M","R","T","M","E","?","R","M","R","B",null,"M","$","?","?","?","R","M","R","T","M","E","M","T","E"],"character_chosen":"DEFECT","items_purchased":["Fission","Self Repair"],"campfire_rested":2,"item_purchase_floors":[19,19],"current_hp_per_floor":[68,61,31,31,31,31,26,26,26,13,13,13,35,37,37,38,66,39,39,39,25,25,49,46,46,46,40,17,18,18,0,0],"gold":491,"neow_bonus":"ONE_RANDOM_RARE_CARD","is_daily":false,"chose_seed":false,"campfire_upgraded":4,"win_rate":0.0,"timestamp":1612398112,"path_taken":["M","M","?","?","?","R","M","R","T","?","E","?","R","M","R","BOSS","M","$","?","?","?","R","M","R","T","M","E","?","?","E"],"items_purchased_type":["Card","Card"],"build_version":"2020-12-22","purchased_purges":1,"victory":false,"max_hp_per_floor":[75,75,75,75,75,75,75,75,75,75,75,75,75,75,75,75,75,75,75,75,80,80,80,80,80,80,80,80,80,80,80,80],"card_choices":[{"not_picked":["Steam","Self Repair"],"picked":"Turbo","floor":1},{"not_picked":["Redo","ReplayTheSpireMod:GoodbyeWorld"],"picked":"Gash","floor":2},{"not_picked":["ReplayTheSpireMod:Repulse","BasicCrystalCard"],"picked":"White Noise","floor":3},{"not_picked":["Steam Power","BasicCrystalCard"],"picked":"Gash","floor":3},{"not_picked":["BasicCrystalCard","Sweeping Beam","Turbo"],"picked":"SKIP","floor":7},{"not_picked":["ReplaySort","Hologram"],"picked":"Steam","floor":10},{"not_picked":["Streamline","Scrape"],"picked":"All For One","floor":11},{"not_picked":["Force Field","Panic Button"],"picked":"Rip and Tear","floor":14},{"not_picked":["Echo Form","Meteor Strike"],"picked":"ReplayRNGCard","floor":16},{"not_picked":["Streamline","Hologram"],"picked":"Auto Shields","floor":18},{"not_picked":["Machine Learning","Loop"],"picked":"Glacier","floor":24},{"not_picked":["Stack+1","Compile Driver"],"picked":"Conserve Battery","floor":27},{"not_picked":["Hologram","ReplaySort+1"],"picked":"ReplayRNGCard","floor":28},{"not_picked":["BootSequence","Heatsinks","ReplayTheSpireMod:Omega Cannon"],"picked":"SKIP","floor":29},{"not_picked":["Leap","FTL","Go for the Eyes"],"picked":"SKIP","floor":29},{"not_picked":["Leap","Go for the Eyes"],"picked":"FTL","floor":29},{"not_picked":["BootSequence","Heatsinks","ReplayTheSpireMod:Omega Cannon"],"picked":"SKIP","floor":29}],"player_experience":100190,"relics_obtained":[{"floor":3,"key":"Replay:WaspNest"},{"floor":9,"key":"ReplayFunnel"},{"floor":11,"key":"Blood Vial"},{"floor":26,"key":"Replay:Bottled Flurry"},{"floor":28,"key":"Prayer Wheel"},{"floor":30,"key":"The Courier"}],"event_choices":[{"damage_healed":0,"gold_gain":0,"player_choice":"Grow","damage_taken":0,"max_hp_gain":0,"max_hp_loss":0,"event_name":"Living Wall","floor":4,"gold_loss":0,"cards_upgraded":["ReplayRNGCard"]},{"damage_healed":0,"gold_gain":0,"player_choice":"0 cards matched","damage_taken":0,"max_hp_gain":0,"max_hp_loss":0,"event_name":"Match and Keep!","floor":5,"gold_loss":0,"cards_obtained":[]},{"damage_healed":0,"gold_gain":57,"player_choice":"Gained Gold","damage_taken":0,"max_hp_gain":0,"max_hp_loss":0,"event_name":"Golden Wing","floor":12,"gold_loss":0},{"damage_healed":0,"gold_gain":99,"player_choice":"Stole From Cult","damage_taken":0,"max_hp_gain":0,"max_hp_loss":0,"event_name":"Nest","floor":20,"gold_loss":0},{"damage_healed":0,"gold_gain":0,"player_choice":"Shed Blood","damage_taken":19,"max_hp_gain":5,"max_hp_loss":0,"event_name":"Forgotten Altar","floor":21,"gold_loss":0},{"damage_healed":0,"gold_gain":0,"player_choice":"Traded Relic","damage_taken":0,"relics_obtained":["Nloth\u0027s Gift"],"max_hp_gain":0,"max_hp_loss":0,"event_name":"N\u0027loth","floor":22,"relics_lost":["Replay:WaspNest"],"gold_loss":0}],"is_beta":false,"boss_relics":[{"not_picked":["Replay:Ancient Bell","SacredBark"],"picked":"Inserter"}],"items_purged_floors":[19],"is_endless":false,"potions_floor_spawned":[2,7,11,16,27,29],"killed_by":"Slavers","ascension_level":6}}