{"host":"9l1knhxfturzliqa","time":1612404835,"event":{"mods":["BaseMod","Colored Map","Colored Powertips","DeckTracker","Highlight Path","Keyboard Shortcuts","Minty Spire (QoL Compilation)","Random Character Button"],"gold_per_floor":[361,286,286,12,31,31,31,44,44,55,55,70,70,80,80,157,157,167,187,187,33,45,45,64,64,64,77,77,77,77],"floor_reached":29,"language":"KOR","playtime":1455,"items_purged":["Storm of Steel"],"score":434,"play_id":"83a8fc71-dfda-4fa0-9a0e-dbaba7005643","local_time":"20210204111355","is_ascension_mode":true,"campfire_choices":[{"data":"Deadly Poison","floor":6.0,"key":"SMITH"},{"data":"Neutralize","floor":13.0,"key":"SMITH"},{"floor":15.0,"key":"REST"},{"data":"Tools of the Trade","floor":23.0,"key":"SMITH"},{"floor":25.0,"key":"REST"}],"circlet_count":0,"master_deck":["AscendersBane","Survivor","Neutralize+1","Deadly Poison+1","Flying Knee+1","Dagger Spray+1","Masterful Stab+1","Finisher+1","Adrenaline","Night Terror","Poisoned Stab+1","Tools of the Trade","Underhanded Strike+1","Corpse Explosion","Tools of the Trade+1","Poisoned Stab+1","PiercingWail","Bouncing Flask","Well Laid Plans","Catalyst"],"relics":["Ring of the Snake","Molten Egg 2","Bottled Lightning","Pandora\u0027s Box","Letter Opener"],"acts_visited":["Exordium","TheCity"],"potions_floor_usage":[29,29,29,29],"damage_taken":[{"damage":25.0,"enemies":"Jaw Worm","floor":1.0,"turns":8.0},{"damage":0.0,"enemies":"2 Louse","floor":5.0,"turns":3.0},{"damage":0.0,"enemies":"Cultist","floor":8.0,"turns":3.0},{"damage":4.0,"enemies":"Blue Slaver","floor":10.0,"turns":3.0},{"damage":2.0,"enemies":"Exordium Thugs","floor":12.0,"turns":4.0},{"damage":10.0,"enemies":"Gremlin Gang","floor":14.0,"turns":3.0},{"damage":30.0,"enemies":"Hexaghost","floor":16.0,"turns":7.0},{"damage":12.0,"enemies":"3 Byrds","floor":18.0,"turns":2.0},{"damage":4.0,"enemies":"Chosen","floor":19.0,"turns":3.0},{"damage":12.0,"enemies":"3 Cultists","floor":22.0,"turns":3.0},{"damage":2.0,"enemies":"Centurion and Healer","floor":24.0,"turns":2.0},{"damage":24.0,"enemies":"Snake Plant","floor":27.0,"turns":2.0},{"damage":10,"enemies":"Book of Stabbing","floor":29,"turns":2}],"seed_played":"-3793657205358645554","potions_obtained":[{"floor":1.0,"key":"ColorlessPotion"},{"floor":3.0,"key":"LiquidBronze"},{"floor":3.0,"key":"AttackPotion"},{"floor":10.0,"key":"ColorlessPotion"},{"floor":22.0,"key":"Ancient Potion"},{"floor":24.0,"key":"EntropicBrew"}],"is_trial":false,"path_per_floor":["M","?","?","$","M","R","?","M","T","M","$","M","R","M","R","B",null,"M","M","?","$","M","R","M","R","T","M","?","E"],"character_chosen":"THE_SILENT","items_purchased":["Molten Egg 2","Well Laid Plans"],"campfire_rested":2,"item_purchase_floors":[4,21],"current_hp_per_floor":[34,34,34,34,34,34,34,34,34,30,30,28,28,18,37,7,51,39,35,29,29,17,17,15,34,34,10,10,0,0],"gold":77,"neow_bonus":"TWO_FIFTY_GOLD","is_daily":false,"chose_seed":false,"campfire_upgraded":3,"win_rate":0.0,"timestamp":1612404835,"path_taken":["M","?","?","$","?","R","?","M","T","M","?","M","R","M","R","BOSS","M","?","?","?","M","R","M","R","T","M","?","E"],"items_purchased_type":["Relic","Card"],"build_version":"2020-12-22","purchased_purges":1,"victory":false,"max_hp_per_floor":[66,66,66,66,66,66,66,66,66,66,66,66,66,66,66,66,66,66,66,66,66,66,66,66,66,66,66,66,66,66],"card_choices":[{"not_picked":["Concentrate","Poisoned Stab"],"picked":"Deadly Poison","floor":1.0},{"not_picked":["Cloak And Dagger","Prepared"],"picked":"Flying Knee+1","floor":5.0},{"not_picked":["Flying Knee+1","Backflip"],"picked":"Dagger Spray+1","floor":8.0},{"not_picked":["Tactician","Deflect"],"picked":"Masterful Stab+1","floor":10.0},{"not_picked":["Masterful Stab+1","Underhanded Strike+1","Slice+1"],"picked":"SKIP","floor":12.0},{"not_picked":["Quick Slash+1","Acrobatics"],"picked":"Finisher+1","floor":14.0},{"not_picked":["Phantasmal Killer","Corpse Explosion"],"picked":"Adrenaline","floor":16.0},{"not_picked":["Poisoned Stab+1","Flying Knee+1"],"picked":"PiercingWail","floor":18.0},{"not_picked":["Skewer+1","Sucker Punch+1"],"picked":"Bouncing Flask","floor":19.0},{"not_picked":["Cloak And Dagger","Outmaneuver+1","Flying Knee+1"],"picked":"SKIP","floor":22.0},{"not_picked":["Setup+1","Deadly Poison"],"picked":"Catalyst","floor":24.0},{"not_picked":["Deflect","Backflip","Flying Knee+1"],"picked":"SKIP","floor":27.0}],"player_experience":600577,"relics_obtained":[{"floor":9.0,"key":"Bottled Lightning"},{"floor":26.0,"key":"Letter Opener"}],"event_choices":[{"cards_removed":["Shame"],"damage_healed":0.0,"max_hp_gain":0.0,"max_hp_loss":0.0,"gold_gain":0.0,"event_name":"The Cleric","player_choice":"Card Removal","floor":2.0,"gold_loss":75.0,"damage_taken":0.0},{"damage_healed":0.0,"max_hp_gain":0.0,"max_hp_loss":0.0,"gold_gain":0.0,"event_name":"Lab","player_choice":"Got Potions","floor":3.0,"gold_loss":0.0,"damage_taken":0.0},{"cards_removed":["Strike_G"],"damage_healed":0.0,"max_hp_gain":0.0,"max_hp_loss":0.0,"gold_gain":0.0,"event_name":"Bonfire Elementals","player_choice":"Offered Basic","floor":7.0,"gold_loss":0.0,"damage_taken":0.0},{"damage_healed":0.0,"max_hp_gain":0.0,"max_hp_loss":0.0,"gold_gain":0.0,"event_name":"Knowing Skull","player_choice":"","floor":20.0,"potions_obtained":[],"gold_loss":0.0,"damage_taken":6.0,"cards_obtained":[]},{"cards_removed":["Phantasmal Killer"],"damage_healed":0.0,"max_hp_gain":0.0,"max_hp_loss":0.0,"gold_gain":0.0,"event_name":"Back to Basics","player_choice":"Elegance","floor":28.0,"gold_loss":0.0,"damage_taken":0.0}],"is_beta":false,"boss_relics":[{"not_picked":["Tiny House","SacredBark"],"picked":"Pandora\u0027s Box"}],"items_purged_floors":[21],"is_endless":false,"potions_floor_spawned":[1,10,22,24],"killed_by":"Book of Stabbing","ascension_level":20}}