{"host":"40vzoph344nwp0en","time":1612411034,"event":{"mods":["2.2 Compatiblity","Astrologer","BaseMod","Bestiary","Colored Map","GifTheSpireLib","GungeonMod","Highlight Path","Infinite Spire","Jorbs\u0027s Wanderer Trilogy","Minty Spire (QoL Compilation)","Potionbrewer","Relic Sorter","Replay The Spire","Robot Space Explorer","Shade Mod","Somnambulant","StSLib","SuperFastMode","The Bladedancer","The Cursed","The Disciple","The Elementalist","The Marked","The Spell Scribe","TheBandit","TheFirefly","??????REMEMod"],"gold_per_floor":[111,99220,99220,99220,99239,99266,99266,99286,99309,99309,98357,98372,98425,98436,98436,98533,98533],"floor_reached":16,"language":"ENG","playtime":1142,"items_purged":["thefirefly:Strike","thefirefly:Defend"],"score":250,"play_id":"b2a08d79-c830-4985-9fcd-826d886f9fc3","local_time":"20210203205714","is_ascension_mode":false,"campfire_choices":[{"data":"thefirefly:MirrorShield","floor":7,"key":"SMITH"},{"data":"Thinking Ahead","floor":10,"key":"SMITH"},{"data":"thefirefly:Reposition","floor":15,"key":"SMITH"}],"circlet_count":0,"master_deck":["thefirefly:Strike","thefirefly:Strike","thefirefly:Strike","thefirefly:Defend","thefirefly:Defend","thefirefly:Defend","thefirefly:StealthMode","thefirefly:PhotonBlast","Specialist","Thinking Ahead+1","thefirefly:Flight","thefirefly:StealthMode","thefirefly:ChargedLaser","thefirefly:ChargedLaser","thefirefly:Reposition+1","thefirefly:InterceptingShot","thefirefly:MirrorShield+1","thefirefly:AlphaStrike+1","thefirefly:Boost+1","thefirefly:DecoyShot","thefirefly:Quine"],"relics":["thefirefly:StealthSystem","REME_ComplimentaryCards","Art of War","DemoMod:GnawedKey","Regal Pillow","DollysMirror","Golden Egg","Snack Pack","DemoMod:GreenGuonStone","Sling","Pen Nib","DemoMod:GlassGuonStoneRelic"],"acts_visited":["Exordium"],"potions_floor_usage":[6,6],"damage_taken":[{"damage":2.0,"enemies":"2 Louse","floor":1.0,"turns":3.0},{"damage":1.0,"enemies":"Small Slimes","floor":5.0,"turns":4.0},{"damage":6,"enemies":"Lagavulin","floor":6,"turns":10},{"damage":1,"enemies":"Cultist","floor":8,"turns":6},{"damage":0,"enemies":"Exordium Thugs","floor":12,"turns":4},{"damage":0,"enemies":"Exordium Wildlife","floor":14,"turns":5},{"damage":6,"enemies":"The Guardian","floor":16,"turns":10}],"seed_played":"4436699824934590979","potions_obtained":[{"floor":6,"key":"Elixir"},{"floor":8,"key":"Regen Potion"}],"is_trial":false,"path_per_floor":["M","$","?","?","M","E","R","M","T","R","$","M","T","M","R","B"],"character_chosen":"THE_FIREFLY","items_purchased":["Art of War","DemoMod:GnawedKey","Regal Pillow","DollysMirror","thefirefly:ChargedLaser","thefirefly:Reposition","potionbrewer:SplittingPotion","potionbrewer:EndurancePotion","Snack Pack","DemoMod:GreenGuonStone","Sling","thefirefly:Boost","potionbrewer:HastePotion"],"campfire_rested":0,"item_purchase_floors":[2,2,2,2,2,2,2,2,11,11,11,11,11],"current_hp_per_floor":[53,53,53,53,52,46,46,45,45,45,45,47,47,47,47,43,43],"gold":98533,"neow_bonus":"COLORLESS_CARD","is_daily":false,"chose_seed":false,"campfire_upgraded":3,"win_rate":0.0,"timestamp":1612411034,"path_taken":["M","$","?","?","M","E","R","?","T","R","$","M","?","M","R","BOSS"],"items_purchased_type":["Relic","Relic","Relic","Relic","Card","Card","Potion","Potion","Relic","Relic","Relic","Card","Potion"],"build_version":"2020-12-22","purchased_purges":2,"victory":false,"max_hp_per_floor":[55,55,55,55,55,55,55,55,55,55,55,55,55,55,55,55,55],"card_choices":[{"not_picked":["thefirefly:EvasiveManeuver","thefirefly:ArtillleryBeam"],"picked":"thefirefly:Flight","floor":1.0},{"not_picked":["thefirefly:DecoyShot","thefirefly:StoredPower"],"picked":"thefirefly:InterceptingShot","floor":5.0},{"not_picked":["thefirefly:ShieldGenerator","thefirefly:Rend"],"picked":"thefirefly:MirrorShield","floor":6},{"not_picked":["thefirefly:Distort","thefirefly:ArtillleryBeam"],"picked":"thefirefly:AlphaStrike","floor":8},{"not_picked":["thefirefly:Rend","thefirefly:EMP"],"picked":"thefirefly:DecoyShot","floor":12},{"not_picked":["thefirefly:Exile","thefirefly:LifeSupport"],"picked":"thefirefly:Quine","floor":14}],"player_experience":699616,"relics_obtained":[{"floor":6,"key":"Golden Egg"},{"floor":13,"key":"Pen Nib"}],"event_choices":[{"damage_healed":0.0,"max_hp_gain":0.0,"max_hp_loss":0.0,"gold_gain":0.0,"event_name":"FaceTrader","player_choice":"Leave","floor":4.0,"gold_loss":0.0,"damage_taken":0.0}],"is_beta":false,"boss_relics":[],"items_purged_floors":[2,11],"is_endless":false,"potions_floor_spawned":[6,8,12],"killed_by":"The Guardian","ascension_level":0}}