{"host":"za9ilm1uiwmpmin1","time":1612435438,"event":{"mods":["AchievementEnabler","Act Like it!","Arknights","BaseMod","Dota2Spire","Downfall","Friendly Minions","Lobotomy","LobotomyExtend","Minty Spire (QoL Compilation)","MostiFishMod","Reorder Act Four","RumiaBox-露米娅的神秘盒子","StSLib","TestMod","Waifu the Spire","[IsaacMod]以撒尖塔","【功能Mod】混沌之环修复补丁"],"gold_per_floor":[19,39,39,92,92,92,111,141,141,158,183,183,199,231,231,335,335,349,349,349,349,376,376,404,17,17,46,46,46,61,77,77,177,177,197,212,290,301,48,82,96,96,96,96,116,516,550,568,584,604,604,636,648,660,706,734,746,784,796,434,434,460,460,460,460,460,161,161,194,134],"floor_reached":57,"language":"ZHS","playtime":1655,"items_purged":["ats:Strike V","ats:Defend","ats:Strike S","ats:Defend+1","ats:Defend+1","ats:Armor Crushing Shot+1","ats:Defend+1"],"score":3016,"play_id":"ba1d476f-3380-4e33-9f24-663d19e68557","local_time":"20210204184358","is_ascension_mode":true,"campfire_choices":[{"floor":6.0,"key":"RECALL"},{"data":"ats:Overload","floor":12.0,"key":"SMITH"},{"data":"ats:Hook Shot","floor":15.0,"key":"SMITH"},{"data":"ats:Defend","floor":23.0,"key":"SMITH"},{"data":"ats:Armor Crushing Shot","floor":28.0,"key":"SMITH"},{"data":"ats:Defend","floor":32.0,"key":"SMITH"},{"data":"ats:Calcification","floor":44.0,"key":"SMITH"},{"floor":40.0,"key":"REST"},{"data":"Deep Breath","floor":47.0,"key":"SMITH"},{"floor":49.0,"key":"REST"},{"floor":54.0,"key":"REST"}],"circlet_count":0,"master_deck":["AscendersBane","ats:Emotion Absorption+1","ats:Hook Shot+1","ats:Overload+1","ats:Mental Burst+1","ats:Calcification+1","ats:Rapid Magazine+1","Deep Breath+1"],"relics":["ats:Sanity","HushsDoor","testmod-TestBox","testmod-IntensifyImprint","BookofShadows","Civilization","SynthV:TestCard","LetterFromLob","ats:Originium","Frozen Egg 2","Dota2Spire:BattleFury","Dota2Spire:ArcaneBoots","GreenFoldingFan","AnarchistCookbook","Red Mask","DeathBook","D6","ats:Berate","TuHaoJin","sneckomod:SneckoTalon","hexamod:BolsterEngine","Bottled Flame","Shuriken","War Paint","MawBank","Ancient Tea Set","MagicDraw2","PunchingBag","ats:Ability Aura","Vajra","ats:Rhine Circuitry","Centennial Puzzle"],"acts_visited":["Exordium","TheCity","TheBeyond","TheEnding"],"potions_floor_usage":[56,56],"damage_taken":[{"damage":10.0,"enemies":"Small Slimes","floor":1.0,"turns":3.0},{"damage":12.0,"enemies":"Jaw Worm","floor":2.0,"turns":3.0},{"damage":6.0,"enemies":"Cultist","floor":7.0,"turns":3.0},{"damage":0.0,"enemies":"Gremlin Nob","floor":8.0,"turns":4.0},{"damage":0.0,"enemies":"Lots of Slimes","floor":10.0,"turns":5.0},{"damage":0.0,"enemies":"3 Sentries","floor":11.0,"turns":6.0},{"damage":0.0,"enemies":"Large Slime","floor":13.0,"turns":2.0},{"damage":0.0,"enemies":"Gremlin Nob","floor":14.0,"turns":1.0},{"damage":0.0,"enemies":"Slime Boss","floor":16.0,"turns":5.0},{"damage":4.0,"enemies":"3 Byrds","floor":18.0,"turns":2.0},{"damage":4.0,"enemies":"Masked Bandits","floor":22.0,"turns":2.0},{"damage":2.0,"enemies":"Slavers","floor":24.0,"turns":1.0},{"damage":4.0,"enemies":"Gremlin Leader","floor":27.0,"turns":2.0},{"damage":2.0,"enemies":"Spheric Guardian","floor":30.0,"turns":1.0},{"damage":2.0,"enemies":"Snecko","floor":31.0,"turns":1.0},{"damage":4.0,"enemies":"Champ","floor":33.0,"turns":2.0},{"damage":4.0,"enemies":"3 Shapes","floor":35.0,"turns":2.0},{"damage":2.0,"enemies":"3 Darklings","floor":36.0,"turns":1.0},{"damage":2.0,"enemies":"Writhing Mass","floor":38.0,"turns":1.0},{"damage":0.0,"enemies":"Reptomancer","floor":40.0,"turns":1.0},{"damage":0.0,"enemies":"Maw","floor":41.0,"turns":1.0},{"damage":4.0,"enemies":"4 Shapes","floor":45.0,"turns":1.0},{"damage":4.0,"enemies":"Nemesis","floor":47.0,"turns":2.0},{"damage":2.0,"enemies":"Jaw Worm Horde","floor":48.0,"turns":1.0},{"damage":4.0,"enemies":"3 Shapes","floor":35.0,"turns":2.0},{"damage":2.0,"enemies":"3 Darklings","floor":36.0,"turns":1.0},{"damage":4.0,"enemies":"Sphere and 2 Shapes","floor":38.0,"turns":2.0},{"damage":0.0,"enemies":"Reptomancer","floor":41.0,"turns":1.0},{"damage":0.0,"enemies":"Maw","floor":42.0,"turns":2.0},{"damage":0.0,"enemies":"Nemesis","floor":44.0,"turns":1.0},{"damage":0.0,"enemies":"Giant Head","floor":48.0,"turns":1.0},{"damage":4.0,"enemies":"Awakened One","floor":50.0,"turns":2.0},{"damage":2,"enemies":"Shield and Spear","floor":55,"turns":1},{"damage":6,"enemies":"The Heart","floor":56,"turns":3}],"seed_played":"-6926682930571593317","potions_obtained":[{"floor":8.0,"key":"Weak Potion"},{"floor":10.0,"key":"SkillPotion"},{"floor":18.0,"key":"ColorlessPotion"},{"floor":24.0,"key":"SkillPotion"},{"floor":35.0,"key":"PowerPotion"},{"floor":38.0,"key":"CultistPotion"}],"is_trial":false,"path_per_floor":["M","M","?","T","?","R","M","E","T","M","E","R","M","E","R","B",null,"M","?","T","M","?","R","E","$","T","E","R","$","M","M","R","B",null,"M","M","?","M","$","E","M","?","T","R","M","?","E","M","M","M","?","M","$","R","E","M","T","E","?","$","R","E","R","B",null,null,"$","R","E","B",null],"character_chosen":"DOCTOR_CLASS","items_purchased":["D6","ats:Calcification","hexamod:BolsterEngine","ats:Ability Aura","Deep Breath","ats:Rhine Circuitry"],"campfire_rested":3,"item_purchase_floors":[25,34,39,46,46,53],"current_hp_per_floor":[71,62,62,62,62,62,60,65,65,70,80,80,85,90,90,95,114,125,125,125,75,86,86,99,99,99,110,110,110,123,136,136,147,135,140,145,130,143,143,155,160,160,160,160,165,165,170,175,180,185,170,182,182,190,195,200,200,205,205,205,205,210,210,215,215,215,215,215,220,225],"gold":134,"neow_bonus":"TWENTY_PERCENT_HP_BONUS","is_daily":false,"chose_seed":false,"campfire_upgraded":7,"win_rate":0.0,"timestamp":1612435438,"path_taken":["M","M","?","?","?","R","?","E","T","?","E","R","M","E","R","BOSS","M","?","?","M","?","R","E","$","T","E","R","?","?","M","R","BOSS","M","?","?","?","$","E","M","?","T","R","M","?","E","M","M","M","?","?","$","R","E","M","T","E","?","?","R","E","R","BOSS","$","R","E","BOSS"],"items_purchased_type":["Relic","Card","Relic","Relic","Card","Relic"],"build_version":"2020-12-22","purchased_purges":7,"victory":true,"max_hp_per_floor":[88,91,91,91,91,91,95,100,100,105,110,110,115,120,120,125,120,125,125,125,125,130,130,135,135,135,140,140,140,145,150,150,155,135,140,145,145,150,150,155,160,160,160,160,165,165,170,175,180,185,185,190,190,190,195,200,200,205,205,205,205,210,210,215,215,215,215,215,220,225],"card_choices":[{"not_picked":["ats:Shell Defense","ats:Hammer On","ats:LN2 Cannon"],"picked":"SKIP","floor":1.0},{"not_picked":["ats:Revitalization","ats:Powerful Strike","ats:Wolf Pack","ats:Leaping Hammer","ats:Hammer On"],"picked":"SKIP","floor":2.0},{"not_picked":["ats:Sashimi Platter","ats:Sunburst","ats:Composite Medical Shells","ats:Counter Healing Mode","ats:Serious Mode"],"picked":"SKIP","floor":7.0},{"not_picked":["ats:Durian","ats:Flame Of Heaven","ats:LN2 Cannon","ats:Counter Healing Mode+1"],"picked":"ats:Hook Shot","floor":8.0},{"not_picked":["ats:Sashimi Platter","ats:Very Hot Blade","ats:Hammer On","ats:Thermite Blade"],"picked":"ats:Overload","floor":10.0},{"not_picked":["ats:Hammer On","ats:Burning Ground+1","ats:Assault Order","ats:Explosion Area Strengthen","ats:Curse Doll"],"picked":"SKIP","floor":11.0},{"not_picked":["ats:Red Shift","ats:Guard Mode","ats:Fractured Body","ats:Leaping Hammer","ats:Thermite Blade"],"picked":"SKIP","floor":13.0},{"not_picked":["ats:Charging Defense","ats:Soul Rend+1","ats:Literary Storm","ats:Chain Hook","ats:Sunburst"],"picked":"SKIP","floor":14.0},{"not_picked":["ats:Poison Spread","ats:LN2 Cannon","ats:Leaping Hammer","ats:Consecutive Shot Auto"],"picked":"ats:Mental Burst+1","floor":18.0},{"not_picked":["ats:Leaping Hammer+1","ats:Defend Order+1","ats:Encircling Forest","ats:Red Shift+1","ats:Assault Order+1"],"picked":"SKIP","floor":24.0},{"not_picked":["ats:Chain Hook","ats:Shell Defense","ats:Very Hot Blade","ats:Revitalization","ats:Demon Strength+1"],"picked":"SKIP","floor":27.0},{"not_picked":["ats:Dogmatic Field+1","ats:Hammer On","ats:Assault Order","ats:Guardian Obelisk","ats:Soul Absorption"],"picked":"SKIP","floor":30.0},{"not_picked":["ats:Red Shift","ats:Very Hot Blade","ats:Flame Of Heaven","ats:Leaping Hammer","ats:Apocalypse"],"picked":"SKIP","floor":31.0},{"not_picked":["ats:Apocalypse","ats:Blood Oath","ats:Overload","ats:Consecutive Shot Auto","ats:Cat Scratch"],"picked":"SKIP","floor":35.0},{"not_picked":["ats:Guard Mode","ats:Phantom+1","ats:Revitalization","ats:Collapsing Strike","ats:Counter Healing Mode+1"],"picked":"SKIP","floor":36.0},{"not_picked":["ats:Guard Mode","ats:Phantom+1","ats:Revitalization","ats:Collapsing Strike","ats:Counter Healing Mode+1"],"picked":"SKIP","floor":36.0},{"not_picked":["ats:Poison Spread","ats:Curse Doll","ats:Calcification","ats:Closed Bolt Burst Fire+1","ats:Blood Oath"],"picked":"SKIP","floor":38.0},{"not_picked":["ats:Poison Spread+1","ats:Leaping Hammer+1","ats:Mental Burst","ats:Nebulous Foxfire","ats:Consecutive Shot Auto"],"picked":"SKIP","floor":40.0},{"not_picked":["ats:Cat Scratch","ats:Closed Bolt Burst Fire","ats:Absolute Focus","ats:Magnetic Hammer","ats:Curse Doll"],"picked":"SKIP","floor":41.0},{"not_picked":["ats:Cat Scratch","ats:Apocalypse","ats:Part Time Job+1","ats:Flexible Camouflage","ats:Composite Medical Shells+1"],"picked":"SKIP","floor":45.0},{"not_picked":["ats:Chain Hook+1","ats:Cat Scratch","ats:Neurotoxin+1","ats:Hook Shot","ats:Assault Order"],"picked":"SKIP","floor":47.0},{"not_picked":["ats:Apocalypse+1","ats:Flame Of Heaven","ats:Leaping Hammer","ats:Poison Spread","ats:Very Hot Blade+1"],"picked":"SKIP","floor":35.0},{"not_picked":["ats:Curse Doll","ats:Closed Bolt Burst Fire","ats:Powerful Strike","ats:Guard Mode","ats:Calcification"],"picked":"SKIP","floor":36.0},{"not_picked":["ats:Curse Doll","ats:Very Hot Blade","ats:Flexible Camouflage","ats:Red Shift","ats:Blood Oath"],"picked":"SKIP","floor":38.0},{"not_picked":["ats:Directed Diagnosis","ats:Closed Bolt Burst Fire","ats:Assault Order","ats:Healing Strengthening+1","ats:Revitalization"],"picked":"SKIP","floor":41.0},{"not_picked":["ats:Flame Of Heaven","ats:Curse Doll+1","ats:Closed Bolt Burst Fire","ats:Poison Spread","ats:Ignite+1"],"picked":"SKIP","floor":42.0},{"not_picked":["ats:Guard Mode","ats:Wolf Pack","ats:Leaping Hammer","ats:Absolute Focus"],"picked":"ats:Rapid Magazine+1","floor":44.0},{"not_picked":["ats:Beaten Up+1","ats:Overload","ats:Guardian Obelisk","ats:Assault Order","ats:Absolute Focus"],"picked":"SKIP","floor":48.0},{"not_picked":["ats:Poison Spread","ats:Shadow Raid","ats:Sunburst","ats:Hammer On+1","ats:Directed Diagnosis"],"picked":"SKIP","floor":55}],"player_experience":940199,"relics_obtained":[{"floor":1.0,"key":"SynthV:TestCard"},{"floor":1.0,"key":"LetterFromLob"},{"floor":8.0,"key":"ats:Originium"},{"floor":8.0,"key":"Frozen Egg 2"},{"floor":9.0,"key":"ForgetMeNow"},{"floor":11.0,"key":"ats:Originium"},{"floor":11.0,"key":"Dota2Spire:BattleFury"},{"floor":14.0,"key":"ats:Originium"},{"floor":14.0,"key":"Dota2Spire:ArcaneBoots"},{"floor":20.0,"key":"AnarchistCookbook"},{"floor":22.0,"key":"Red Mask"},{"floor":24.0,"key":"ats:Originium"},{"floor":24.0,"key":"DeathBook"},{"floor":26.0,"key":"ats:Berate"},{"floor":27.0,"key":"TuHaoJin"},{"floor":40.0,"key":"Bottled Flame"},{"floor":43.0,"key":"Shuriken"},{"floor":47.0,"key":"War Paint"},{"floor":41.0,"key":"Ancient Tea Set"},{"floor":43.0,"key":"MagicDraw2"},{"floor":44.0,"key":"PunchingBag"},{"floor":48.0,"key":"Vajra"},{"floor":55,"key":"Centennial Puzzle"}],"event_choices":[{"cards_removed":["ats:Strike G"],"damage_healed":0.0,"max_hp_gain":0.0,"max_hp_loss":0.0,"gold_gain":0.0,"event_name":"Living Wall","player_choice":"Forget","floor":3.0,"gold_loss":0.0,"damage_taken":0.0},{"damage_healed":0.0,"max_hp_gain":0.0,"max_hp_loss":0.0,"gold_gain":0.0,"event_name":"给自己的盒子","player_choice":"Swap Relic","floor":5.0,"relics_lost":["Technique"],"gold_loss":0.0,"damage_taken":0.0,"relics_obtained":["Technique"]},{"damage_healed":0.0,"max_hp_gain":0.0,"max_hp_loss":0.0,"gold_gain":0.0,"event_name":"Ghosts","player_choice":"Ignored","floor":19.0,"gold_loss":0.0,"damage_taken":0.0},{"damage_healed":0.0,"max_hp_gain":0.0,"max_hp_loss":0.0,"gold_gain":0.0,"event_name":"Masked Bandits","player_choice":"Fought Bandits","floor":22.0,"gold_loss":0.0,"damage_taken":0.0},{"damage_healed":0.0,"max_hp_gain":0.0,"max_hp_loss":0.0,"gold_gain":0.0,"event_name":"The Woman in Blue","player_choice":"Bought 0 Potions","floor":42.0,"gold_loss":0.0,"damage_taken":0.0},{"damage_healed":0.0,"max_hp_gain":0.0,"max_hp_loss":0.0,"gold_gain":400.0,"event_name":"恩洛斯的盘子","player_choice":"Sell","floor":46.0,"relics_lost":["DaveBox"],"gold_loss":0.0,"damage_taken":0.0}],"is_beta":false,"boss_relics":[{"not_picked":["testmod-PortableAltar","testmod-IncinerationGenerator"],"picked":"GreenFoldingFan"},{"not_picked":[]},{"not_picked":["testmod-Prudence","testmod-Nine"],"picked":"sneckomod:SneckoTalon"},{"not_picked":[]}],"items_purged_floors":[17,25,34,34,39,46,53],"is_endless":false,"potions_floor_spawned":[8,10,18,24,30,33,35,40,45,35,38,42,44],"ascension_level":12}}