{"host":"92wx9z21c4p52du4","time":1612465693,"event":{"mods":["BaseMod","Downfall","Hermit","Minty Spire (QoL Compilation)","Reliquary","StSLib","The Hierophant"],"gold_per_floor":[99,113,124,144,136,160,160,160,335,346,346,386,414,127,151,264,264,264,290,324,524,548,581,657,670,721,721,721,383,383,383,397,397,397,397],"floor_reached":33,"language":"ENG","playtime":2134,"items_purged":["Doubt","hexamod:Strike"],"score":321,"play_id":"3a4834d5-3f2d-4a3f-a689-c4699c45fefc","local_time":"20210204130813","is_ascension_mode":false,"campfire_choices":[{"data":"hexamod:ForkedFlame","floor":1,"key":"SMITH"},{"data":"hexamod:InspiringFlames","floor":8,"key":"SMITH"},{"data":"hexamod:RecurringNightmare","floor":11,"key":"SMITH"},{"data":"Mayhem","floor":18,"key":"SMITH"},{"data":"hexamod:SearingWound","floor":28,"key":"SMITH"}],"circlet_count":0,"master_deck":["hexamod:Defend","hexamod:Defend","hexamod:Defend","hexamod:Sear","hexamod:Float","hexamod:ForkedFlame+1","hexamod:SuperheatedStrike","hexamod:ThirdSeal","hexamod:InspiringFlames+1","hexamod:HeatShield","hexamod:FourthSeal","hexamod:SecondSeal","hexamod:FirstSeal","hexamod:RecurringNightmare+1","hexamod:ChargedBarrage","hexamod:GiftsFromTheDead","hexamod:FlamesFromBeyond","hexamod:SoulSteal","hexamod:UnlimitedPower","hexamod:SecondSeal","hexamod:GhostOfSpirePresent","hexamod:RadiantFlame","hexamod:ExtraCrispy","hexamod:Rewind","Mayhem+1","hexamod:GiftsFromTheDead","hexamod:GhostflameInferno","hexamod:CatchUp+1","hexamod:RadiantFlame","hexamod:FlamesFromBeyond","hexamod:Hexaguard","hexamod:TurnItUp","hexamod:BacktrackSmack+1","hexamod:SearingWound+1","hexamod:GhostShield","Discovery","hexamod:HeatCrush","hexamod:RetreatToShadows","hexamod:NightmareGuise+1"],"relics":["hexamod:SpiritBrand","InkBottle","Singing Bowl","Empty Cage","Bottled Lightning","Blood Vial","Juzu Bracelet"],"acts_visited":["Exordium","TheCity"],"potions_floor_usage":[10,12,15,19,20,20,22,26,29,32],"damage_taken":[{"damage":0,"enemies":"Small Slimes","floor":2,"turns":3},{"damage":0,"enemies":"2 Louse","floor":3,"turns":2},{"damage":1,"enemies":"Cultist","floor":4,"turns":3},{"damage":0,"enemies":"Large Slime","floor":6,"turns":5},{"damage":5,"enemies":"2 Fungi Beasts","floor":10,"turns":3},{"damage":3,"enemies":"Gremlin Nob","floor":12,"turns":3},{"damage":4,"enemies":"Blue Slaver","floor":13,"turns":5},{"damage":10,"enemies":"downfall:FleeingMerchant","floor":14,"turns":4},{"damage":13,"enemies":"Red Slaver","floor":15,"turns":3},{"damage":8,"enemies":"SI_SHIV_ARCHETYPE","floor":16,"turns":7},{"damage":9,"enemies":"Shell Parasite","floor":19,"turns":6},{"damage":15,"enemies":"Chosen","floor":20,"turns":6},{"damage":20,"enemies":"Snake Plant","floor":22,"turns":4},{"damage":10,"enemies":"Snecko","floor":23,"turns":4},{"damage":13,"enemies":"3 Cultists","floor":25,"turns":4},{"damage":46,"enemies":"Book of Stabbing","floor":26,"turns":6},{"damage":10,"enemies":"downfall:FleeingMerchant","floor":29,"turns":4},{"damage":24,"enemies":"Shelled Parasite and Fungi","floor":32,"turns":3},{"damage":19,"enemies":"IC_MUSHROOM_ARCHETYPE","floor":33,"turns":4}],"seed_played":"3447634096381677908","potions_obtained":[{"floor":3,"key":"Fire Potion"},{"floor":6,"key":"Fruit Juice"},{"floor":10,"key":"Regen Potion"},{"floor":10,"key":"Fire Potion"},{"floor":13,"key":"FairyPotion"},{"floor":13,"key":"SpeedPotion"},{"floor":14,"key":"EssenceOfSteel"},{"floor":15,"key":"Energy Potion"},{"floor":15,"key":"LiquidMemories"},{"floor":19,"key":"EssenceOfSteel"},{"floor":20,"key":"ColorlessPotion"},{"floor":22,"key":"FairyPotion"},{"floor":23,"key":"Fire Potion"},{"floor":26,"key":"AttackPotion"},{"floor":26,"key":"bronze:BurnAndBuffPotion"},{"floor":29,"key":"Swift Potion"}],"is_trial":false,"path_per_floor":["R","M","M","M","?","M","T","R","?","M","R","E","M","$","M","B",null,"R","M","M","?","M","M","T","M","E","?","R","$","?","?","M","B"],"character_chosen":"THE_SPIRIT","items_purchased":["hexamod:Rewind","Mayhem","Juzu Bracelet","Discovery"],"campfire_rested":0,"item_purchase_floors":[14,14,29,29],"current_hp_per_floor":[70,70,70,69,62,69,69,69,69,69,69,66,69,66,65,57,75,75,75,60,60,49,48,48,37,18,18,18,10,10,10,14,0,0,0],"gold":397,"neow_bonus":"ONE_RANDOM_RARE_CARD","is_daily":false,"chose_seed":false,"campfire_upgraded":5,"win_rate":0.0,"timestamp":1612465693,"path_taken":["R","M","M","M","?","M","T","R","?","M","R","E","M","$","M","BOSS","R","M","M","?","?","M","T","M","E","?","R","$","?","?","M","BOSS"],"items_purchased_type":["Card","Card","Relic","Card"],"build_version":"2020-12-22","purchased_purges":2,"victory":false,"max_hp_per_floor":[70,70,70,70,70,70,70,70,70,75,75,75,75,75,75,75,75,75,77,77,77,79,81,81,83,83,83,83,83,83,83,85,85,85,85],"card_choices":[{"not_picked":["hexamod:SpectersWail","hexamod:ThermalTransfer"],"picked":"hexamod:SuperheatedStrike","floor":2},{"not_picked":["hexamod:PhantomFireball","hexamod:BurningTouch"],"picked":"hexamod:ThirdSeal","floor":3},{"not_picked":["hexamod:ThermalTransfer","hexamod:BurningTouch"],"picked":"hexamod:InspiringFlames","floor":4},{"not_picked":["hexamod:NightmareStrike","hexamod:SwordOfDarkness"],"picked":"hexamod:HeatShield","floor":4},{"not_picked":["hexamod:SpectersWail","hexamod:HeatMetal"],"picked":"hexamod:RecurringNightmare","floor":6},{"not_picked":["hexamod:Hexaguard","hexamod:Firestarter"],"picked":"hexamod:ChargedBarrage","floor":6},{"not_picked":["hexamod:ThermalTransfer","hexamod:HeatCrush"],"picked":"hexamod:GiftsFromTheDead","floor":10},{"not_picked":["hexamod:Firestarter","hexamod:FirstSeal"],"picked":"hexamod:FlamesFromBeyond","floor":10},{"not_picked":["hexamod:AdvancingGuard","hexamod:ExtraCrispy"],"picked":"hexamod:SoulSteal","floor":12},{"not_picked":["hexamod:SpectralAdrenaline","hexamod:BurningTouch"],"picked":"hexamod:UnlimitedPower","floor":12},{"not_picked":["hexamod:FourthSeal","hexamod:HauntingEcho"],"picked":"hexamod:SecondSeal","floor":13},{"not_picked":["hexamod:BurningTouch","hexamod:HeatMetal"],"picked":"hexamod:GhostOfSpirePresent","floor":13},{"not_picked":["hexamod:TurnItUp","hexamod:PhantomCloak"],"picked":"hexamod:RadiantFlame","floor":14},{"not_picked":["hexamod:BurningTouch","hexamod:FlamesFromBeyond"],"picked":"hexamod:ExtraCrispy","floor":14},{"not_picked":["hexamod:ShieldOfDarkness","hexamod:SuperheatedStrike","hexamod:BurningTouch"],"picked":"SKIP","floor":15},{"not_picked":["hexamod:HexaLevel","hexamod:ParanormalForm"],"picked":"hexamod:GiftsFromTheDead","floor":16},{"not_picked":["hexamod:TurnItUp","hexamod:UnleashSpirits"],"picked":"hexamod:GhostflameInferno","floor":16},{"not_picked":["hexamod:NightmareGuise","hexamod:Hexaguard"],"picked":"hexamod:CatchUp+1","floor":19},{"not_picked":["hexamod:Again+1","hexamod:NightmareGuise","hexamod:PhantomCloak"],"picked":"Singing Bowl","floor":19},{"not_picked":["hexamod:FirstSeal","hexamod:Hexaguard"],"picked":"hexamod:RadiantFlame","floor":20},{"not_picked":["hexamod:BurningTouch","hexamod:NightmareStrike"],"picked":"hexamod:FlamesFromBeyond","floor":20},{"not_picked":["hexamod:ShieldOfDarkness","hexamod:GhostLash"],"picked":"hexamod:Hexaguard","floor":22},{"not_picked":["hexamod:HauntingEcho","hexamod:GhostflameBarrier+1","hexamod:PhantomCloak"],"picked":"Singing Bowl","floor":22},{"not_picked":["hexamod:NightmareGuise","hexamod:PhantomCloak","hexamod:NightmareStrike"],"picked":"Singing Bowl","floor":23},{"not_picked":["hexamod:BacktrackSmack","hexamod:ThermalTransfer+1"],"picked":"hexamod:TurnItUp","floor":23},{"not_picked":["hexamod:Firestarter","hexamod:InspiringFlames","hexamod:Haunt+1"],"picked":"Singing Bowl","floor":25},{"not_picked":["hexamod:Hexaguard","hexamod:NightmareGuise"],"picked":"hexamod:BacktrackSmack+1","floor":26},{"not_picked":["hexamod:BurningTouch","hexamod:SpectralSpark"],"picked":"hexamod:SearingWound","floor":26},{"not_picked":["hexamod:HeatMetal","hexamod:SuperheatedStrike"],"picked":"hexamod:GhostShield","floor":29},{"not_picked":["hexamod:RainOfEmbers+1","hexamod:StepThrough","hexamod:CatchUp"],"picked":"Singing Bowl","floor":32},{"not_picked":["hexamod:PhantomFireball","hexamod:FlamesFromBeyond"],"picked":"hexamod:NightmareGuise+1","floor":32}],"player_experience":267524,"relics_obtained":[{"floor":7,"key":"InkBottle"},{"floor":12,"key":"Singing Bowl"},{"floor":24,"key":"Bottled Lightning"},{"floor":26,"key":"Blood Vial"}],"event_choices":[{"damage_healed":0,"gold_gain":200,"player_choice":"Gold","damage_taken":0,"max_hp_gain":0,"max_hp_loss":0,"event_name":"Wheel of Change","floor":21,"gold_loss":0},{"damage_healed":0,"gold_gain":0,"player_choice":"Ignored","damage_taken":0,"max_hp_gain":0,"max_hp_loss":0,"event_name":"Vampires","floor":27,"gold_loss":0},{"damage_healed":0,"gold_gain":0,"cards_transformed":["hexamod:Strike","hexamod:Defend"],"player_choice":"Became Test Subject","damage_taken":0,"max_hp_gain":0,"max_hp_loss":0,"event_name":"Drug Dealer","floor":31,"gold_loss":0,"cards_obtained":["hexamod:HeatCrush","hexamod:RetreatToShadows"]}],"is_beta":false,"boss_relics":[{"not_picked":["Busted Crown","Astrolabe"],"picked":"Empty Cage"}],"items_purged_floors":[14,29],"is_endless":false,"potions_floor_spawned":[3,10,13,15,16,19,22,23,26],"killed_by":"IC_MUSHROOM_ARCHETYPE","ascension_level":0}}