{"host":"x5w9zppki4gdwvc7","time":1612403579,"event":{"mods":["AchievementEnabler","BaseMod","Colored Powertips","DeckTracker","Minty Spire (QoL Compilation)","Relic Sorter"],"gold_per_floor":[113,131,111,28,28,28,28,42,42,42,55,70,90,90,90,191,191,210,228,228,244,244,244,19,19,19,19,30,41,54,71,71,71,71],"floor_reached":33,"language":"ENG","playtime":1264,"items_purged":["Writhe"],"score":241,"play_id":"4672bf00-7696-4ff5-a198-df754620f189","local_time":"20210204025259","is_ascension_mode":false,"campfire_choices":[{"data":"Halt","floor":6,"key":"SMITH"},{"data":"Eruption","floor":10,"key":"SMITH"},{"data":"CrushJoints","floor":15,"key":"SMITH"},{"data":"Adaptation","floor":23,"key":"SMITH"},{"floor":25,"key":"REST"},{"data":"Study","floor":27,"key":"SMITH"},{"data":"DevaForm","floor":32,"key":"SMITH"}],"circlet_count":0,"master_deck":["Strike_P","Strike_P","Strike_P","Defend_P","Defend_P","Defend_P","Eruption+1","Vigilance+1","Tantrum","Consecrate","EmptyMind","Adaptation+1","Halt+1","FlurryOfBlows","CrushJoints+1","FlurryOfBlows","DevaForm+1","Study+1","Sanctity","ClearTheMind","EmptyBody","DeusExMachina","FlurryOfBlows+1"],"relics":["PureWater","Pocketwatch","Shuriken","VioletLotus","TeardropLocket","Toolbox","Nunchaku"],"acts_visited":["Exordium","TheCity"],"potions_floor_usage":[2,16],"damage_taken":[{"damage":1,"enemies":"Jaw Worm","floor":1,"turns":2},{"damage":0,"enemies":"Cultist","floor":2,"turns":3},{"damage":0,"enemies":"2 Louse","floor":8,"turns":3},{"damage":0,"enemies":"Exordium Thugs","floor":11,"turns":2},{"damage":10,"enemies":"Blue Slaver","floor":12,"turns":5},{"damage":11,"enemies":"Exordium Wildlife","floor":13,"turns":3},{"damage":32,"enemies":"The Guardian","floor":16,"turns":4},{"damage":31,"enemies":"Shell Parasite","floor":18,"turns":4},{"damage":8,"enemies":"2 Thieves","floor":19,"turns":3},{"damage":17,"enemies":"Snake Plant","floor":21,"turns":4},{"damage":5,"enemies":"Chosen and Byrds","floor":28,"turns":3},{"damage":0,"enemies":"Sentry and Sphere","floor":29,"turns":3},{"damage":18,"enemies":"Snake Plant","floor":30,"turns":4},{"damage":0,"enemies":"3 Cultists","floor":31,"turns":3},{"damage":24,"enemies":"Champ","floor":33,"turns":2}],"seed_played":"1814383019348821051","potions_obtained":[{"floor":1,"key":"DistilledChaos"},{"floor":3,"key":"Energy Potion"},{"floor":11,"key":"Dexterity Potion"},{"floor":18,"key":"Strength Potion"},{"floor":29,"key":"Dexterity Potion"}],"is_trial":false,"path_per_floor":["M","M","?","$","T","R","?","M","T","R","M","M","M","?","R","B",null,"M","M","?","M","?","R","$","R","T","R","M","M","M","M","R","B"],"character_chosen":"WATCHER","items_purchased":["Adaptation","Halt","Toolbox"],"campfire_rested":1,"item_purchase_floors":[4,4,24],"current_hp_per_floor":[71,71,71,71,71,71,71,71,71,71,71,61,50,50,50,18,72,41,33,33,16,16,16,16,37,37,37,32,32,14,14,14,0,0],"gold":71,"neow_bonus":"THREE_CARDS","is_daily":false,"chose_seed":false,"campfire_upgraded":6,"win_rate":0.0,"timestamp":1612403579,"path_taken":["M","M","?","$","?","R","?","M","T","R","M","?","M","?","R","BOSS","M","M","?","?","?","R","?","R","T","R","?","M","?","M","R","BOSS"],"items_purchased_type":["Card","Card","Relic"],"build_version":"2020-12-22","purchased_purges":1,"victory":false,"max_hp_per_floor":[72,72,72,72,72,72,72,72,72,72,72,72,72,72,72,72,72,72,72,72,72,72,72,72,72,72,72,72,72,72,72,72,72,72],"card_choices":[{"not_picked":["Halt","Pray"],"picked":"Tantrum","floor":0},{"not_picked":["InnerPeace","Evaluate"],"picked":"Consecrate","floor":1},{"not_picked":["Crescendo","WheelKick"],"picked":"EmptyMind","floor":2},{"not_picked":["ThirdEye","Nirvana"],"picked":"FlurryOfBlows","floor":8},{"not_picked":["SashWhip","Halt","Omniscience"],"picked":"SKIP","floor":11},{"not_picked":["FollowUp","FlyingSleeves"],"picked":"CrushJoints","floor":12},{"not_picked":["WheelKick","Fasting2"],"picked":"FlurryOfBlows","floor":13},{"not_picked":["Omniscience","Judgement"],"picked":"DevaForm","floor":16},{"not_picked":["Consecrate","Vengeance"],"picked":"Study","floor":18},{"not_picked":["Vengeance+1","LikeWater"],"picked":"Sanctity","floor":19},{"not_picked":["Crescendo+1","PathToVictory"],"picked":"ClearTheMind","floor":21},{"not_picked":["CrushJoints","Halt"],"picked":"EmptyBody","floor":28},{"not_picked":["PathToVictory+1","EmptyBody"],"picked":"DeusExMachina","floor":29},{"not_picked":["EmptyFist","Protect","Halt"],"picked":"SKIP","floor":30},{"not_picked":["Weave+1","CutThroughFate+1"],"picked":"FlurryOfBlows+1","floor":31}],"player_experience":429929,"relics_obtained":[{"floor":5,"key":"Pocketwatch"},{"floor":9,"key":"Shuriken"},{"floor":26,"key":"Nunchaku"}],"event_choices":[{"damage_healed":0,"gold_gain":0,"player_choice":"Bought 1 Potion","damage_taken":0,"max_hp_gain":0,"max_hp_loss":0,"event_name":"The Woman in Blue","floor":3,"gold_loss":0},{"damage_healed":0,"gold_gain":0,"player_choice":"Upgraded","damage_taken":0,"max_hp_gain":0,"max_hp_loss":0,"event_name":"Upgrade Shrine","floor":7,"gold_loss":0,"cards_upgraded":["Vigilance"]},{"cards_removed":["Defend_P"],"damage_healed":0,"gold_gain":0,"player_choice":"Purged","damage_taken":0,"max_hp_gain":0,"max_hp_loss":0,"event_name":"Purifier","floor":14,"gold_loss":0},{"cards_removed":["Strike_P"],"damage_healed":0,"gold_gain":0,"player_choice":"Offered Basic","damage_taken":0,"max_hp_gain":0,"max_hp_loss":0,"event_name":"Bonfire Elementals","floor":20,"gold_loss":0},{"damage_healed":0,"gold_gain":0,"player_choice":"Opened","damage_taken":0,"relics_obtained":["TeardropLocket"],"max_hp_gain":0,"max_hp_loss":0,"event_name":"The Mausoleum","floor":22,"gold_loss":0,"cards_obtained":["Writhe"]}],"is_beta":false,"boss_relics":[{"not_picked":["Runic Dome","Busted Crown"],"picked":"VioletLotus"}],"items_purged_floors":[24],"is_endless":false,"potions_floor_spawned":[1,11,18,29,30],"killed_by":"Champ","ascension_level":0}}