{"host":"April","time":1612423279,"event":{"mods":["BaseMod","Minty Spire (QoL Compilation)"],"gold_per_floor":[218,218,237,12,28,28,54,54,54,54,84,98,129,139,139,240,240,255,275,285,298,42,42,67,67,67,96,96,114,144,144,144,241,241,253,269,319,175,190,225,241,273,300,330,330,359,409,409,409,409],"floor_reached":51,"language":"ENG","playtime":2933,"items_purged":[],"score":934,"play_id":"378cbe1d-d642-4c31-aef3-558d74442e93","local_time":"20210203232119","is_ascension_mode":true,"campfire_choices":[{"data":"Apotheosis","floor":6.0,"key":"SMITH"},{"data":"Defend_R","floor":10.0,"key":"SMITH"},{"floor":15.0,"key":"REST"},{"data":"Shockwave","floor":23.0,"key":"SMITH"},{"floor":32.0,"key":"REST"},{"data":"1","floor":49,"key":"LIFT"}],"circlet_count":0,"master_deck":["Strike_R","Strike_R","Strike_R","Strike_R","Strike_R","Defend_R+1","Defend_R+1","Defend_R","Defend_R","Bash","Sword Boomerang+1","Hemokinesis","Apotheosis+1","Reckless Charge","Wild Strike","Clothesline","Spot Weakness","Shockwave+1","Flex","Impervious","Reckless Charge+1","Uppercut+1","Ghostly Armor","True Grit","Fire Breathing","Flame Barrier","Infernal Blade","Power Through+1","Ghostly","Ghostly","Ghostly","Ghostly","Ghostly","Disarm+1","Inflame","Pommel Strike","Barricade","Reckless Charge+1","Flame Barrier+1","Flex+1","Rage","Pummel+1","Feed","Heavy Blade+1","Body Slam+1"],"relics":["Burning Blood","InkBottle","Mummified Hand","Nunchaku","Bronze Scales","Cursed Key","Pen Nib","Omamori","Letter Opener","Art of War","Dream Catcher","Necronomicon","Fusion Hammer","Magic Flower","OrangePellets","Lantern","PreservedInsect","Boot","Juzu Bracelet","Bag of Preparation","Girya"],"acts_visited":["Exordium","TheCity","TheBeyond"],"potions_floor_usage":[47,47,50],"damage_taken":[{"damage":11.0,"enemies":"Jaw Worm","floor":1.0,"turns":2.0},{"damage":6.0,"enemies":"Cultist","floor":3.0,"turns":3.0},{"damage":7.0,"enemies":"Small Slimes","floor":5.0,"turns":3.0},{"damage":20.0,"enemies":"Lagavulin","floor":7.0,"turns":4.0},{"damage":30.0,"enemies":"Gremlin Nob","floor":11.0,"turns":4.0},{"damage":6.0,"enemies":"Blue Slaver","floor":12.0,"turns":2.0},{"damage":8.0,"enemies":"3 Sentries","floor":13.0,"turns":4.0},{"damage":12.0,"enemies":"2 Fungi Beasts","floor":14.0,"turns":3.0},{"damage":17.0,"enemies":"The Guardian","floor":16.0,"turns":8.0},{"damage":5.0,"enemies":"Shell Parasite","floor":18.0,"turns":3.0},{"damage":6.0,"enemies":"2 Thieves","floor":19.0,"turns":3.0},{"damage":8.0,"enemies":"3 Cultists","floor":20.0,"turns":5.0},{"damage":2.0,"enemies":"Chosen and Byrds","floor":21.0,"turns":4.0},{"damage":18.0,"enemies":"Book of Stabbing","floor":24.0,"turns":5.0},{"damage":6.0,"enemies":"Gremlin Leader","floor":27.0,"turns":6.0},{"damage":12.0,"enemies":"Snake Plant","floor":29.0,"turns":3.0},{"damage":4.0,"enemies":"Slavers","floor":30.0,"turns":4.0},{"damage":10.0,"enemies":"Collector","floor":33.0,"turns":8.0},{"damage":10.0,"enemies":"Orb Walker","floor":35.0,"turns":2.0},{"damage":4.0,"enemies":"3 Shapes","floor":36.0,"turns":4.0},{"damage":2.0,"enemies":"Mind Bloom Boss Battle","floor":37.0,"turns":5.0},{"damage":2.0,"enemies":"Writhing Mass","floor":39.0,"turns":5.0},{"damage":2.0,"enemies":"Nemesis","floor":40.0,"turns":5.0},{"damage":6.0,"enemies":"4 Shapes","floor":41.0,"turns":4.0},{"damage":1.0,"enemies":"Reptomancer","floor":42.0,"turns":6.0},{"damage":0.0,"enemies":"Nemesis","floor":44.0,"turns":6.0},{"damage":22.0,"enemies":"Reptomancer","floor":46.0,"turns":5.0},{"damage":0,"enemies":"2 Orb Walkers","floor":47,"turns":2},{"damage":7,"enemies":"Awakened One","floor":50,"turns":9}],"seed_played":"-6394145057266867413","potions_obtained":[{"floor":3.0,"key":"Fruit Juice"},{"floor":5.0,"key":"Dexterity Potion"},{"floor":12.0,"key":"HeartOfIron"},{"floor":14.0,"key":"Strength Potion"},{"floor":19.0,"key":"DuplicationPotion"},{"floor":20.0,"key":"ColorlessPotion"},{"floor":27.0,"key":"DistilledChaos"},{"floor":30.0,"key":"Dexterity Potion"},{"floor":39.0,"key":"Explosive Potion"},{"floor":41.0,"key":"LiquidMemories"}],"is_trial":false,"path_per_floor":["M","?","M","$","M","R","E","?","T","R","E","M","E","M","R","B",null,"M","M","M","M","$","R","E","?","T","E","?","M","E","?","R","B",null,"M","M","?","$","M","E","M","E","T","E","?","E","?","?","R","B",null],"character_chosen":"IRONCLAD","items_purchased":["Apotheosis","Energy Potion","Fire Breathing","Pen Nib","Flame Barrier","OrangePellets"],"campfire_rested":2,"item_purchase_floors":[4,4,22,22,22,38],"current_hp_per_floor":[75,75,75,75,74,74,60,60,60,60,36,41,39,33,58,47,85,85,85,83,85,85,85,73,73,73,73,42,36,38,22,34,30,42,38,40,42,42,42,42,42,42,42,42,39,26,40,40,40,42],"gold":409,"neow_bonus":"HUNDRED_GOLD","is_daily":false,"chose_seed":false,"campfire_upgraded":3,"win_rate":0.0,"timestamp":1612423279,"path_taken":["M","?","M","$","M","R","E","?","T","R","E","M","E","M","R","BOSS","M","M","?","M","$","R","E","?","T","E","?","M","E","?","R","BOSS","M","M","?","$","M","E","M","E","T","E","?","E","?","?","R","BOSS"],"items_purchased_type":["Card","Potion","Card","Relic","Card","Relic"],"build_version":"2020-12-18","purchased_purges":0,"victory":true,"max_hp_per_floor":[80,80,80,80,80,80,80,80,80,80,80,85,85,85,85,85,85,85,85,85,85,85,85,85,85,85,85,42,42,42,42,42,42,42,42,42,42,42,42,42,42,42,42,42,39,39,42,42,42,42],"card_choices":[{"not_picked":["Body Slam","Warcry"],"picked":"Sword Boomerang","floor":1.0},{"not_picked":["Sentinel","Battle Trance"],"picked":"Hemokinesis","floor":3.0},{"not_picked":["Carnage","Iron Wave"],"picked":"Reckless Charge","floor":5.0},{"not_picked":["Sever Soul","Cleave"],"picked":"Wild Strike","floor":7.0},{"not_picked":["Thunderclap","Rupture"],"picked":"Clothesline","floor":11.0},{"not_picked":["Havoc","Headbutt"],"picked":"Spot Weakness","floor":12.0},{"not_picked":["Bludgeon","Clothesline"],"picked":"Shockwave","floor":13.0},{"not_picked":["Armaments","Body Slam"],"picked":"Flex","floor":14.0},{"not_picked":["Bludgeon","Exhume"],"picked":"Impervious","floor":16.0},{"not_picked":["Body Slam","Rampage"],"picked":"Reckless Charge+1","floor":18.0},{"not_picked":["Bloodletting","Combust"],"picked":"Uppercut+1","floor":19.0},{"not_picked":["Sentinel","Anger"],"picked":"Ghostly Armor","floor":20.0},{"not_picked":["Iron Wave","Sever Soul+1"],"picked":"True Grit","floor":21.0},{"not_picked":["Ghostly Armor","Flex"],"picked":"Metallicize","floor":24.0},{"not_picked":["Heavy Blade","Sword Boomerang"],"picked":"Power Through+1","floor":27.0},{"not_picked":["Clash","Twin Strike"],"picked":"Disarm+1","floor":29.0},{"not_picked":["Bludgeon","Clothesline+1"],"picked":"Inflame","floor":30.0},{"not_picked":["Perfected Strike","Combust"],"picked":"Pommel Strike","floor":32.0},{"not_picked":["Limit Break","Berserk"],"picked":"Barricade","floor":33.0},{"not_picked":["Hemokinesis","Ghostly Armor"],"picked":"Reckless Charge+1","floor":35.0},{"not_picked":["Evolve+1","Cleave"],"picked":"Flame Barrier+1","floor":36.0},{"not_picked":["Ghostly Armor","Dropkick+1","Thunderclap"],"picked":"SKIP","floor":39.0},{"not_picked":["Carnage","Body Slam+1"],"picked":"Flex+1","floor":40.0},{"not_picked":["Perfected Strike+1","True Grit"],"picked":"Rage","floor":41.0},{"not_picked":["Flame Barrier+1","Clash+1"],"picked":"Pummel+1","floor":42.0},{"not_picked":["Bloodletting","Armaments+1"],"picked":"Feed","floor":44.0},{"not_picked":["Whirlwind","Perfected Strike"],"picked":"Heavy Blade+1","floor":46.0},{"not_picked":["Thunderclap","Armaments+1"],"picked":"Body Slam+1","floor":47}],"player_experience":2625301,"relics_obtained":[{"floor":7.0,"key":"InkBottle"},{"floor":9.0,"key":"Mummified Hand"},{"floor":11.0,"key":"Nunchaku"},{"floor":13.0,"key":"Bronze Scales"},{"floor":24.0,"key":"Omamori"},{"floor":26.0,"key":"Letter Opener"},{"floor":27.0,"key":"Art of War"},{"floor":30.0,"key":"Dream Catcher"},{"floor":31.0,"key":"Necronomicon"},{"floor":37.0,"key":"Magic Flower"},{"floor":40.0,"key":"Lantern"},{"floor":42.0,"key":"PreservedInsect"},{"floor":43.0,"key":"Boot"},{"floor":44.0,"key":"Juzu Bracelet"},{"floor":46.0,"key":"Bag of Preparation"},{"floor":47,"key":"Girya"}],"event_choices":[{"damage_healed":0.0,"max_hp_gain":0.0,"max_hp_loss":0.0,"gold_gain":0.0,"event_name":"Living Wall","player_choice":"Grow","floor":2.0,"gold_loss":0.0,"damage_taken":0.0,"cards_upgraded":["Sword Boomerang"]},{"damage_healed":0.0,"max_hp_gain":0.0,"max_hp_loss":0.0,"gold_gain":0.0,"event_name":"Accursed Blacksmith","player_choice":"Forge","floor":8.0,"gold_loss":0.0,"damage_taken":0.0,"cards_upgraded":["Defend_R"]},{"damage_healed":0.0,"max_hp_gain":0.0,"max_hp_loss":0.0,"gold_gain":0.0,"event_name":"The Library","player_choice":"Read","floor":25.0,"gold_loss":0.0,"damage_taken":0.0,"cards_obtained":["Infernal Blade"]},{"damage_healed":0.0,"max_hp_gain":0.0,"max_hp_loss":43.0,"gold_gain":0.0,"event_name":"Ghosts","player_choice":"Became a Ghost","floor":28.0,"gold_loss":0.0,"damage_taken":0.0,"cards_obtained":["Ghostly","Ghostly","Ghostly","Ghostly","Ghostly"]},{"damage_healed":0.0,"max_hp_gain":0.0,"max_hp_loss":0.0,"gold_gain":0.0,"event_name":"Cursed Tome","player_choice":"Obtained Book","floor":31.0,"gold_loss":0.0,"damage_taken":16.0},{"damage_healed":0.0,"max_hp_gain":0.0,"max_hp_loss":0.0,"gold_gain":0.0,"event_name":"MindBloom","player_choice":"Fight","floor":37.0,"gold_loss":0.0,"damage_taken":0.0},{"cards_removed":["Doubt","Parasite"],"damage_healed":0.0,"max_hp_gain":0.0,"max_hp_loss":0.0,"gold_gain":0.0,"event_name":"Fountain of Cleansing","player_choice":"Removed Curses","floor":45.0,"gold_loss":0.0,"damage_taken":0.0},{"damage_healed":0,"gold_gain":0,"player_choice":"Fight","damage_taken":0,"max_hp_gain":0,"max_hp_loss":0,"event_name":"Mysterious Sphere","floor":47,"gold_loss":0},{"cards_removed":["Metallicize"],"damage_healed":0,"gold_gain":0,"player_choice":"Removed Power","damage_taken":0,"max_hp_gain":0,"max_hp_loss":0,"event_name":"Falling","floor":48,"gold_loss":0}],"is_beta":true,"boss_relics":[{"not_picked":["SlaversCollar","Black Star"],"picked":"Cursed Key"},{"not_picked":["Philosopher\u0027s Stone","Empty Cage"],"picked":"Fusion Hammer"}],"items_purged_floors":[],"is_endless":false,"potions_floor_spawned":[3,5,12,14,19,20,27,30,39,41,42,46],"ascension_level":1}}