{"host":"t8facflq355xg1wc","time":1612452500,"event":{"mods":["AchievementEnabler","BaseMod","DeckTracker","Minty Spire (QoL Compilation)","StSLib","SuperFastMode"],"gold_per_floor":[111,123,198,198,7,7,38,58,126,42,52,52,52,79,79,183,183,197,197,197,212,38,71,86,120,172,202,222,247,257,269,269,364,364,383,436,436,66,80,114,114,142,167,184,209,225,225,255,255,255,255,255,30,65,65,65],"floor_reached":55,"language":"KOR","playtime":6728,"items_purged":["Strike_B"],"score":1161,"play_id":"8f1ce9b6-c5ec-4b39-9777-8b122db53493","local_time":"20210205002820","is_ascension_mode":true,"campfire_choices":[{"data":"Dualcast","floor":6,"key":"SMITH"},{"floor":13,"key":"REST"},{"data":"Multi-Cast","floor":15,"key":"SMITH"},{"floor":32,"key":"REST"},{"floor":41,"key":"RECALL"},{"floor":47,"key":"REST"},{"floor":49,"key":"REST"},{"floor":52,"key":"REST"}],"circlet_count":0,"master_deck":["Strike_B","Strike_B+1","Strike_B+1","Defend_B","Defend_B","Defend_B","Defend_B","Zap+1","Dualcast+1","Gash","Rebound+1","Chill+1","Streamline","Sunder+1","Self Repair","Hologram","Multi-Cast+1","Electrodynamics","Ball Lightning+1","Necronomicurse","Steam+1","Leap","Double Energy+1","Hologram+1","Buffer","Go for the Eyes+1","Seek","Seek","Steam+1","Undo+1","Stack","Lockon+1","Compile Driver+1","Defragment","Capacitor+1","Turbo+1","Double Energy+1","Capacitor","Skim"],"relics":["Cracked Core","Potion Belt","Strange Spoon","Regal Pillow","Bottled Lightning","Gremlin Horn","Fusion Hammer","Necronomicon","Mercury Hourglass","Chemical X","Bronze Scales","Pocketwatch","Whetstone","Kunai","Sundial","Black Star","Bird Faced Urn","Anchor","Question Card","White Beast Statue","Cables","Dream Catcher","War Paint","StoneCalendar","Prayer Wheel","Bag of Preparation","DollysMirror","Pantograph","Centennial Puzzle"],"acts_visited":["Exordium","TheCity","TheBeyond","TheEnding"],"potions_floor_usage":[7,16,27,27,29,36,36,45,45,45,50,50,55,55,55,55],"damage_taken":[{"damage":8,"enemies":"Small Slimes","floor":1,"turns":4},{"damage":6,"enemies":"Jaw Worm","floor":2,"turns":4},{"damage":32,"enemies":"Gremlin Nob","floor":7,"turns":5},{"damage":0,"enemies":"Cultist","floor":8,"turns":2},{"damage":2,"enemies":"Exordium Thugs","floor":11,"turns":4},{"damage":15,"enemies":"3 Sentries","floor":14,"turns":4},{"damage":3,"enemies":"Slime Boss","floor":16,"turns":8},{"damage":13,"enemies":"3 Byrds","floor":18,"turns":2},{"damage":0,"enemies":"Shell Parasite","floor":21,"turns":1},{"damage":0,"enemies":"Gremlin Leader","floor":23,"turns":3},{"damage":9,"enemies":"Cultist and Chosen","floor":24,"turns":4},{"damage":5,"enemies":"Book of Stabbing","floor":25,"turns":3},{"damage":4,"enemies":"Slavers","floor":27,"turns":3},{"damage":0,"enemies":"3 Cultists","floor":28,"turns":3},{"damage":0,"enemies":"Gremlin Leader","floor":29,"turns":6},{"damage":0,"enemies":"Chosen and Byrds","floor":30,"turns":3},{"damage":0,"enemies":"Cultist and Chosen","floor":31,"turns":3},{"damage":14,"enemies":"Automaton","floor":33,"turns":8},{"damage":10,"enemies":"3 Darklings","floor":35,"turns":2},{"damage":25,"enemies":"2 Orb Walkers","floor":36,"turns":4},{"damage":0,"enemies":"3 Shapes","floor":39,"turns":1},{"damage":0,"enemies":"Nemesis","floor":40,"turns":3},{"damage":3,"enemies":"Reptomancer","floor":42,"turns":3},{"damage":0,"enemies":"3 Darklings","floor":44,"turns":2},{"damage":4,"enemies":"Giant Head","floor":45,"turns":6},{"damage":0,"enemies":"Spire Growth","floor":46,"turns":3},{"damage":0,"enemies":"Reptomancer","floor":48,"turns":5},{"damage":15,"enemies":"Awakened One","floor":50,"turns":11},{"damage":59,"enemies":"Shield and Spear","floor":54,"turns":8},{"damage":87,"enemies":"The Heart","floor":55,"turns":3}],"seed_played":"3055500805703510680","potions_obtained":[{"floor":2,"key":"Weak Potion"},{"floor":8,"key":"Weak Potion"},{"floor":11,"key":"Energy Potion"},{"floor":18,"key":"Dexterity Potion"},{"floor":24,"key":"PowerPotion"},{"floor":28,"key":"LiquidBronze"},{"floor":29,"key":"Weak Potion"},{"floor":33,"key":"Energy Potion"},{"floor":35,"key":"SpeedPotion"},{"floor":39,"key":"GamblersBrew"},{"floor":42,"key":"Swift Potion"},{"floor":44,"key":"PotionOfCapacity"},{"floor":45,"key":"BlessingOfTheForge"},{"floor":46,"key":"LiquidBronze"},{"floor":48,"key":"Block Potion"},{"floor":54,"key":"EssenceOfSteel"}],"is_trial":false,"path_per_floor":["M","M","?","?","$","R","E","M","T","$","M","?","R","E","R","B",null,"M","?","?","M","$","E","M","E","T","E","M","E","M","M","R","B",null,"M","?","?","$","M","E","R","E","T","M","E","M","R","E","R","B",null,"R","$","E","B"],"character_chosen":"DEFECT","items_purchased":["Chill","Strange Spoon","Self Repair","Ball Lightning","Chemical X","Leap","Seek","Anchor","DollysMirror","Capacitor"],"campfire_rested":5,"item_purchase_floors":[5,5,10,10,22,22,38,38,53,53],"current_hp_per_floor":[67,61,50,75,75,75,43,43,43,43,48,33,70,62,62,66,75,62,46,46,46,46,53,51,46,46,49,49,56,56,56,75,68,75,65,47,47,47,49,62,62,68,68,68,71,71,71,71,71,65,71,71,71,29,0,0],"gold":65,"neow_bonus":"RANDOM_COMMON_RELIC","is_daily":false,"chose_seed":false,"campfire_upgraded":2,"win_rate":0.0,"timestamp":1612452500,"path_taken":["M","M","?","?","$","R","E","M","T","?","M","?","R","E","R","BOSS","M","?","?","?","$","E","M","E","T","E","M","E","M","M","R","BOSS","M","?","?","?","M","E","R","E","T","M","E","M","R","E","R","BOSS","R","$","E","BOSS"],"items_purchased_type":["Card","Relic","Card","Card","Relic","Card","Card","Relic","Relic","Card"],"build_version":"2020-12-22","purchased_purges":1,"victory":false,"max_hp_per_floor":[75,75,75,75,75,75,75,75,75,75,75,75,75,75,75,75,75,75,75,75,75,75,75,75,75,75,75,75,75,75,75,75,75,75,75,75,71,71,71,71,71,71,71,71,71,71,71,71,71,71,71,71,71,71,71,71],"card_choices":[{"not_picked":["Stack","Compile Driver"],"picked":"Gash","floor":1},{"not_picked":["Hologram","Barrage"],"picked":"Rebound","floor":2},{"not_picked":["Chaos","Darkness"],"picked":"Streamline","floor":7},{"not_picked":["Compile Driver","Go for the Eyes"],"picked":"Sunder","floor":8},{"not_picked":["Cold Snap","Static Discharge"],"picked":"Hologram","floor":11},{"not_picked":["Go for the Eyes","Beam Cell"],"picked":"Multi-Cast","floor":14},{"not_picked":["Fission","Rainbow"],"picked":"Electrodynamics","floor":16},{"not_picked":["Heatsinks","Steam"],"picked":"Ball Lightning+1","floor":18},{"not_picked":["Sweeping Beam","Auto Shields"],"picked":"Steam+1","floor":21},{"not_picked":["Reboot","Auto Shields"],"picked":"Double Energy+1","floor":23},{"not_picked":["Storm","Rebound+1"],"picked":"Hologram+1","floor":24},{"not_picked":["FTL","Heatsinks","Streamline"],"picked":"SKIP","floor":25},{"not_picked":["Leap+1","Hologram"],"picked":"Buffer","floor":27},{"not_picked":["Heatsinks","Streamline+1","Hello World+1"],"picked":"SKIP","floor":28},{"not_picked":["Genetic Algorithm","Ball Lightning","Cold Snap"],"picked":"SKIP","floor":29},{"not_picked":["Coolheaded","Turbo"],"picked":"Go for the Eyes+1","floor":30},{"not_picked":["Compile Driver","Sweeping Beam+1","Rebound"],"picked":"SKIP","floor":31},{"not_picked":["Meteor Strike","Core Surge"],"picked":"Seek","floor":33},{"not_picked":["Reprogram+1","Conserve Battery","Scrape"],"picked":"SKIP","floor":35},{"not_picked":["Hello World","Rebound+1"],"picked":"Steam+1","floor":39},{"not_picked":["Barrage","Sunder"],"picked":"Undo+1","floor":40},{"not_picked":["Ball Lightning","Tempest","Heatsinks+1"],"picked":"Stack","floor":42},{"not_picked":["BootSequence","Genetic Algorithm+1","Auto Shields","Barrage"],"picked":"SKIP","floor":44},{"not_picked":["Stack","FTL+1","All For One"],"picked":"Lockon+1","floor":45},{"not_picked":["Tempest","Turbo","Force Field"],"picked":"Compile Driver+1","floor":46},{"not_picked":["Stack+1","Streamline+1","Redo"],"picked":"Defragment","floor":47},{"not_picked":["Barrage","Compile Driver+1","Cold Snap"],"picked":"Capacitor+1","floor":48},{"not_picked":["Beam Cell+1","Heatsinks","Creative AI"],"picked":"Turbo+1","floor":49},{"not_picked":["Barrage","Rainbow","Blizzard+1"],"picked":"Skim","floor":54}],"player_experience":127108,"relics_obtained":[{"floor":7,"key":"Regal Pillow"},{"floor":9,"key":"Bottled Lightning"},{"floor":14,"key":"Gremlin Horn"},{"floor":19,"key":"Necronomicon"},{"floor":23,"key":"Bronze Scales"},{"floor":25,"key":"Pocketwatch"},{"floor":26,"key":"Whetstone"},{"floor":27,"key":"Kunai"},{"floor":29,"key":"Sundial"},{"floor":36,"key":"Bird Faced Urn"},{"floor":40,"key":"Question Card"},{"floor":40,"key":"White Beast Statue"},{"floor":42,"key":"Cables"},{"floor":42,"key":"Dream Catcher"},{"floor":45,"key":"War Paint"},{"floor":45,"key":"StoneCalendar"},{"floor":48,"key":"Prayer Wheel"},{"floor":48,"key":"Bag of Preparation"},{"floor":54,"key":"Pantograph"},{"floor":54,"key":"Centennial Puzzle"}],"event_choices":[{"damage_healed":0,"gold_gain":75,"player_choice":"Gather Gold","damage_taken":11,"max_hp_gain":0,"max_hp_loss":0,"event_name":"World of Goop","floor":3,"gold_loss":0},{"damage_healed":25,"gold_gain":0,"player_choice":"Banana","damage_taken":0,"max_hp_gain":0,"max_hp_loss":0,"event_name":"Big Fish","floor":4,"gold_loss":0},{"damage_healed":0,"gold_gain":0,"player_choice":"Entered Light","damage_taken":15,"max_hp_gain":0,"max_hp_loss":0,"event_name":"Shining Light","floor":12,"gold_loss":0,"cards_upgraded":["Strike_B","Sunder"]},{"damage_healed":0,"gold_gain":0,"player_choice":"Obtained Book","damage_taken":16,"max_hp_gain":0,"max_hp_loss":0,"event_name":"Cursed Tome","floor":19,"gold_loss":0},{"cards_removed":["Ball Lightning"],"damage_healed":0,"gold_gain":0,"player_choice":"Gave Card","damage_taken":0,"relics_obtained":["Mercury Hourglass"],"max_hp_gain":0,"max_hp_loss":0,"event_name":"WeMeetAgain","floor":20,"gold_loss":0},{"damage_healed":0,"gold_gain":0,"player_choice":"Fight","damage_taken":0,"max_hp_gain":0,"max_hp_loss":0,"event_name":"Mysterious Sphere","floor":36,"gold_loss":0},{"damage_healed":0,"gold_gain":0,"player_choice":"Max HP","damage_taken":0,"max_hp_gain":0,"max_hp_loss":4,"event_name":"Winding Halls","floor":37,"gold_loss":0}],"is_beta":false,"boss_relics":[{"not_picked":["Busted Crown","Philosopher\u0027s Stone"],"picked":"Fusion Hammer"},{"not_picked":["Inserter","Velvet Choker"],"picked":"Black Star"}],"items_purged_floors":[38],"is_endless":false,"potions_floor_spawned":[2,8,11,18,24,28,29,33,35,39,42,44,45,46,48,54],"killed_by":"The Heart","ascension_level":3}}