{"host":"fwes8e3a36usabj9","time":1612401758,"event":{"mods":["BaseMod","Colored Map","Colored Powertips","Minty Spire (QoL Compilation)"],"gold_per_floor":[118,132,63,80,80,114,114,147,197,197,252,327,27,40,40,142,142,155,255,272,289,301,301,301],"floor_reached":23,"language":"ENG","playtime":2421,"items_purged":[],"score":294,"play_id":"06f0bb28-fb49-4b33-9151-44daa8eff828","local_time":"20210203172238","is_ascension_mode":true,"campfire_choices":[{"data":"Judgement","floor":7.0,"key":"SMITH"},{"floor":10.0,"key":"REST"},{"floor":15.0,"key":"REST"}],"circlet_count":0,"master_deck":["Strike_P","Strike_P+1","Strike_P+1","Defend_P","Defend_P","Defend_P","Defend_P","Eruption","Vigilance","Judgement+1","Evaluate","Wireheading","Weave","FearNoEvil","Nirvana","Evaluate","DeusExMachina","EmptyFist","Protect","JustLucky+1","ClearTheMind"],"relics":["HolyWater","Letter Opener","Smiling Mask","Bag of Preparation","Tiny Chest","Damaru","Whetstone"],"acts_visited":["Exordium","TheCity"],"potions_floor_usage":[18,23],"damage_taken":[{"damage":0.0,"enemies":"Cultist","floor":1.0,"turns":2.0},{"damage":0.0,"enemies":"Jaw Worm","floor":2.0,"turns":4.0},{"damage":2.0,"enemies":"2 Louse","floor":4.0,"turns":2.0},{"damage":0.0,"enemies":"3 Sentries","floor":6.0,"turns":6.0},{"damage":27.0,"enemies":"Gremlin Nob","floor":8.0,"turns":5.0},{"damage":7.0,"enemies":"Large Slime","floor":14.0,"turns":3.0},{"damage":40.0,"enemies":"Slime Boss","floor":16.0,"turns":13.0},{"damage":13,"enemies":"Shell Parasite","floor":18,"turns":5},{"damage":0,"enemies":"2 Thieves","floor":20,"turns":2},{"damage":9,"enemies":"Snake Plant","floor":21,"turns":5},{"damage":7,"enemies":"Centurion and Healer","floor":22,"turns":6},{"damage":35,"enemies":"Gremlin Leader","floor":23,"turns":6}],"seed_played":"-9121557888615607266","potions_obtained":[{"floor":2.0,"key":"DuplicationPotion"},{"floor":4.0,"key":"DistilledChaos"},{"floor":6.0,"key":"SpeedPotion"},{"floor":16.0,"key":"Weak Potion"},{"floor":21,"key":"LiquidMemories"},{"floor":22,"key":"Weak Potion"}],"is_trial":false,"path_per_floor":["M","M","$","M","?","E","R","E","T","R","T","?","$","M","R","B",null,"M","?","M","M","M","E"],"character_chosen":"WATCHER","items_purchased":["Weave","Damaru","Whetstone"],"campfire_rested":2,"item_purchase_floors":[3,13,13],"current_hp_per_floor":[65,65,65,63,56,56,56,29,29,50,50,39,39,32,53,13,57,44,44,44,35,28,0,0],"gold":301,"neow_bonus":"ONE_RANDOM_RARE_CARD","is_daily":false,"chose_seed":false,"campfire_upgraded":1,"win_rate":0.0,"timestamp":1612401758,"path_taken":["M","M","?","?","?","E","R","E","T","R","?","?","$","M","R","BOSS","M","?","M","M","?","E"],"items_purchased_type":["Card","Relic","Relic"],"build_version":"2020-12-22","purchased_purges":0,"victory":false,"max_hp_per_floor":[72,72,72,72,72,72,72,72,72,72,72,72,72,72,72,72,72,72,72,72,72,72,72,72],"card_choices":[{"not_picked":["FollowUp","CrushJoints"],"picked":"Evaluate","floor":1.0},{"not_picked":["WreathOfFlame","CarveReality"],"picked":"Wireheading","floor":2.0},{"not_picked":["ClearTheMind","SignatureMove"],"picked":"FearNoEvil","floor":4.0},{"not_picked":["Evaluate","ClearTheMind"],"picked":"Nirvana","floor":6.0},{"not_picked":["Ragnarok","ForeignInfluence","Tantrum"],"picked":"SKIP","floor":8.0},{"not_picked":["CrushJoints","PathToVictory"],"picked":"Evaluate","floor":14.0},{"not_picked":["Blasphemy","ConjureBlade"],"picked":"DeusExMachina","floor":16.0},{"not_picked":["Halt","FollowUp+1"],"picked":"EmptyFist","floor":18},{"not_picked":["EmptyBody","Crescendo"],"picked":"Protect","floor":20},{"not_picked":["PathToVictory+1","Collect"],"picked":"JustLucky+1","floor":21},{"not_picked":["ReachHeaven","FollowUp"],"picked":"ClearTheMind","floor":22}],"player_experience":733106,"relics_obtained":[{"floor":6.0,"key":"Letter Opener"},{"floor":8.0,"key":"Smiling Mask"},{"floor":9.0,"key":"Bag of Preparation"},{"floor":11.0,"key":"Tiny Chest"}],"event_choices":[{"cards_removed":["Strike_P"],"damage_healed":0.0,"max_hp_gain":0.0,"max_hp_loss":0.0,"gold_gain":0.0,"event_name":"Golden Wing","player_choice":"Card Removal","floor":5.0,"gold_loss":0.0,"damage_taken":7.0},{"damage_healed":0.0,"max_hp_gain":0.0,"max_hp_loss":0.0,"gold_gain":75.0,"event_name":"World of Goop","player_choice":"Gather Gold","floor":12.0,"gold_loss":0.0,"damage_taken":11.0},{"damage_healed":0,"gold_gain":100,"player_choice":"Pray","damage_taken":0,"max_hp_gain":0,"max_hp_loss":0,"event_name":"Golden Shrine","floor":19,"gold_loss":0}],"is_beta":false,"boss_relics":[{"not_picked":["Fusion Hammer","Tiny House"],"picked":"HolyWater"}],"items_purged_floors":[],"is_endless":false,"potions_floor_spawned":[2,4,6,16,21,22],"killed_by":"Gremlin Leader","ascension_level":6}}