{"host":"a1eatafr7pisesky","time":1612451820,"event":{"mods":["AchievementEnabler","BaseMod","Colored Map","Keyboard Shortcuts","Minty Spire (QoL Compilation)","Say the Spire","StSLib","SuperFastMode","everything is the same but u backflip on backflip"],"gold_per_floor":[111,61,61,79,89,89,89,105,105,137,151,151,181,32,32,106,106,125,125,125,138,38,63,63,63,63,63,95,95,95,47,47,124,124,137,137,147,163,38,38,38,63,63,63,63,63,63,93,93,93,93,93,15,50,50],"floor_reached":56,"language":"KOR","playtime":1960,"items_purged":["Strike_G","Strike_G","Strike_G"],"score":1923,"play_id":"cbc20a00-2a37-45bd-9d84-3a220328adda","local_time":"20210205001700","is_ascension_mode":true,"campfire_choices":[{"data":"PiercingWail","floor":6.0,"key":"SMITH"},{"data":"Calculated Gamble","floor":12.0,"key":"SMITH"},{"data":"Poisoned Stab","floor":15.0,"key":"SMITH"},{"data":"Calculated Gamble","floor":27.0,"key":"SMITH"},{"floor":32.0,"key":"REST"},{"data":"Tactician","floor":40.0,"key":"SMITH"},{"floor":46.0,"key":"DIG"},{"floor":47.0,"key":"DIG"},{"floor":49.0,"key":"RECALL"},{"data":"Burst","floor":52,"key":"SMITH"}],"circlet_count":0,"master_deck":["AscendersBane","Strike_G","Defend_G","Defend_G","Defend_G","Defend_G+1","Survivor+1","Neutralize","Poisoned Stab+1","Poisoned Stab+1","PiercingWail+1","Backstab","Calculated Gamble+1","Acrobatics","Grand Finale","Calculated Gamble+1","Prepared","Eviscerate+1","Blur","Tactician+1","Backflip","Burst+1","Prepared+1","After Image","Bouncing Flask+1","Backflip"],"relics":["Ring of the Snake","Tough Bandages","Thread and Needle","Shuriken","Black Star","Molten Egg 2","Juzu Bracelet","Kunai","Bronze Scales","Bottled Flame","Shovel","Philosopher\u0027s Stone","WingedGreaves","TungstenRod","Happy Flower","StrikeDummy","Akabeko","Lantern","Tingsha","Ice Cream","Ornamental Fan"],"acts_visited":["Exordium","TheCity","TheBeyond","TheEnding"],"potions_floor_usage":[55,55],"damage_taken":[{"damage":3.0,"enemies":"Small Slimes","floor":1.0,"turns":4.0},{"damage":3.0,"enemies":"2 Louse","floor":4.0,"turns":3.0},{"damage":0.0,"enemies":"Cultist","floor":5.0,"turns":3.0},{"damage":6.0,"enemies":"Blue Slaver","floor":8.0,"turns":3.0},{"damage":16.0,"enemies":"Gremlin Nob","floor":10.0,"turns":4.0},{"damage":0.0,"enemies":"Red Slaver","floor":11.0,"turns":3.0},{"damage":3.0,"enemies":"3 Sentries","floor":13.0,"turns":9.0},{"damage":15.0,"enemies":"The Guardian","floor":16.0,"turns":9.0},{"damage":4.0,"enemies":"Chosen","floor":18.0,"turns":5.0},{"damage":0.0,"enemies":"3 Byrds","floor":21.0,"turns":2.0},{"damage":28.0,"enemies":"Book of Stabbing","floor":23.0,"turns":6.0},{"damage":1.0,"enemies":"Gremlin Leader","floor":28.0,"turns":3.0},{"damage":0.0,"enemies":"Automaton","floor":33.0,"turns":12.0},{"damage":0.0,"enemies":"Orb Walker","floor":35.0,"turns":4.0},{"damage":0.0,"enemies":"3 Shapes","floor":37.0,"turns":5.0},{"damage":11.0,"enemies":"Spire Growth","floor":38.0,"turns":7.0},{"damage":0.0,"enemies":"Mind Bloom Boss Battle","floor":42.0,"turns":8.0},{"damage":24.0,"enemies":"Nemesis","floor":48.0,"turns":11.0},{"damage":4,"enemies":"Awakened One","floor":50,"turns":18},{"damage":20,"enemies":"Shield and Spear","floor":54,"turns":7},{"damage":27,"enemies":"The Heart","floor":55,"turns":8}],"seed_played":"9085574857538787722","potions_obtained":[{"floor":1.0,"key":"SpeedPotion"},{"floor":11.0,"key":"SpeedPotion"},{"floor":13.0,"key":"Fruit Juice"},{"floor":16.0,"key":"CultistPotion"},{"floor":23.0,"key":"DuplicationPotion"},{"floor":35.0,"key":"Ancient Potion"},{"floor":48.0,"key":"Energy Potion"}],"is_trial":false,"path_per_floor":["M","?","?","M","M","R","?","M","T","E","M","R","E","$","R","B",null,"M","?","?","M","$","E","?","?","T","R","E","?","?","$","R","B",null,"M","T","M","M","$","R","?","?","T","T","$","R","R","E","R","B",null,"R","$","E","B",null],"character_chosen":"THE_SILENT","items_purchased":["LiquidBronze","Backflip","LiquidBronze"],"campfire_rested":1,"item_purchase_floors":[14,31,53],"current_hp_per_floor":[56,56,43,40,40,40,40,34,34,18,18,18,20,20,20,5,55,51,38,38,38,38,10,10,10,10,10,9,9,9,9,31,31,65,65,65,65,54,54,54,54,54,54,54,54,54,54,30,30,26,61,61,61,41,14],"gold":50,"neow_bonus":"REMOVE_CARD","is_daily":false,"chose_seed":false,"campfire_upgraded":6,"win_rate":0.0,"timestamp":1612451820,"path_taken":["M","?","?","M","M","R","?","M","T","E","?","R","E","$","R","BOSS","M","?","?","M","$","E","?","?","T","R","E","?","?","?","R","BOSS","M","?","M","M","$","R","?","?","T","?","$","R","R","E","R","BOSS","R","$","E","BOSS"],"items_purchased_type":["Potion","Card","Potion"],"build_version":"2020-12-22","purchased_purges":3,"victory":true,"max_hp_per_floor":[66,66,66,66,66,66,66,66,66,66,66,66,71,71,71,71,71,71,76,76,76,76,76,76,76,76,76,76,76,76,76,76,76,76,76,76,76,76,76,76,72,72,72,72,72,72,72,72,72,72,72,72,72,72,72],"card_choices":[{"not_picked":["Heel Hook","Backflip"],"picked":"Poisoned Stab","floor":1.0},{"not_picked":["Flying Knee","Bane"],"picked":"Poisoned Stab","floor":4.0},{"not_picked":["Accuracy","Eviscerate"],"picked":"PiercingWail","floor":5.0},{"not_picked":["Blade Dance","All Out Attack"],"picked":"Backstab","floor":8.0},{"not_picked":["Blade Dance","Quick Slash"],"picked":"Calculated Gamble","floor":10.0},{"not_picked":["Sucker Punch","Deflect","Acrobatics"],"picked":"SKIP","floor":11.0},{"not_picked":["Sucker Punch","Deflect"],"picked":"Acrobatics","floor":11.0},{"not_picked":["Poisoned Stab","Unload","Skewer"],"picked":"SKIP","floor":13.0},{"not_picked":["Bullet Time","After Image"],"picked":"Grand Finale","floor":16.0},{"not_picked":["Terror","Predator","Accuracy"],"picked":"SKIP","floor":18.0},{"not_picked":["Terror","Footwork"],"picked":"Prepared","floor":21.0},{"not_picked":["Eviscerate+1","Sucker Punch+1","Choke+1"],"picked":"SKIP","floor":23.0},{"not_picked":["Sucker Punch+1","Choke+1"],"picked":"Eviscerate+1","floor":23.0},{"not_picked":["Outmaneuver","Deflect+1"],"picked":"Blur","floor":28.0},{"not_picked":["Night Terror","Glass Knife+1"],"picked":"Burst","floor":33.0},{"not_picked":["Sucker Punch+1","Blade Dance","Quick Slash+1"],"picked":"SKIP","floor":35.0},{"not_picked":["Flying Knee+1","Underhanded Strike+1"],"picked":"Prepared+1","floor":37.0},{"not_picked":["Dagger Throw+1","Flechettes+1"],"picked":"After Image","floor":38.0},{"not_picked":["Slice+1","Prepared"],"picked":"Bouncing Flask+1","floor":42.0},{"not_picked":["Dodge and Roll","Sucker Punch+1"],"picked":"Backflip","floor":48.0},{"not_picked":["Tools of the Trade","Dagger Throw+1","Distraction"],"picked":"SKIP","floor":54}],"player_experience":404154,"relics_obtained":[{"floor":9.0,"key":"Tough Bandages"},{"floor":10.0,"key":"Thread and Needle"},{"floor":13.0,"key":"Shuriken"},{"floor":23.0,"key":"Molten Egg 2"},{"floor":23.0,"key":"Juzu Bracelet"},{"floor":26.0,"key":"Kunai"},{"floor":28.0,"key":"Bronze Scales"},{"floor":28.0,"key":"Bottled Flame"},{"floor":36.0,"key":"WingedGreaves"},{"floor":42.0,"key":"TungstenRod"},{"floor":44.0,"key":"Happy Flower"},{"floor":46.0,"key":"StrikeDummy"},{"floor":47.0,"key":"Akabeko"},{"floor":48.0,"key":"Lantern"},{"floor":48.0,"key":"Tingsha"},{"floor":54,"key":"Ice Cream"},{"floor":54,"key":"Ornamental Fan"}],"event_choices":[{"cards_removed":["Strike_G"],"damage_healed":0.0,"max_hp_gain":0.0,"max_hp_loss":0.0,"gold_gain":0.0,"event_name":"The Cleric","player_choice":"Card Removal","floor":2.0,"gold_loss":50.0,"damage_taken":0.0},{"damage_healed":0.0,"max_hp_gain":0.0,"max_hp_loss":0.0,"gold_gain":0.0,"event_name":"Shining Light","player_choice":"Entered Light","floor":3.0,"gold_loss":0.0,"damage_taken":13.0,"cards_upgraded":["Defend_G","Survivor"]},{"damage_healed":0.0,"max_hp_gain":0.0,"max_hp_loss":0.0,"gold_gain":0.0,"event_name":"Upgrade Shrine","player_choice":"Upgraded","floor":7.0,"gold_loss":0.0,"damage_taken":0.0,"cards_upgraded":["Poisoned Stab"]},{"damage_healed":0.0,"max_hp_gain":5.0,"max_hp_loss":0.0,"gold_gain":0.0,"event_name":"Forgotten Altar","player_choice":"Shed Blood","floor":19.0,"gold_loss":0.0,"damage_taken":18.0},{"damage_healed":0.0,"max_hp_gain":0.0,"max_hp_loss":0.0,"gold_gain":0.0,"event_name":"Match and Keep!","player_choice":"1 cards matched","floor":20.0,"gold_loss":0.0,"damage_taken":0.0,"cards_obtained":["Calculated Gamble"]},{"damage_healed":0.0,"max_hp_gain":0.0,"max_hp_loss":0.0,"gold_gain":0.0,"event_name":"Cursed Tome","player_choice":"Ignored","floor":24.0,"gold_loss":0.0,"damage_taken":0.0},{"damage_healed":0.0,"max_hp_gain":0.0,"max_hp_loss":0.0,"gold_gain":0.0,"event_name":"The Library","player_choice":"Read","floor":29.0,"gold_loss":0.0,"damage_taken":0.0,"cards_obtained":["Tactician"]},{"damage_healed":0.0,"max_hp_gain":0.0,"max_hp_loss":0.0,"gold_gain":0.0,"event_name":"The Mausoleum","player_choice":"Opened","floor":30.0,"gold_loss":0.0,"damage_taken":0.0,"relics_obtained":["Shovel"]},{"damage_healed":0.0,"max_hp_gain":0.0,"max_hp_loss":4.0,"gold_gain":0.0,"event_name":"Winding Halls","player_choice":"Max HP","floor":41.0,"gold_loss":0.0,"damage_taken":0.0},{"damage_healed":0.0,"max_hp_gain":0.0,"max_hp_loss":0.0,"gold_gain":0.0,"event_name":"MindBloom","player_choice":"Fight","floor":42.0,"gold_loss":0.0,"damage_taken":0.0}],"is_beta":false,"boss_relics":[{"not_picked":["Runic Dome","Cursed Key"],"picked":"Black Star"},{"not_picked":["Snecko Eye","SacredBark"],"picked":"Philosopher\u0027s Stone"}],"items_purged_floors":[14,22,39],"is_endless":false,"potions_floor_spawned":[1,11,13,16,23,35,48],"ascension_level":14}}