{"host":"9kesdg97wkrx2bva","time":1612480910,"event":{"mods":["AchievementEnabler","BaseMod","Colored Map","GifTheSpireLib","Infinite Spire","Minty Spire (QoL Compilation)","Replay The Spire","StSLib"],"gold_per_floor":[118,118,131,19,32,65,65,95,95,95,95],"floor_reached":10,"language":"ENG","playtime":1564,"items_purged":["Strike_G"],"score":137,"play_id":"776215f5-4acc-4193-927a-a2ea0c8cc225","local_time":"20210204172150","is_ascension_mode":true,"campfire_choices":[{"data":"Deadly Poison","floor":7,"key":"SMITH"}],"circlet_count":0,"master_deck":["AscendersBane","Strike_G","Strike_G","Strike_G","Strike_G","Defend_G","Defend_G","Defend_G","Survivor","Neutralize","Blade Dance","Deadly Poison+1","Blade Dance+1","Noxious Fumes","Bane","After Image"],"relics":["Ring of the Snake","infinitespire:PuzzleCube","Girya","StrikeDummy"],"acts_visited":["Exordium"],"potions_floor_usage":[6],"damage_taken":[{"damage":1,"enemies":"2 Louse","floor":1,"turns":3},{"damage":0,"enemies":"Cultist","floor":3,"turns":4},{"damage":2,"enemies":"Jaw Worm","floor":5,"turns":3},{"damage":26,"enemies":"Gremlin Nob","floor":6,"turns":4},{"damage":25,"enemies":"3 Sentries","floor":8,"turns":6},{"damage":0,"enemies":"Gremlin Nob","floor":10,"turns":2}],"seed_played":"-1844845218407752307","potions_obtained":[{"floor":5,"key":"Energy Potion"}],"is_trial":false,"path_per_floor":["M","?","M","$","M","E","R","E","T","E"],"character_chosen":"THE_SILENT","items_purchased":["Blade Dance+1"],"campfire_rested":0,"item_purchase_floors":[4],"current_hp_per_floor":[58,58,58,58,56,30,30,5,5,5,5],"gold":95,"neow_bonus":"REMOVE_CARD","is_daily":false,"chose_seed":false,"campfire_upgraded":1,"win_rate":0.0,"timestamp":1612480910,"path_taken":["M","?","M","$","M","E","R","E","T","E"],"items_purchased_type":["Card"],"build_version":"2020-12-22","purchased_purges":1,"victory":false,"max_hp_per_floor":[66,66,66,66,66,66,66,66,66,66,66],"card_choices":[{"not_picked":["Heel Hook","Endless Agony"],"picked":"Blade Dance","floor":1},{"not_picked":["Quick Slash","Backstab"],"picked":"Deadly Poison","floor":3},{"not_picked":["Concentrate","Hidden Blade"],"picked":"Noxious Fumes","floor":5},{"not_picked":["Deflect","Well Laid Plans"],"picked":"Bane","floor":6},{"not_picked":["Bouncing Flask","Prepared"],"picked":"After Image","floor":8}],"player_experience":1010840,"relics_obtained":[{"floor":6,"key":"infinitespire:PuzzleCube"},{"floor":8,"key":"Girya"},{"floor":9,"key":"StrikeDummy"}],"event_choices":[{"cards_removed":["Defend_G"],"damage_healed":0,"gold_gain":0,"player_choice":"Offered Basic","damage_taken":0,"max_hp_gain":0,"max_hp_loss":0,"event_name":"Bonfire Elementals","floor":2,"gold_loss":0}],"is_beta":false,"boss_relics":[],"items_purged_floors":[4],"is_endless":false,"potions_floor_spawned":[5],"killed_by":"Gremlin Nob","ascension_level":16}}