{"host":"8anmd7ibyxevnonj","time":1612436050,"event":{"mods":["BaseMod","Curses Come First","Downfall","Minty Spire (QoL Compilation)","StSLib"],"gold_per_floor":[99,117,117,127,187,187,187,206,241,241,241,269,269,279,298,298,298,298],"floor_reached":16,"language":"ENG","playtime":705,"items_purged":[],"score":110,"play_id":"64616a3b-3f3f-4513-83e3-d7831d019f12","local_time":"20210204115410","is_ascension_mode":false,"campfire_choices":[{"data":"hexamod:Sear","floor":1,"key":"SMITH"},{"data":"hexamod:FlamesFromBeyond","floor":6,"key":"SMITH"},{"data":"1","floor":10,"key":"LIFT"},{"floor":13,"key":"REST"}],"circlet_count":0,"master_deck":["hexamod:Strike","hexamod:Strike","hexamod:Strike","hexamod:Defend","hexamod:Defend","hexamod:Defend","hexamod:Sear+1","hexamod:Float","hexamod:Hexaguard","hexamod:StepThrough","hexamod:FlamesFromBeyond+1","hexamod:GhostOfSpireFuture","hexamod:SwordOfDarkness","hexamod:ChargedBarrage","hexamod:FlameSwitch","hexamod:HauntingEcho","hexamod:FastForward"],"relics":["hexamod:SpiritBrand","Calipers","Oddly Smooth Stone","Matryoshka","Girya","Strawberry"],"acts_visited":["Exordium"],"potions_floor_usage":[12,16],"damage_taken":[{"damage":1,"enemies":"Jaw Worm","floor":2,"turns":3},{"damage":0,"enemies":"Small Slimes","floor":4,"turns":3},{"damage":17,"enemies":"Gremlin Nob","floor":5,"turns":5},{"damage":0,"enemies":"2 Louse","floor":8,"turns":2},{"damage":11,"enemies":"Lagavulin","floor":9,"turns":6},{"damage":2,"enemies":"Gremlin Nob","floor":12,"turns":3},{"damage":5,"enemies":"Gremlin Gang","floor":14,"turns":4},{"damage":0,"enemies":"Exordium Wildlife","floor":15,"turns":3},{"damage":46,"enemies":"DF_ARCHETYPE_STREAMLINE","floor":16,"turns":9}],"seed_played":"-457564878422241125","potions_obtained":[{"floor":5,"key":"DuplicationPotion"},{"floor":8,"key":"DuplicationPotion"},{"floor":9,"key":"AttackPotion"}],"is_trial":false,"path_per_floor":["R","M","?","M","?","R","T","M","E","R","?","E","R","M","M","B"],"character_chosen":"THE_SPIRIT","items_purchased":[],"campfire_rested":1,"item_purchase_floors":[],"current_hp_per_floor":[49,48,48,48,31,31,31,31,20,20,20,25,48,43,43,0,0,0],"gold":298,"neow_bonus":"ONE_RARE_RELIC","is_daily":false,"chose_seed":false,"campfire_upgraded":2,"win_rate":0.0,"timestamp":1612436050,"path_taken":["R","M","?","M","?","R","T","M","E","R","?","E","R","M","M","BOSS"],"items_purchased_type":[],"build_version":"2020-12-13","purchased_purges":0,"victory":false,"max_hp_per_floor":[70,70,70,70,70,70,70,70,70,70,70,77,77,77,77,77,77,77],"card_choices":[{"not_picked":["hexamod:GhostShield","hexamod:SoulSteal"],"picked":"hexamod:Hexaguard","floor":2},{"not_picked":["hexamod:SoulSteal","hexamod:Hexaguard"],"picked":"hexamod:StepThrough","floor":4},{"not_picked":["hexamod:HeatMetal","hexamod:SpectersWail"],"picked":"hexamod:FlamesFromBeyond","floor":5},{"not_picked":["hexamod:NightmareGuise","hexamod:Hexaguard"],"picked":"hexamod:GhostOfSpireFuture","floor":8},{"not_picked":["hexamod:PowerFromBeyond","hexamod:GhostflameBarrier"],"picked":"hexamod:SwordOfDarkness","floor":9},{"not_picked":["hexamod:GhostOfSpireFuture","hexamod:ShieldOfDarkness"],"picked":"hexamod:FlameSwitch","floor":12},{"not_picked":["hexamod:InspiringFlames","hexamod:NightmareStrike"],"picked":"hexamod:HauntingEcho","floor":14},{"not_picked":["hexamod:SpectralAdrenaline","hexamod:SwordOfDarkness"],"picked":"hexamod:FastForward","floor":15}],"player_experience":79570,"relics_obtained":[{"floor":7,"key":"Matryoshka"},{"floor":9,"key":"Girya"},{"floor":12,"key":"Strawberry"}],"event_choices":[{"cards_removed":["hexamod:Defend"],"damage_healed":0,"gold_gain":0,"player_choice":"Card Removal","damage_taken":0,"max_hp_gain":0,"max_hp_loss":0,"event_name":"The Cleric","floor":3,"gold_loss":0}],"is_beta":false,"boss_relics":[],"items_purged_floors":[],"is_endless":false,"potions_floor_spawned":[5,8,9],"killed_by":"DF_ARCHETYPE_STREAMLINE","ascension_level":0}}