{"host":"bxdue9bkfm2khp2x","time":1612430001,"event":{"mods":["ATMod(阿瑾Mod)","Arknights","Aspiration","BaseMod","Better Vampires","Challenge The Spire","Colored Map","Colored Powertips","Conspire","Decade(王小明)","Dota2Spire","Highlight Path","Minty Spire (QoL Compilation)","MostiFishMod","Reliquary","Remilia（蕾米莉亚）","Replay The Spire","RumiaBox-露米娅的神秘盒子","Ryuuou龙王","Spicy Shops","StSLib","Td1madao Mod","The Alterego","The Bug Knight","The Cursed","The Servant 0.9.4","WarShipGirlsR/战舰少女R mod","Wide Potions","noobMod","【功能Mod】混沌之环修复补丁","【遗物卡牌】REMEMod","残留之物","篝火指南"],"gold_per_floor":[112,123,143,155,172,172,172,172,217,217,217,231,231,247,247,325,325,336,346,346,261,276,276,291,307,332,257,147,158,158,58,58,134,134,152,27,37,37,51,84,84,111,137,137,156,187,37,37,37,37],"floor_reached":51,"language":"ZHS","playtime":3923,"items_purged":["rmod:defend","rmod:strick","rmod:defend","rmod:strick"],"score":1634,"play_id":"43ce3e36-8138-467f-841f-efa6df0e83e5","local_time":"20210204171321","is_ascension_mode":true,"campfire_choices":[{"data":"AT_ShrugMaster","floor":6,"key":"SMITH"},{"data":"rmod:supportescort","floor":8,"key":"SMITH"},{"data":"rmod:basicallowance","floor":10,"key":"SMITH"},{"data":"MostiFishMod:WinterMarkForm","floor":13,"key":"SMITH"},{"data":"rmod:overbreakdown","floor":15,"key":"SMITH"},{"data":"rmod:lonelyqueen","floor":23,"key":"SMITH"},{"data":"rmod:mineteam","floor":30,"key":"SMITH"},{"data":"rmod:firesupport","floor":32,"key":"SMITH"},{"data":"rmod:seals","floor":41,"key":"SMITH"},{"data":"rmod:maingunfire","floor":44,"key":"SMITH"},{"data":"rmod:highspeedmaneuver","floor":49,"key":"SMITH"}],"circlet_count":0,"master_deck":["AscendersBane","rmod:strick","rmod:defend","rmod:basicallowance+1","rmod:maingunfire+1","MostiFishMod:WinterMarkForm+1","AT_ShrugMaster+1","rmod:supportescort+1","rmod:firesupport+1","rmod:smokecover+1","rmod:overbreakdown+1","rmod:lonelyqueen+1","rmod:mineteam+1","rmod:seals+1","rmod:highspeedmaneuver+1"],"relics":["rmod:firstchargereward","DaveBox","REME_ComplimentaryCards","ice","AT_ATBox","FrostBlade","SynthV:TestCard","Simple Rune","PlaceholderMod:LiveLive","Replay:Mystery Machine","ReplayTheSpireMod:Ninjato","reliquary:Aerogel","Replay:Wax Seal","Bronze Scales"],"acts_visited":["Exordium","TheCity","TheBeyond"],"potions_floor_usage":[14,16,25,33,46,50],"damage_taken":[{"damage":0,"enemies":"Cultist","floor":1,"turns":3},{"damage":12,"enemies":"Jaw Worm","floor":2,"turns":2},{"damage":14,"enemies":"2 Louse","floor":3,"turns":3},{"damage":12,"enemies":"Exordium Wildlife","floor":4,"turns":5},{"damage":0,"enemies":"2 Fungi Beasts","floor":5,"turns":3},{"damage":0,"enemies":"Lots of Slimes","floor":12,"turns":4},{"damage":0,"enemies":"Gremlin Gang","floor":14,"turns":4},{"damage":0,"enemies":"Fading Forest","floor":16,"turns":12},{"damage":0,"enemies":"conspire:FuzzyDice","floor":18,"turns":3},{"damage":0,"enemies":"Chosen","floor":19,"turns":4},{"damage":0,"enemies":"conspire:HollyBat","floor":22,"turns":5},{"damage":0,"enemies":"Snake Plant","floor":24,"turns":4},{"damage":8,"enemies":"Shelled Parasite and Fungi","floor":25,"turns":5},{"damage":0,"enemies":"Centurion and Healer","floor":29,"turns":6},{"damage":0,"enemies":"Champ","floor":33,"turns":5},{"damage":0,"enemies":"3 Darklings","floor":35,"turns":7},{"damage":0,"enemies":"3 Shapes","floor":37,"turns":5},{"damage":7,"enemies":"Writhing Mass","floor":39,"turns":4},{"damage":0,"enemies":"Nemesis","floor":40,"turns":6},{"damage":7,"enemies":"Giant Head","floor":42,"turns":4},{"damage":24,"enemies":"4 Shapes","floor":45,"turns":6},{"damage":0,"enemies":"Reptomancer","floor":46,"turns":5},{"damage":1,"enemies":"Awakened One","floor":50,"turns":13}],"seed_played":"-7964890171675105477","potions_obtained":[{"floor":2,"key":"Dota2Spire:Clarity"},{"floor":4,"key":"AttackPotion"},{"floor":14,"key":"Dexterity Potion"},{"floor":22,"key":"AttackPotion"},{"floor":25,"key":"Regen Potion"},{"floor":37,"key":"LiquidMemories"},{"floor":46,"key":"Dota2Spire:HealingSalve"}],"is_trial":false,"path_per_floor":["M","M","M","M","M","R","?","R","T","R","T","M","R","M","R","B",null,"M","M","?","?","M","R","M","M","T","$","?","M","R","$","R","B",null,"M","$","M","?","M","E","R","E","T","R","M","E","$","?","R","B",null],"character_chosen":"PRAEFECT","items_purchased":[],"campfire_rested":0,"item_purchase_floors":[],"current_hp_per_floor":[63,51,37,25,25,25,4,4,4,4,4,4,4,4,4,4,54,54,54,54,54,54,54,54,46,46,46,46,46,46,46,46,60,68,68,68,68,68,61,61,61,54,54,54,30,30,30,30,30,47],"gold":37,"neow_bonus":"REMOVE_CARD","is_daily":false,"chose_seed":false,"campfire_upgraded":11,"win_rate":0.0,"timestamp":1612430001,"path_taken":["M","M","M","M","M","R","?","R","T","R","?","M","R","M","R","BOSS","M","M","?","?","M","R","M","M","T","?","?","M","R","$","R","BOSS","M","?","?","?","M","E","R","E","T","R","M","E","$","?","R","BOSS"],"items_purchased_type":[],"build_version":"2020-12-22","purchased_purges":4,"victory":true,"max_hp_per_floor":[70,70,70,70,70,70,70,70,70,70,70,70,70,70,70,70,70,70,70,70,70,70,70,70,70,70,70,70,70,70,70,70,70,70,70,70,70,70,70,70,70,70,70,70,70,70,70,70,70,70],"card_choices":[{"not_picked":["rmod:capitalist","rmod:maintain"],"picked":"rmod:supportescort","floor":1},{"not_picked":["rmod:punchline","rmod:luckystar","rmod:aggressivemary","rmod:rockthrower","rmod:combined"],"picked":"SKIP","floor":2},{"not_picked":["rmod:punchline","rmod:intelligenceanalysis","rmod:maintain","rmod:ammunitionsupply","rmod:unsinkable"],"picked":"SKIP","floor":3},{"not_picked":["rmod:aluminumsupply","rmod:fuelsupply","rmod:desperatesituation","rmod:ammunitionsupply"],"picked":"rmod:firesupport","floor":4},{"not_picked":["rmod:steelsupply","rmod:intelligenceanalysis","rmod:wolves","rmod:shuttlebombing"],"picked":"rmod:smokecover","floor":5},{"not_picked":["rmod:guardianhero","rmod:aggressivemary","rmod:victimresponsibility","rmod:tearstotiara"],"picked":"rmod:overbreakdown","floor":12},{"not_picked":["rmod:shuttlebombing","rmod:overbreakdown","rmod:supportescort","rmod:highspeedshooting","rmod:ring"],"picked":"SKIP","floor":14},{"not_picked":["rmod:gendarmerie","rmod:overbreakdown","rmod:luckystar","rmod:firesupport","rmod:selfconfidence"],"picked":"SKIP","floor":18},{"not_picked":["rmod:gendarmerie","rmod:aviationdawn","rmod:tearstotiara+1","rmod:firesupport"],"picked":"rmod:lonelyqueen","floor":19},{"not_picked":["rmod:highspeedshooting","rmod:ammunitionsupply","rmod:intelligenceanalysis","rmod:gendarmerie","rmod:luckystar"],"picked":"SKIP","floor":22},{"not_picked":["rmod:fuelsupply","rmod:fletcherpendant","rmod:advancebysurprise","rmod:sl","rmod:punchline+1"],"picked":"SKIP","floor":24},{"not_picked":["rmod:launchingtorpedo","rmod:victimresponsibility","rmod:robin","rmod:stealaluminum"],"picked":"rmod:mineteam","floor":25},{"not_picked":["rmod:overbreakdown","rmod:firesupport+1","rmod:intelligenceanalysis","rmod:circuitoustactics+1","rmod:combined"],"picked":"SKIP","floor":29},{"not_picked":["rmod:secretscript","rmod:stealaluminum","rmod:abidefaith","rmod:u235"],"picked":"rmod:seals","floor":33},{"not_picked":["rmod:aluminumsupply+1","rmod:combined","rmod:wasp","rmod:firesupport","rmod:ring"],"picked":"SKIP","floor":35},{"not_picked":["rmod:highspeedshooting+1","rmod:royalracing","rmod:robin+1","rmod:circuitoustactics+1","rmod:garrisonisland"],"picked":"SKIP","floor":37},{"not_picked":["rmod:spoils","rmod:fuelsupply","rmod:punchline","rmod:diamondstrike","rmod:chargemoney+1"],"picked":"SKIP","floor":39},{"not_picked":["rmod:combined","rmod:firesupport+1","rmod:aluminumsupply","rmod:heivgo","rmod:stealaluminum"],"picked":"SKIP","floor":40},{"not_picked":["rmod:steelsupply","rmod:stealaluminum","rmod:circuitoustactics","rmod:goodsister","rmod:fuelsupply"],"picked":"SKIP","floor":42},{"not_picked":["rmod:combined","rmod:luckystar","rmod:victimresponsibility","rmod:desperatesituation","rmod:overbreakdown"],"picked":"SKIP","floor":45},{"not_picked":["rmod:sl","rmod:unsinkable","rmod:fletcherpendant","rmod:tearstotiara"],"picked":"rmod:highspeedmaneuver","floor":46}],"player_experience":1423924,"relics_obtained":[{"floor":1,"key":"SynthV:TestCard"},{"floor":9,"key":"Simple Rune"},{"floor":40,"key":"ReplayTheSpireMod:Ninjato"},{"floor":42,"key":"reliquary:Aerogel"},{"floor":43,"key":"Replay:Wax Seal"},{"floor":46,"key":"Bronze Scales"}],"event_choices":[{"damage_healed":0,"gold_gain":0,"player_choice":"Entered Light","damage_taken":21,"max_hp_gain":0,"max_hp_loss":0,"event_name":"Shining Light","floor":7,"gold_loss":0,"cards_upgraded":["rmod:smokecover","rmod:defend"]},{"damage_healed":0,"gold_gain":0,"player_choice":"Ignored","damage_taken":0,"max_hp_gain":0,"max_hp_loss":0,"event_name":"Ghosts","floor":20,"gold_loss":0},{"damage_healed":0,"gold_gain":0,"player_choice":"Obtained Relic","damage_taken":0,"relics_obtained":["Replay:Mystery Machine"],"max_hp_gain":0,"max_hp_loss":0,"event_name":"Addict","floor":21,"gold_loss":85},{"cards_removed":["rmod:strick"],"damage_healed":0,"gold_gain":0,"player_choice":"Upgrade and Remove","damage_taken":0,"max_hp_gain":0,"max_hp_loss":0,"event_name":"Designer","floor":28,"gold_loss":110,"cards_upgraded":["rmod:strick"]},{"damage_healed":0,"gold_gain":0,"player_choice":"Memory 1","damage_taken":0,"max_hp_gain":0,"max_hp_loss":0,"event_name":"SensoryStone","floor":38,"gold_loss":0},{"cards_removed":["rmod:defend"],"damage_healed":0,"gold_gain":0,"player_choice":"Purged","damage_taken":0,"max_hp_gain":0,"max_hp_loss":0,"event_name":"Purifier","floor":48,"gold_loss":0}],"is_beta":false,"boss_relics":[{"not_picked":["aspiration:RunicSpoon","rmod:mogul"],"picked":"PlaceholderMod:LiveLive"},{"not_picked":["Painkiller Herb","REME_ChargedStone","reliquary:KinkedSpring"]}],"items_purged_floors":[27,31,36,47],"is_endless":false,"potions_floor_spawned":[2,4,5,14,22,24,25,37,42,46],"ascension_level":17}}