{"host":"f5gffvlv6a66yqkd","time":1612441573,"event":{"mods":["2.2 Compatiblity","BaseMod","Colored Map","Custom Start","DeckTracker","Keyboard Shortcuts","Minty Spire (QoL Compilation)","Permanent Neow","Quick Restart","Relic Stats","StSLib","SuperFastMode"],"gold_per_floor":[11,31,51,70,70,70,88,116,116,116,143,143,173,184,184,256,256,271,196,121,121,121,121,121,121,148,176,176,190,225,70,70,143,143,163,179,10,10,10,41,41,72,72,105,105,105,105,134,134,134,134,134,134,9,41,41],"floor_reached":57,"language":"KOR","playtime":2981,"items_purged":["Strike_P","Defend_P","Defend_P+1"],"score":3715,"play_id":"460bd862-436b-47be-ab2b-ef3ae46f0f3f","local_time":"20210204212613","is_ascension_mode":true,"campfire_choices":[{"data":"Eruption","floor":6.0,"key":"SMITH"},{"data":"WheelKick","floor":10.0,"key":"SMITH"},{"data":"Scrawl","floor":12.0,"key":"SMITH"},{"data":"EmptyFist","floor":15.0,"key":"SMITH"},{"data":"Blasphemy","floor":23.0,"key":"SMITH"},{"data":"MentalFortress","floor":25.0,"key":"SMITH"},{"data":"Vault","floor":28.0,"key":"SMITH"},{"floor":32.0,"key":"RECALL"},{"data":"InnerPeace","floor":41.0,"key":"SMITH"},{"floor":46.0,"key":"REST"},{"floor":49.0,"key":"REST"},{"floor":53,"key":"REST"}],"circlet_count":0,"master_deck":["AscendersBane","Eruption+1","Vigilance+1","InnerPeace+1","CutThroughFate+1","WheelKick+1","EmptyFist+1","Scrawl+1","DeusExMachina+1","LessonLearned+1","PathToVictory+1","MentalFortress+1","MentalFortress+1","Vault+1","Study+1"],"relics":["PureWater","Gambling Chip","Sundial","Yang","Juzu Bracelet","Du-Vu Doll","Astrolabe","Meat on the Bone","Bottled Tornado","VioletLotus","Bag of Preparation","Molten Egg 2","Turnip","InkBottle","Oddly Smooth Stone","Boot","Letter Opener"],"acts_visited":["Exordium","TheCity","TheBeyond","TheEnding"],"potions_floor_usage":[56,56],"damage_taken":[{"damage":2.0,"enemies":"2 Louse","floor":1.0,"turns":4.0},{"damage":4.0,"enemies":"Jaw Worm","floor":2.0,"turns":4.0},{"damage":4.0,"enemies":"Small Slimes","floor":3.0,"turns":10.0},{"damage":0.0,"enemies":"2 Fungi Beasts","floor":4.0,"turns":2.0},{"damage":0.0,"enemies":"Gremlin Gang","floor":7.0,"turns":5.0},{"damage":0.0,"enemies":"Gremlin Nob","floor":8.0,"turns":2.0},{"damage":14.0,"enemies":"3 Sentries","floor":11.0,"turns":7.0},{"damage":0.0,"enemies":"Gremlin Nob","floor":13.0,"turns":1.0},{"damage":12.0,"enemies":"Lots of Slimes","floor":14.0,"turns":2.0},{"damage":0.0,"enemies":"Slime Boss","floor":16.0,"turns":2.0},{"damage":0.0,"enemies":"Chosen","floor":18.0,"turns":1.0},{"damage":0.0,"enemies":"Gremlin Leader","floor":27.0,"turns":1.0},{"damage":6.0,"enemies":"3 Byrds","floor":29.0,"turns":3.0},{"damage":0.0,"enemies":"Slavers","floor":30.0,"turns":5.0},{"damage":4.0,"enemies":"Automaton","floor":33.0,"turns":7.0},{"damage":0.0,"enemies":"Orb Walker","floor":35.0,"turns":3.0},{"damage":18.0,"enemies":"3 Darklings","floor":36.0,"turns":3.0},{"damage":0.0,"enemies":"Giant Head","floor":40.0,"turns":5.0},{"damage":0.0,"enemies":"Reptomancer","floor":42.0,"turns":3.0},{"damage":0.0,"enemies":"Nemesis","floor":44.0,"turns":6.0},{"damage":0.0,"enemies":"Reptomancer","floor":48.0,"turns":4.0},{"damage":0,"enemies":"Awakened One","floor":50,"turns":6},{"damage":0,"enemies":"Donu and Deca","floor":51,"turns":4},{"damage":0,"enemies":"Shield and Spear","floor":55,"turns":3},{"damage":46,"enemies":"The Heart","floor":56,"turns":7}],"seed_played":"3578252788061665557","potions_obtained":[{"floor":1.0,"key":"PowerPotion"},{"floor":2.0,"key":"Ambrosia"},{"floor":30.0,"key":"DuplicationPotion"}],"is_trial":false,"path_per_floor":["M","M","M","M","?","R","M","E","T","R","E","R","E","M","R","B",null,"M","?","$","?","?","R","?","R","T","E","R","M","E","$","R","B",null,"M","M","$","?","$","E","R","E","T","E","$","R","?","E","R","B","B",null,"R","$","E","B",null],"character_chosen":"WATCHER","items_purchased":["PowerPotion","Bag of Preparation"],"campfire_rested":3,"item_purchase_floors":[31,37],"current_hp_per_floor":[59,55,51,51,51,51,51,51,51,51,37,37,37,25,25,25,57,57,57,57,57,57,57,57,57,57,57,57,51,51,51,51,47,63,63,45,45,78,78,78,78,78,78,78,78,78,78,78,78,78,78,78,78,78,78,44],"gold":41,"neow_bonus":"ONE_RARE_RELIC","is_daily":false,"chose_seed":false,"campfire_upgraded":8,"win_rate":0.0,"timestamp":1612441573,"path_taken":["M","M","M","M","?","R","M","E","T","R","E","R","E","M","R","BOSS","M","?","$","?","?","R","?","R","T","E","R","M","E","$","R","BOSS","M","M","$","?","?","E","R","E","T","E","$","R","?","E","R","BOSS","BOSS","R","$","E","BOSS"],"items_purchased_type":["Potion","Relic"],"build_version":"2020-12-22","purchased_purges":3,"victory":true,"max_hp_per_floor":[68,68,68,68,68,68,68,68,68,68,68,68,68,68,68,68,68,68,68,68,68,68,68,68,68,68,68,68,68,68,68,68,68,68,68,68,68,78,78,78,78,78,78,78,78,78,78,78,78,78,78,78,78,78,78,78],"relic_stats":{"counters":[25,100],"Astrolabe":["LessonLearned","PathToVictory","SignatureMove"],"Yang":[259],"Juzu Bracelet":2,"Bag of Preparation":[22],"Letter Opener":[55],"Boot":[0],"Sundial":[104],"Gambling Chip":[61],"VioletLotus":[87],"Turnip":[2],"obtain_stats":[{"Astrolabe":17,"Oddly Smooth Stone":44,"Yang":9,"Juzu Bracelet":11,"Bag of Preparation":37,"Letter Opener":55,"Bottled Tornado":30,"Boot":48,"Du-Vu Doll":13,"Sundial":8,"Gambling Chip":0,"Molten Egg 2":40,"VioletLotus":34,"Turnip":42,"PureWater":0,"InkBottle":43,"Meat on the Bone":27},{"Astrolabe":10,"Oddly Smooth Stone":20,"Yang":6,"Juzu Bracelet":7,"Bag of Preparation":17,"Letter Opener":24,"Bottled Tornado":14,"Boot":21,"Du-Vu Doll":8,"Sundial":6,"Gambling Chip":0,"Molten Egg 2":18,"VioletLotus":15,"Turnip":19,"PureWater":0,"InkBottle":19,"Meat on the Bone":12},{"Astrolabe":39,"Oddly Smooth Stone":76,"Yang":27,"Juzu Bracelet":34,"Bag of Preparation":62,"Letter Opener":93,"Bottled Tornado":49,"Boot":80,"Du-Vu Doll":35,"Sundial":27,"Gambling Chip":0,"Molten Egg 2":67,"VioletLotus":56,"Turnip":70,"PureWater":0,"InkBottle":70,"Meat on the Bone":41}],"InkBottle":[30],"Meat on the Bone":12},"card_choices":[{"not_picked":["Indignation","ClearTheMind"],"picked":"InnerPeace","floor":1.0},{"not_picked":["ClearTheMind","Evaluate","Fasting2"],"picked":"SKIP","floor":2.0},{"not_picked":["BattleHymn","Study"],"picked":"CutThroughFate","floor":3.0},{"not_picked":["Wireheading","Sanctity"],"picked":"WheelKick","floor":4.0},{"not_picked":["FollowUp","CutThroughFate"],"picked":"EmptyFist","floor":7.0},{"not_picked":["DeceiveReality","EmptyFist","SpiritShield"],"picked":"SKIP","floor":8.0},{"not_picked":["Collect","Indignation"],"picked":"Scrawl","floor":11.0},{"not_picked":["Vengeance","BowlingBash"],"picked":"Blasphemy","floor":13.0},{"not_picked":["EmptyBody","FlyingSleeves","Protect"],"picked":"SKIP","floor":14.0},{"not_picked":["Blasphemy","SpiritShield"],"picked":"DeusExMachina","floor":16.0},{"not_picked":["EmptyFist","EmptyBody","DeceiveReality"],"picked":"SKIP","floor":18.0},{"not_picked":["Prostrate","Blasphemy"],"picked":"Vault","floor":27.0},{"not_picked":["ForeignInfluence","FollowUp","Vengeance"],"picked":"SKIP","floor":29.0},{"not_picked":["Swivel","WindmillStrike","Crescendo"],"picked":"SKIP","floor":30.0},{"not_picked":["FlurryOfBlows","Perseverance+1","Study"],"picked":"SKIP","floor":35.0},{"not_picked":["FlurryOfBlows","Perseverance+1"],"picked":"Study","floor":35.0},{"not_picked":["FollowUp","SashWhip+1","Crescendo"],"picked":"SKIP","floor":36.0},{"not_picked":["Weave+1","BattleHymn+1","MentalFortress"],"picked":"SKIP","floor":40.0},{"not_picked":["LikeWater","FlyingSleeves+1","Prostrate"],"picked":"SKIP","floor":42.0},{"not_picked":["Study","ConjureBlade","EmptyFist+1"],"picked":"SKIP","floor":44.0},{"not_picked":["LikeWater+1","Swivel","ClearTheMind"],"picked":"SKIP","floor":48.0},{"not_picked":["Consecrate+1","Prostrate","Devotion"],"picked":"SKIP","floor":55}],"player_experience":1637402,"relics_obtained":[{"floor":8.0,"key":"Sundial"},{"floor":9.0,"key":"Yang"},{"floor":11.0,"key":"Juzu Bracelet"},{"floor":13.0,"key":"Du-Vu Doll"},{"floor":27.0,"key":"Meat on the Bone"},{"floor":30.0,"key":"Bottled Tornado"},{"floor":40.0,"key":"Molten Egg 2"},{"floor":42.0,"key":"Turnip"},{"floor":43.0,"key":"InkBottle"},{"floor":44.0,"key":"Oddly Smooth Stone"},{"floor":48.0,"key":"Boot"},{"floor":55,"key":"Letter Opener"}],"event_choices":[{"damage_healed":0.0,"max_hp_gain":0.0,"max_hp_loss":0.0,"gold_gain":0.0,"event_name":"Liars Game","player_choice":"Ignored","floor":5.0,"gold_loss":0.0,"damage_taken":0.0},{"cards_removed":["Strike_P"],"damage_healed":0.0,"max_hp_gain":0.0,"max_hp_loss":0.0,"gold_gain":0.0,"event_name":"Beggar","player_choice":"Gave Gold","floor":19.0,"gold_loss":75.0,"damage_taken":0.0},{"damage_healed":0.0,"max_hp_gain":0.0,"max_hp_loss":0.0,"gold_gain":0.0,"event_name":"The Library","player_choice":"Read","floor":21.0,"gold_loss":0.0,"damage_taken":0.0,"cards_obtained":["MentalFortress"]},{"damage_healed":0.0,"max_hp_gain":0.0,"max_hp_loss":0.0,"gold_gain":0.0,"cards_transformed":["SignatureMove"],"event_name":"Transmorgrifier","player_choice":"Transformed","floor":22.0,"gold_loss":0.0,"damage_taken":0.0,"cards_obtained":["MentalFortress"]},{"cards_removed":["Defend_P"],"damage_healed":0.0,"max_hp_gain":0.0,"max_hp_loss":0.0,"gold_gain":0.0,"event_name":"Purifier","player_choice":"Purged","floor":24.0,"gold_loss":0.0,"damage_taken":0.0},{"cards_removed":["Blasphemy"],"damage_healed":23.0,"max_hp_gain":10.0,"max_hp_loss":0.0,"gold_gain":0.0,"event_name":"Bonfire Elementals","player_choice":"Offered Rare","floor":38.0,"gold_loss":0.0,"damage_taken":0.0},{"damage_healed":0.0,"max_hp_gain":0.0,"max_hp_loss":0.0,"gold_gain":0.0,"event_name":"Accursed Blacksmith","player_choice":"Ignored","floor":47.0,"gold_loss":0.0,"damage_taken":0.0}],"is_beta":false,"boss_relics":[{"not_picked":["SacredBark","Cursed Key"],"picked":"Astrolabe"},{"not_picked":["Pandora\u0027s Box","Runic Dome"],"picked":"VioletLotus"}],"items_purged_floors":[20,31,54],"is_endless":false,"potions_floor_spawned":[1,2,8,13,16,30,33,44,48,55],"ascension_level":20}}