{"host":"owox7x4ngjt9htcc","time":1612419109,"event":{"mods":["BaseMod","Colored Map","DeckTracker","Keyboard Shortcuts","Minty Spire (QoL Compilation)","SuperFastMode"],"gold_per_floor":[144,189,234,279,29,29,304,349,349,394,439,484,529,1,1,301,301,346,391,62,62,107,197,197,287,337,337,382,427,472,517,517,817,817,862,907,311,311,61,151,151,196,196,46,0,90,135,180,180,180],"floor_reached":51,"language":"KOR","playtime":1700,"items_purged":["Warcry"],"score":872,"play_id":"3f1effac-cbb3-41a5-8bbb-d59022aa24c9","local_time":"20210204151149","daily_mods":["Insanity","Red Cards","Midas"],"is_ascension_mode":false,"campfire_choices":[{"floor":6,"key":"REST"},{"floor":15,"key":"REST"},{"floor":24,"key":"REST"},{"floor":27,"key":"REST"},{"floor":32,"key":"REST"},{"floor":49,"key":"REST"}],"circlet_count":0,"master_deck":["Stack","Flex","Shrug It Off","Fire Breathing","Rip and Tear","Havoc","Bloodletting","Disarm","Anger","Flex","Barrage","Warcry","Barrage","Go for the Eyes","Dual Wield","Leap","Blood for Blood","Metallicize","Shrug It Off","Flame Barrier","Shrug It Off","Reckless Charge+1","Conserve Battery","Clothesline","Clothesline","Barrage","Wild Strike","Genetic Algorithm","Shrug It Off","Hologram","Cleave+1","Cold Snap","Force Field","Loop","Scrape","Whirlwind","Undo","Chaos","Chaos","Warcry","Ball Lightning","Heavy Blade","Clash","Double Energy","Warcry","Havoc","Armaments","Leap","Compile Driver","Coolheaded","Capacitor","Feel No Pain","Core Surge","Capacitor","Havoc+1","Turbo","Coolheaded+1","True Grit","Leap+1","Echo Form","Defragment","Buffer","Echo Form","Conserve Battery+1","Juggernaut"],"relics":["Cracked Core","Eternal Feather","Gremlin Horn","Whetstone","HandDrill","Akabeko","Empty Cage","Shuriken","Cables","Orichalcum","Happy Flower","Nuclear Battery","Anchor","Strange Spoon","Regal Pillow","Blue Candle","Bronze Scales","Ornamental Fan","DollysMirror","Red Mask","InkBottle"],"acts_visited":["Exordium","TheCity","TheBeyond"],"potions_floor_usage":[23,33,50,50,50],"damage_taken":[{"damage":0,"enemies":"Small Slimes","floor":1,"turns":2},{"damage":1,"enemies":"Cultist","floor":2,"turns":3},{"damage":0,"enemies":"2 Louse","floor":3,"turns":2},{"damage":8,"enemies":"Exordium Thugs","floor":4,"turns":4},{"damage":8,"enemies":"Looter","floor":8,"turns":2},{"damage":7,"enemies":"Large Slime","floor":10,"turns":4},{"damage":0,"enemies":"Exordium Wildlife","floor":11,"turns":2},{"damage":0,"enemies":"3 Louse","floor":12,"turns":1},{"damage":1,"enemies":"Large Slime","floor":13,"turns":5},{"damage":36,"enemies":"Hexaghost","floor":16,"turns":11},{"damage":0,"enemies":"Shell Parasite","floor":18,"turns":5},{"damage":8,"enemies":"3 Byrds","floor":19,"turns":4},{"damage":12,"enemies":"Snake Plant","floor":22,"turns":6},{"damage":51,"enemies":"Slavers","floor":23,"turns":9},{"damage":40,"enemies":"Book of Stabbing","floor":25,"turns":7},{"damage":33,"enemies":"Sentry and Sphere","floor":28,"turns":5},{"damage":7,"enemies":"Chosen and Byrds","floor":29,"turns":6},{"damage":12,"enemies":"Shelled Parasite and Fungi","floor":30,"turns":5},{"damage":5,"enemies":"Snake Plant","floor":31,"turns":3},{"damage":40,"enemies":"Collector","floor":33,"turns":14},{"damage":2,"enemies":"Orb Walker","floor":35,"turns":4},{"damage":1,"enemies":"3 Shapes","floor":36,"turns":6},{"damage":24,"enemies":"Reptomancer","floor":40,"turns":9},{"damage":0,"enemies":"Jaw Worm Horde","floor":42,"turns":5},{"damage":2,"enemies":"Nemesis","floor":46,"turns":9},{"damage":1,"enemies":"Sphere and 2 Shapes","floor":47,"turns":5},{"damage":3,"enemies":"Spire Growth","floor":48,"turns":4},{"damage":27,"enemies":"Time Eater","floor":50,"turns":9}],"seed_played":"2514053361250750194","potions_obtained":[{"floor":4,"key":"Weak Potion"},{"floor":11,"key":"ColorlessPotion"},{"floor":12,"key":"Explosive Potion"},{"floor":18,"key":"FocusPotion"},{"floor":25,"key":"SkillPotion"},{"floor":28,"key":"CultistPotion"},{"floor":35,"key":"Block Potion"}],"is_trial":false,"path_per_floor":["M","M","M","M","$","R","?","M","T","M","M","M","M","$","R","B",null,"M","M","$","?","M","E","R","E","T","R","M","M","M","M","R","B",null,"M","M","$","?","$","E","?","M","T","$","?","E","M","M","R","B",null],"character_chosen":"DEFECT","items_purchased":["Eternal Feather","Whetstone","HandDrill","Feel No Pain","Akabeko","Shuriken","Capacitor","Defragment","Anchor","Strange Spoon","Regal Pillow","Blue Candle","DollysMirror"],"campfire_rested":6,"item_purchase_floors":[5,14,14,14,14,20,20,37,37,37,37,39,44],"current_hp_per_floor":[75,74,74,66,66,75,75,67,67,60,60,60,59,59,75,39,75,75,67,67,75,63,12,67,27,27,75,42,35,23,18,75,35,75,73,72,72,72,72,48,48,48,48,48,48,46,45,42,75,48],"gold":180,"neow_bonus":"","is_daily":true,"chose_seed":false,"campfire_upgraded":0,"win_rate":0.0,"timestamp":1612419109,"path_taken":["M","M","M","M","$","R","?","M","T","M","?","M","?","$","R","BOSS","M","M","$","?","M","E","R","E","T","R","M","?","M","M","R","BOSS","M","M","$","?","?","E","?","M","T","$","?","E","?","M","R","BOSS"],"items_purchased_type":["Relic","Relic","Relic","Card","Relic","Relic","Card","Card","Relic","Relic","Relic","Relic","Relic"],"build_version":"2020-12-22","purchased_purges":1,"victory":true,"max_hp_per_floor":[75,75,75,75,75,75,75,75,75,75,75,75,75,75,75,75,75,75,75,75,75,75,75,75,75,75,75,75,75,75,75,75,75,75,75,75,75,75,75,75,75,75,75,75,75,75,75,75,75,75],"card_choices":[{"not_picked":["Rebound","Barrage"],"picked":"Havoc","floor":1},{"not_picked":["Wild Strike","Heavy Blade","Thunderclap"],"picked":"SKIP","floor":2},{"not_picked":["Sweeping Beam","Stack"],"picked":"Armaments","floor":3},{"not_picked":["Dual Wield","Searing Blow","True Grit"],"picked":"SKIP","floor":4},{"not_picked":["Anger","Redo","Double Tap"],"picked":"SKIP","floor":8},{"not_picked":["Wild Strike","Headbutt"],"picked":"Leap","floor":10},{"not_picked":["Streamline","Clothesline"],"picked":"Compile Driver","floor":11},{"not_picked":["Iron Wave","Hologram"],"picked":"Coolheaded","floor":12},{"not_picked":["Heavy Blade","Self Repair"],"picked":"Capacitor","floor":13},{"not_picked":["Impervious","Reaper"],"picked":"Core Surge","floor":16},{"not_picked":["Steam","Tempest","Warcry"],"picked":"SKIP","floor":18},{"not_picked":["Scrape","Perfected Strike","Flex"],"picked":"SKIP","floor":19},{"not_picked":["Melter+1","Sweeping Beam","Anger+1"],"picked":"SKIP","floor":22},{"not_picked":["Beam Cell+1","Clash","Twin Strike"],"picked":"SKIP","floor":23},{"not_picked":["Coolheaded","Sever Soul+1"],"picked":"Havoc+1","floor":25},{"not_picked":["Coolheaded","Clash"],"picked":"Turbo","floor":28},{"not_picked":["Metallicize","Hello World"],"picked":"Coolheaded+1","floor":29},{"not_picked":["Twin Strike","Perfected Strike"],"picked":"True Grit","floor":30},{"not_picked":["Go for the Eyes+1","Cold Snap"],"picked":"Leap+1","floor":31},{"not_picked":["Feed","Immolate"],"picked":"Echo Form","floor":33},{"not_picked":["Thunderclap","Wild Strike","Body Slam"],"picked":"SKIP","floor":35},{"not_picked":["Heavy Blade+1","Combust","Sword Boomerang+1"],"picked":"SKIP","floor":36},{"not_picked":["Streamline+1","Power Through+1"],"picked":"Buffer","floor":40},{"not_picked":["Pommel Strike","Headbutt+1","Anger+1"],"picked":"SKIP","floor":42},{"not_picked":["Gash+1","Chill"],"picked":"Conserve Battery+1","floor":46},{"not_picked":["Flex+1","Turbo"],"picked":"Juggernaut","floor":47},{"not_picked":["Spot Weakness+1","Perfected Strike+1","Blood for Blood"],"picked":"SKIP","floor":48}],"player_experience":909870,"relics_obtained":[{"floor":9,"key":"Gremlin Horn"},{"floor":23,"key":"Cables"},{"floor":25,"key":"Orichalcum"},{"floor":26,"key":"Happy Flower"},{"floor":40,"key":"Bronze Scales"},{"floor":43,"key":"Ornamental Fan"},{"floor":46,"key":"InkBottle"}],"event_choices":[{"damage_healed":0,"gold_gain":275,"player_choice":"Desecrate","damage_taken":0,"max_hp_gain":0,"max_hp_loss":0,"event_name":"Golden Shrine","floor":7,"gold_loss":0,"cards_obtained":["Regret"]},{"cards_removed":["Tempest"],"damage_healed":8,"gold_gain":0,"player_choice":"Offered Uncommon","damage_taken":0,"max_hp_gain":0,"max_hp_loss":0,"event_name":"Bonfire Elementals","floor":21,"gold_loss":0},{"cards_removed":["Steam"],"damage_healed":0,"gold_gain":0,"player_choice":"Card Removal","damage_taken":0,"max_hp_gain":0,"max_hp_loss":0,"event_name":"Wheel of Change","floor":38,"gold_loss":0},{"cards_removed":["Gash"],"damage_healed":0,"gold_gain":0,"player_choice":"Removed Attack","damage_taken":0,"max_hp_gain":0,"max_hp_loss":0,"event_name":"Falling","floor":41,"gold_loss":0},{"damage_healed":0,"gold_gain":0,"player_choice":"Paid","damage_taken":0,"relics_obtained":["Red Mask"],"max_hp_gain":0,"max_hp_loss":0,"event_name":"Tomb of Lord Red Mask","floor":45,"gold_loss":46}],"is_beta":false,"boss_relics":[{"not_picked":["Philosopher\u0027s Stone","Runic Dome"],"picked":"Empty Cage"},{"not_picked":["Sozu","SacredBark"],"picked":"Nuclear Battery"}],"items_purged_floors":[37],"is_endless":false,"potions_floor_spawned":[4,11,12,16,18,22,25,28,30,35,36,48],"ascension_level":0}}