{"host":"dhlnk6yox2l1s6up","time":1612452617,"event":{"mods":["BaseMod","Bestiary","Colored Map","Highlight Path","Minty Spire (QoL Compilation)","Relic Stats","StSLib"],"gold_per_floor":[111,111,129,129,143,168,168,193,219,219,230,243,258,258,258,363,363,377,360,374,374,374],"floor_reached":21,"language":"ENG","playtime":1506,"items_purged":[],"score":290,"play_id":"4f0705b6-1215-4f64-a2ff-a172578d3aaf","local_time":"20210204093017","is_ascension_mode":true,"campfire_choices":[{"data":"Recycle","floor":7,"key":"SMITH"},{"floor":10,"key":"REST"},{"data":"Chaos","floor":15,"key":"SMITH"}],"circlet_count":0,"master_deck":["AscendersBane","Strike_B","Strike_B","Strike_B","Defend_B","Defend_B","Defend_B","Defend_B","Zap","Dualcast","Rip and Tear+1","Coolheaded","Rainbow","Undo","Recycle+1","Chaos+1","Go for the Eyes","Beam Cell","Compile Driver","Self Repair","Fission","Coolheaded","Compile Driver+1","Coolheaded"],"relics":["Cracked Core","NeowsBlessing","Bag of Preparation","Dream Catcher","DataDisk","GremlinMask","Inserter"],"acts_visited":["Exordium","TheCity"],"potions_floor_usage":[6,12,18,18,20],"damage_taken":[{"damage":0,"enemies":"Small Slimes","floor":1,"turns":1},{"damage":0,"enemies":"Jaw Worm","floor":3,"turns":1},{"damage":0,"enemies":"Cultist","floor":5,"turns":1},{"damage":21,"enemies":"Lagavulin","floor":6,"turns":9},{"damage":22,"enemies":"3 Sentries","floor":8,"turns":7},{"damage":5,"enemies":"Exordium Wildlife","floor":11,"turns":4},{"damage":2,"enemies":"Gremlin Gang","floor":12,"turns":4},{"damage":3,"enemies":"2 Fungi Beasts","floor":13,"turns":3},{"damage":25,"enemies":"Slime Boss","floor":16,"turns":8},{"damage":13,"enemies":"3 Byrds","floor":18,"turns":5},{"damage":17,"enemies":"2 Thieves","floor":19,"turns":4},{"damage":16,"enemies":"Snecko","floor":20,"turns":6},{"damage":10,"enemies":"Shelled Parasite and Fungi","floor":21,"turns":2}],"seed_played":"-1969763646839645408","potions_obtained":[{"floor":5,"key":"CultistPotion"},{"floor":11,"key":"Block Potion"},{"floor":12,"key":"BlessingOfTheForge"},{"floor":16,"key":"Energy Potion"},{"floor":19,"key":"Swift Potion"},{"floor":20,"key":"GamblersBrew"}],"is_trial":false,"path_per_floor":["M","?","M","?","M","E","R","E","T","R","M","M","M","?","R","B",null,"M","M","M","M"],"character_chosen":"DEFECT","items_purchased":[],"campfire_rested":1,"item_purchase_floors":[],"current_hp_per_floor":[68,68,68,68,68,47,47,25,25,47,42,40,37,37,37,19,61,55,45,36,26,26],"gold":374,"neow_bonus":"THREE_ENEMY_KILL","is_daily":false,"chose_seed":false,"campfire_upgraded":2,"win_rate":0.0,"timestamp":1612452617,"path_taken":["M","?","M","?","?","E","R","E","T","R","M","M","M","?","R","BOSS","M","M","M","?"],"items_purchased_type":[],"build_version":"2020-12-22","purchased_purges":0,"victory":false,"max_hp_per_floor":[75,75,75,75,75,75,75,75,75,75,75,75,75,75,75,75,75,75,75,75,75,75],"relic_stats":{"Dream Catcher":1,"Inserter":[8],"counters":[13,55],"Bag of Preparation":[18],"obtain_stats":[{"Dream Catcher":8,"DataDisk":9,"Inserter":17,"NeowsBlessing":0,"GremlinMask":14,"Bag of Preparation":6,"Cracked Core":0},{"Dream Catcher":5,"DataDisk":5,"Inserter":9,"NeowsBlessing":0,"GremlinMask":8,"Bag of Preparation":4,"Cracked Core":0},{"Dream Catcher":19,"DataDisk":19,"Inserter":38,"NeowsBlessing":0,"GremlinMask":30,"Bag of Preparation":12,"Cracked Core":0}]},"card_choices":[{"not_picked":["Turbo","Hologram"],"picked":"Rip and Tear","floor":1},{"not_picked":["Steam","Multi-Cast"],"picked":"Coolheaded","floor":3},{"not_picked":["Hello World","Redo"],"picked":"Undo","floor":5},{"not_picked":["Rebound","Hyperbeam"],"picked":"Recycle","floor":6},{"not_picked":["Heatsinks","Barrage"],"picked":"Chaos","floor":8},{"not_picked":["Double Energy","Steam"],"picked":"Go for the Eyes","floor":10},{"not_picked":["Stack","Sweeping Beam"],"picked":"Beam Cell","floor":11},{"not_picked":["Recycle","Streamline"],"picked":"Compile Driver","floor":12},{"not_picked":["Rebound","Streamline"],"picked":"Self Repair","floor":13},{"not_picked":["Hyperbeam","Thunder Strike"],"picked":"Fission","floor":16},{"not_picked":["Stack","Double Energy"],"picked":"Coolheaded","floor":18},{"not_picked":["Heatsinks+1","Leap"],"picked":"Compile Driver+1","floor":19},{"not_picked":["Reinforced Body","Capacitor+1"],"picked":"Coolheaded","floor":20}],"player_experience":6105844,"relics_obtained":[{"floor":6,"key":"Bag of Preparation"},{"floor":8,"key":"Dream Catcher"},{"floor":9,"key":"DataDisk"}],"event_choices":[{"damage_healed":0,"gold_gain":0,"player_choice":"Grow","damage_taken":0,"max_hp_gain":0,"max_hp_loss":0,"event_name":"Living Wall","floor":2,"gold_loss":0,"cards_upgraded":["Rip and Tear"]},{"damage_healed":0,"gold_gain":0,"cards_transformed":["Strike_B"],"player_choice":"Transformed","damage_taken":0,"max_hp_gain":0,"max_hp_loss":0,"event_name":"Transmorgrifier","floor":4,"gold_loss":0,"cards_obtained":["Rainbow"]},{"damage_healed":0,"gold_gain":0,"player_choice":"Trade","damage_taken":0,"relics_obtained":["GremlinMask"],"max_hp_gain":0,"max_hp_loss":0,"event_name":"FaceTrader","floor":14,"gold_loss":0}],"is_beta":false,"boss_relics":[{"not_picked":["Velvet Choker","Tiny House"],"picked":"Inserter"}],"items_purged_floors":[],"is_endless":false,"potions_floor_spawned":[5,11,12,16,19,20],"killed_by":"Shelled Parasite and Fungi","ascension_level":10}}