{"host":"bi4xrs8tqq9xpuhm","time":1612415983,"event":{"mods":["AchievementEnabler","BaseMod","Colored Map","Colored Powertips","Highlight Path","Minty Spire (QoL Compilation)","Relic Stats"],"gold_per_floor":[111,386,13,113,113,113,143,155,155,169,201,218,231,264,264,364,364,377,86,102,121,137,137,150,150,174,185,185,215,215,547,547,644,644,662,662,712,732,743,769,769,779,779,779,791,824,840,872,872,872,872,872,127,157,157,157],"floor_reached":55,"language":"ENG","playtime":3763,"items_purged":["Strike_R","Regret","Exhume"],"score":1074,"play_id":"2478ab3f-e7a6-43cf-8e8c-daf9bf4a0b3a","local_time":"20210204001943","is_ascension_mode":true,"campfire_choices":[{"data":"Iron Wave","floor":6,"key":"SMITH"},{"floor":15,"key":"REST"},{"data":"Juggernaut","floor":23,"key":"SMITH"},{"data":"Spot Weakness","floor":25,"key":"SMITH"},{"floor":28,"key":"REST"},{"data":"Body Slam","floor":30,"key":"SMITH"},{"data":"Battle Trance","floor":32,"key":"SMITH"},{"data":"Pommel Strike","floor":41,"key":"SMITH"},{"data":"Flame Barrier","floor":44,"key":"SMITH"},{"floor":49,"key":"RECALL"},{"data":"Anger","floor":52,"key":"SMITH"}],"circlet_count":0,"master_deck":["Strike_R","Strike_R","Strike_R","Strike_R","Defend_R","Defend_R","Defend_R","Bash","Iron Wave+1","Cleave","Pommel Strike+1","Spot Weakness+1","Flame Barrier+1","Anger+1","Body Slam+1","Juggernaut+1","Battle Trance+1","Iron Wave+1","Anger+1","Pommel Strike+1","Twin Strike+1","Combust","Pommel Strike+1","Heavy Blade+1","Armaments+1","Pommel Strike+1","Metallicize+1","Ghostly Armor+1","Entrench","Limit Break","Headbutt","Warcry+1"],"relics":["Burning Blood","CaptainsWheel","StoneCalendar","Magic Flower","Incense Burner","Vajra","Busted Crown","Happy Flower","Pen Nib","Thread and Needle","Old Coin","SlaversCollar","Calipers","Pantograph","Peace Pipe","Nunchaku","Toolbox","Anchor","Pear"],"acts_visited":["Exordium","TheCity","TheBeyond","TheEnding"],"potions_floor_usage":[11,12,16,16,29,33,39,45,45,50,54,55,55,55],"damage_taken":[{"damage":7,"enemies":"Jaw Worm","floor":1,"turns":3},{"damage":38,"enemies":"Gremlin Nob","floor":7,"turns":5},{"damage":4,"enemies":"Cultist","floor":8,"turns":5},{"damage":9,"enemies":"2 Louse","floor":10,"turns":2},{"damage":56,"enemies":"Lagavulin","floor":11,"turns":7},{"damage":7,"enemies":"Looter","floor":12,"turns":3},{"damage":4,"enemies":"2 Fungi Beasts","floor":13,"turns":4},{"damage":35,"enemies":"Gremlin Nob","floor":14,"turns":5},{"damage":39,"enemies":"Slime Boss","floor":16,"turns":7},{"damage":5,"enemies":"Chosen","floor":18,"turns":3},{"damage":19,"enemies":"2 Thieves","floor":20,"turns":4},{"damage":16,"enemies":"Snake Plant","floor":21,"turns":3},{"damage":12,"enemies":"Centurion and Healer","floor":22,"turns":5},{"damage":33,"enemies":"Cultist and Chosen","floor":24,"turns":5},{"damage":7,"enemies":"Snake Plant","floor":27,"turns":3},{"damage":21,"enemies":"Book of Stabbing","floor":29,"turns":4},{"damage":3,"enemies":"Gremlin Leader","floor":31,"turns":5},{"damage":6,"enemies":"Collector","floor":33,"turns":5},{"damage":0,"enemies":"Orb Walker","floor":35,"turns":2},{"damage":0,"enemies":"Mind Bloom Boss Battle","floor":37,"turns":4},{"damage":0,"enemies":"3 Shapes","floor":38,"turns":2},{"damage":0,"enemies":"Transient","floor":39,"turns":5},{"damage":31,"enemies":"Giant Head","floor":40,"turns":6},{"damage":29,"enemies":"Jaw Worm Horde","floor":42,"turns":3},{"damage":17,"enemies":"Writhing Mass","floor":45,"turns":4},{"damage":21,"enemies":"Reptomancer","floor":46,"turns":5},{"damage":3,"enemies":"Sphere and 2 Shapes","floor":47,"turns":3},{"damage":0,"enemies":"Nemesis","floor":48,"turns":3},{"damage":10,"enemies":"Awakened One","floor":50,"turns":7},{"damage":0,"enemies":"Shield and Spear","floor":54,"turns":6},{"damage":98,"enemies":"The Heart","floor":55,"turns":6}],"seed_played":"-991410085280423638","potions_obtained":[{"floor":8,"key":"Regen Potion"},{"floor":11,"key":"SteroidPotion"},{"floor":12,"key":"BloodPotion"},{"floor":14,"key":"SkillPotion"},{"floor":27,"key":"Swift Potion"},{"floor":29,"key":"Fire Potion"},{"floor":31,"key":"CultistPotion"},{"floor":33,"key":"SneckoOil"},{"floor":38,"key":"BloodPotion"},{"floor":46,"key":"Swift Potion"},{"floor":48,"key":"Explosive Potion"},{"floor":54,"key":"PowerPotion"}],"is_trial":false,"path_per_floor":["M","?","$","?","$","R","E","M","T","M","E","M","M","E","R","B",null,"M","$","M","M","M","R","M","R","T","M","R","E","R","E","R","B",null,"M","?","?","M","M","E","R","M","T","R","M","E","M","E","R","B",null,"R","$","E","B"],"character_chosen":"IRONCLAD","items_purchased":["CaptainsWheel","Happy Flower","Battle Trance","Toolbox","Anchor","Entrench","Limit Break","Explosive Potion","FearPotion","Headbutt"],"campfire_rested":2,"item_purchase_floors":[3,19,19,53,53,53,53,53,53,53],"current_hp_per_floor":[87,87,87,87,87,87,55,57,57,57,34,53,58,32,58,28,88,88,88,78,71,68,68,44,44,44,46,72,60,60,66,66,69,88,88,88,88,88,88,66,66,46,46,46,64,52,58,67,67,87,88,88,88,98,0,0],"gold":157,"neow_bonus":"TEN_PERCENT_HP_BONUS","is_daily":false,"chose_seed":false,"campfire_upgraded":8,"win_rate":0.0,"timestamp":1612415983,"path_taken":["M","?","?","?","$","R","E","M","T","M","E","M","?","E","R","BOSS","M","$","M","M","M","R","M","R","T","M","R","E","R","E","R","BOSS","M","?","?","M","M","E","R","M","T","R","M","E","M","E","R","BOSS","R","$","E","BOSS"],"items_purchased_type":["Relic","Relic","Card","Relic","Relic","Card","Card","Potion","Potion","Card"],"build_version":"2020-12-22","purchased_purges":3,"victory":false,"max_hp_per_floor":[88,88,88,88,88,88,88,88,88,88,88,88,88,88,88,88,88,88,88,88,88,88,88,88,88,88,88,88,88,88,88,88,88,88,88,88,88,88,88,88,88,88,88,88,88,88,88,88,88,88,88,88,88,98,98,98],"relic_stats":{"Peace Pipe":0,"Nunchaku":[6],"Busted Crown":40,"Happy Flower":[30],"counters":[31,134],"Pantograph":21,"Magic Flower":[81],"StoneCalendar":[129],"Pen Nib":[22],"obtain_stats":[{"Calipers":37,"Pear":54,"Happy Flower":19,"Magic Flower":9,"Vajra":14,"StoneCalendar":7,"Thread and Needle":29,"Pen Nib":26,"Incense Burner":11,"Burning Blood":0,"Old Coin":31,"Peace Pipe":46,"SlaversCollar":34,"CaptainsWheel":3,"Nunchaku":48,"Anchor":53,"Busted Crown":17,"Pantograph":40,"Toolbox":53},{"Calipers":20,"Pear":30,"Happy Flower":10,"Magic Flower":3,"Vajra":8,"StoneCalendar":2,"Thread and Needle":16,"Pen Nib":14,"Incense Burner":5,"Burning Blood":0,"Old Coin":17,"Peace Pipe":26,"SlaversCollar":18,"CaptainsWheel":1,"Nunchaku":28,"Anchor":29,"Busted Crown":9,"Pantograph":23,"Toolbox":29},{"Calipers":84,"Pear":128,"Happy Flower":44,"Magic Flower":13,"Vajra":34,"StoneCalendar":8,"Thread and Needle":68,"Pen Nib":61,"Incense Burner":22,"Burning Blood":0,"Old Coin":73,"Peace Pipe":109,"SlaversCollar":78,"CaptainsWheel":3,"Nunchaku":115,"Anchor":122,"Busted Crown":41,"Pantograph":97,"Toolbox":122}],"Burning Blood":212},"card_choices":[{"not_picked":["Twin Strike","Anger"],"picked":"Iron Wave","floor":1},{"not_picked":["Anger","Wild Strike","Havoc"],"picked":"SKIP","floor":7},{"not_picked":["Warcry","Heavy Blade"],"picked":"Cleave","floor":8},{"not_picked":["Body Slam","Clash"],"picked":"Pommel Strike","floor":10},{"not_picked":["Rage","Barricade"],"picked":"Spot Weakness","floor":11},{"not_picked":["Second Wind","Sentinel"],"picked":"Flame Barrier","floor":12},{"not_picked":["Warcry","Spot Weakness"],"picked":"Anger","floor":13},{"not_picked":["Bludgeon","Cleave"],"picked":"Body Slam","floor":14},{"not_picked":["Bludgeon","Fiend Fire"],"picked":"Juggernaut","floor":16},{"not_picked":["Pommel Strike"],"picked":"SKIP","floor":18},{"not_picked":[],"picked":"Iron Wave+1","floor":20},{"not_picked":["Pommel Strike"],"picked":"SKIP","floor":21},{"not_picked":[],"picked":"Anger+1","floor":22},{"not_picked":[],"picked":"Pommel Strike+1","floor":24},{"not_picked":[],"picked":"Twin Strike+1","floor":27},{"not_picked":[],"picked":"Combust","floor":29},{"not_picked":[],"picked":"Pommel Strike+1","floor":31},{"not_picked":[],"picked":"Exhume","floor":33},{"not_picked":["Armaments+1"],"picked":"SKIP","floor":35},{"not_picked":[],"picked":"Heavy Blade+1","floor":37},{"not_picked":["Clothesline"],"picked":"SKIP","floor":38},{"not_picked":[],"picked":"Armaments+1","floor":39},{"not_picked":[],"picked":"Pommel Strike+1","floor":40},{"not_picked":["Sever Soul+1"],"picked":"SKIP","floor":42},{"not_picked":[],"picked":"Metallicize+1","floor":45},{"not_picked":["Twin Strike+1"],"picked":"SKIP","floor":46},{"not_picked":[],"picked":"Ghostly Armor+1","floor":47},{"not_picked":["Cleave"],"picked":"SKIP","floor":48},{"not_picked":[],"picked":"Warcry+1","floor":54}],"player_experience":102045,"relics_obtained":[{"floor":7,"key":"StoneCalendar"},{"floor":9,"key":"Magic Flower"},{"floor":11,"key":"Incense Burner"},{"floor":14,"key":"Vajra"},{"floor":26,"key":"Pen Nib"},{"floor":29,"key":"Thread and Needle"},{"floor":31,"key":"Old Coin"},{"floor":37,"key":"Calipers"},{"floor":40,"key":"Pantograph"},{"floor":46,"key":"Peace Pipe"},{"floor":48,"key":"Nunchaku"},{"floor":54,"key":"Pear"}],"event_choices":[{"damage_healed":0,"gold_gain":275,"player_choice":"Desecrate","damage_taken":0,"max_hp_gain":0,"max_hp_loss":0,"event_name":"Golden Shrine","floor":2,"gold_loss":0,"cards_obtained":["Regret"]},{"damage_healed":0,"gold_gain":100,"player_choice":"Gold","damage_taken":0,"max_hp_gain":0,"max_hp_loss":0,"event_name":"Wheel of Change","floor":4,"gold_loss":0},{"cards_removed":["Defend_R"],"damage_healed":0,"gold_gain":0,"player_choice":"Removed Skill","damage_taken":0,"max_hp_gain":0,"max_hp_loss":0,"event_name":"Falling","floor":36,"gold_loss":0},{"damage_healed":0,"gold_gain":0,"player_choice":"Fight","damage_taken":0,"max_hp_gain":0,"max_hp_loss":0,"event_name":"MindBloom","floor":37,"gold_loss":0}],"is_beta":false,"boss_relics":[{"not_picked":["Mark of Pain","Black Star"],"picked":"Busted Crown"},{"not_picked":["Cursed Key","Astrolabe"],"picked":"SlaversCollar"}],"items_purged_floors":[3,19,53],"is_endless":false,"potions_floor_spawned":[8,11,12,14,27,29,31,33,38,46,48,54],"killed_by":"The Heart","ascension_level":3}}