{"host":"e4udrxcgdvpx3wcj","time":1612464006,"event":{"mods":["Act Like it!","Aspiration","Astrologer","BaseMod","Gensokyo","Highlight Path","Infinite Spire","Koishi","Marisa????????","Minty Spire (QoL Compilation)","Replay The Spire","StSLib","SuperFastMode","The Bug Knight","The Construct","The Jungle","The Runesmith","The Servant 0.9.4","TheBandit"],"gold_per_floor":[116,126,138,182,182,182,142,142,166,198,212,241,241,251,251,325,325,335,250,268,285,300,300,319,330,330,330,330,330,330,330,356,370,370,370,370],"floor_reached":35,"language":"ENG","playtime":1685,"items_purged":[],"score":778,"play_id":"ee7c8b71-77e5-43da-8d73-9aadd8287afc","local_time":"20210204134006","is_ascension_mode":true,"campfire_choices":[{"data":"Barrier","floor":6.0,"key":"SMITH"},{"floor":8.0,"key":"REST"},{"data":"StarChef","floor":13.0,"key":"SMITH"},{"floor":23.0,"key":"REST"},{"floor":27,"key":"REST"},{"data":"InstantArmor","floor":31,"key":"SMITH"},{"data":"Solidify","floor":34,"key":"SMITH"}],"circlet_count":0,"master_deck":["AscendersBane","Strike_S+1","Strike_S+1","Strike_S+1","Strike_S+1","Defend_S+1","Defend_S","Defend_S","Defend_S","KidneyShot","Exchange","Spin","Ricochet","Sabotage","Barrier+1","InstantArmor+1","TimeWarp+1","SilverBlades+1","StarChef+1","Moonlight","Solidify+1","Starlight","TimeWarp+1","Shuttle","Gouge+1","BottledTime","Replace+1","SoulSculpture","TimeWarp+1"],"relics":["Uniform","Anchor","aspiration:StickyExplosives_weak","construct:WeddingRing","infinitespire:Joker Card","Replay:Bottled Eggs","Nloth\u0027s Gift","Broom"],"acts_visited":["Exordium","TheCity"],"potions_floor_usage":[24,24,35],"damage_taken":[{"damage":9.0,"enemies":"Cultist","floor":1.0,"turns":4.0},{"damage":9.0,"enemies":"2 Louse","floor":2.0,"turns":3.0},{"damage":9.0,"enemies":"Jaw Worm","floor":3.0,"turns":4.0},{"damage":0.0,"enemies":"Gremlin Nob","floor":10.0,"turns":4.0},{"damage":1.0,"enemies":"Exordium Thugs","floor":11.0,"turns":4.0},{"damage":0.0,"enemies":"Replay:BlueRogue","floor":12.0,"turns":14.0},{"damage":0.0,"enemies":"Blue Slaver","floor":14.0,"turns":3.0},{"damage":0.0,"enemies":"Hexaghost","floor":16.0,"turns":10.0},{"damage":3.0,"enemies":"Shell Parasite","floor":18.0,"turns":4.0},{"damage":0.0,"enemies":"Chosen","floor":20.0,"turns":4.0},{"damage":55.0,"enemies":"Sentry and Sphere","floor":21.0,"turns":10.0},{"damage":0.0,"enemies":"Snake Plant","floor":22.0,"turns":4.0},{"damage":7,"enemies":"Shelled Parasite and Fungi","floor":24,"turns":2},{"damage":15,"enemies":"3 Cultists","floor":25,"turns":5},{"damage":2,"enemies":"HollowMod:Nosk","floor":32,"turns":7},{"damage":0,"enemies":"Snake Plant","floor":33,"turns":4},{"damage":47,"enemies":"Automaton","floor":35,"turns":6}],"seed_played":"2581943532387439359","potions_obtained":[{"floor":1.0,"key":"Strength Potion"},{"floor":3.0,"key":"Energy Potion"},{"floor":11.0,"key":"SneckoOil"},{"floor":16.0,"key":"GamblersBrew"},{"floor":21.0,"key":"FearPotion"},{"floor":22.0,"key":"SteroidPotion"},{"floor":24,"key":"BlessingOfTheForge"},{"floor":33,"key":"Block Potion"}],"is_trial":false,"path_per_floor":["M","M","M","?","?","R","$","R","T","E","M","E","R","M","R","B",null,"M","?","M","M","M","R","M","M","T","R","PTL","PTL","?","R","E","M","R","B"],"character_chosen":"THE_SERVANT","items_purchased":["TimeWarp+1"],"campfire_rested":3,"item_purchase_floors":[7],"current_hp_per_floor":[51,42,33,12,12,12,12,31,31,31,30,30,30,30,49,49,62,59,59,59,4,4,23,16,1,1,20,20,20,20,20,18,18,18,0,0],"gold":370,"neow_bonus":"TEN_PERCENT_HP_BONUS","is_daily":false,"chose_seed":false,"campfire_upgraded":4,"win_rate":0.0,"timestamp":1612464006,"path_taken":["M","M","M","?","?","R","?","R","T","E","M","E","R","?","R","BOSS","M","?","M","M","M","R","M","M","T","R","PTL","PTL","?","R","E","?","R","BOSS"],"items_purchased_type":["Card"],"build_version":"2020-12-22","purchased_purges":0,"victory":false,"max_hp_per_floor":[66,66,66,66,66,66,66,66,66,66,66,66,66,66,66,66,66,66,66,66,66,66,66,66,66,66,66,66,66,66,66,66,66,66,66,66],"card_choices":[{"not_picked":["FastForward","Desolation"],"picked":"Spin","floor":1.0},{"not_picked":["Unruled","Starlight"],"picked":"Ricochet","floor":2.0},{"not_picked":["Rewind","BottledTime"],"picked":"Sabotage","floor":3.0},{"not_picked":["Alleviate","Ricochet"],"picked":"Barrier","floor":4.0},{"not_picked":["Defy","SpecialFormula"],"picked":"InstantArmor","floor":4.0},{"not_picked":["Deadline","Starlight"],"picked":"SilverBlades","floor":10.0},{"not_picked":["Unruled","Alleviate","Replace"],"picked":"SKIP","floor":11.0},{"not_picked":["Gouge","Defy"],"picked":"StarChef","floor":12.0},{"not_picked":["Starlight","Revamp"],"picked":"Moonlight","floor":14.0},{"not_picked":["KillingDoll","Initiator"],"picked":"Solidify","floor":16.0},{"not_picked":["Potential","Barrier"],"picked":"Starlight","floor":18.0},{"not_picked":["Alleviate","BottledTime"],"picked":"TimeWarp+1","floor":20.0},{"not_picked":["Deadline","Revamp"],"picked":"Shuttle","floor":21.0},{"not_picked":["SoulSculpture","Starlight"],"picked":"Gouge+1","floor":22.0},{"not_picked":["TimeWarp","Rewind"],"picked":"BottledTime","floor":24},{"not_picked":["FanOfKnives","Rearm"],"picked":"Replace+1","floor":25},{"not_picked":["Desolation","Read"],"picked":"SoulSculpture","floor":32},{"not_picked":["Starlight","Revamp"],"picked":"TimeWarp+1","floor":33}],"player_experience":2371487,"relics_obtained":[{"floor":4.0,"key":"Blue Candle"},{"floor":10.0,"key":"Anchor"},{"floor":12.0,"key":"aspiration:StickyExplosives_weak"},{"floor":26,"key":"Replay:Bottled Eggs"},{"floor":32,"key":"Broom"}],"event_choices":[{"damage_healed":0.0,"max_hp_gain":0.0,"max_hp_loss":0.0,"gold_gain":0.0,"event_name":"Addict","player_choice":"Obtained Relic","floor":19.0,"gold_loss":85.0,"damage_taken":0.0,"relics_obtained":["infinitespire:Joker Card"]},{"damage_healed":0,"gold_gain":0,"player_choice":"Traded Relic","damage_taken":0,"relics_obtained":["Nloth\u0027s Gift"],"max_hp_gain":0,"max_hp_loss":0,"event_name":"N\u0027loth","floor":30,"relics_lost":["Blue Candle"],"gold_loss":0}],"is_beta":false,"boss_relics":[{"not_picked":["Tiny House","Replay:Ancient Bell"],"picked":"construct:WeddingRing"}],"items_purged_floors":[],"is_endless":false,"potions_floor_spawned":[1,3,11,16,21,22,24,33],"killed_by":"Automaton","ascension_level":20}}