{"host":"e8rlfedn69rz2s07","time":1612452296,"event":{"mods":["AchievementEnabler","BaseMod","Minty Spire (QoL Compilation)","Permanent Neow","Relic Stats"],"gold_per_floor":[217,292,302,60,96,151,151,208,208,208,240,240,14,47,47,118,118,158,170,170,170,170],"floor_reached":21,"language":"ENG","playtime":930,"items_purged":["Strike_B"],"score":394,"play_id":"3fe7a46f-b1a2-4341-a34e-9b2146ebb335","local_time":"20210204172456","is_ascension_mode":true,"campfire_choices":[{"floor":7,"key":"REST"},{"floor":10,"key":"REST"},{"data":"Creative AI","floor":15,"key":"SMITH"}],"circlet_count":0,"master_deck":["AscendersBane","Strike_B","Strike_B","Strike_B","Defend_B","Defend_B","Defend_B","Defend_B","Zap","Dualcast","Coolheaded","Capacitor","HandOfGreed","Sunder","Creative AI+1","Barrage","Ball Lightning","Loop","Doom and Gloom","Multi-Cast","Loop","Capacitor","Glacier"],"relics":["Cracked Core","Lizard Tail","Incense Burner","Centennial Puzzle","Omamori","Philosopher\u0027s Stone"],"acts_visited":["Exordium","TheCity"],"potions_floor_usage":[6,6,8,16,18],"damage_taken":[{"damage":7,"enemies":"Jaw Worm","floor":1,"turns":4},{"damage":10,"enemies":"2 Louse","floor":3,"turns":3},{"damage":6,"enemies":"Cultist","floor":5,"turns":6},{"damage":13,"enemies":"Lagavulin","floor":6,"turns":9},{"damage":28,"enemies":"3 Sentries","floor":8,"turns":7},{"damage":48,"enemies":"Lagavulin","floor":11,"turns":10},{"damage":14,"enemies":"Exordium Wildlife","floor":14,"turns":4},{"damage":6,"enemies":"Hexaghost","floor":16,"turns":8},{"damage":6,"enemies":"3 Byrds","floor":18,"turns":6},{"damage":22,"enemies":"Spheric Guardian","floor":19,"turns":4},{"damage":29,"enemies":"Masked Bandits","floor":21,"turns":2}],"seed_played":"-4022197477360427124","potions_obtained":[{"floor":5,"key":"Block Potion"},{"floor":6,"key":"ColorlessPotion"},{"floor":11,"key":"BlessingOfTheForge"},{"floor":14,"key":"FocusPotion"},{"floor":16,"key":"SkillPotion"},{"floor":19,"key":"SpeedPotion"}],"is_trial":false,"path_per_floor":["M","?","M","$","M","E","R","E","T","R","E","T","$","M","R","B",null,"M","M","?","?"],"character_chosen":"DEFECT","items_purchased":["HandOfGreed","FocusPotion","Loop","Doom and Gloom"],"campfire_rested":2,"item_purchase_floors":[4,4,13,13],"current_hp_per_floor":[57,46,36,36,30,17,38,10,10,31,21,21,21,7,7,1,54,48,26,26,0,0],"gold":170,"neow_bonus":"HUNDRED_GOLD","is_daily":false,"chose_seed":false,"campfire_upgraded":1,"win_rate":0.0,"timestamp":1612452296,"path_taken":["M","?","M","$","M","E","R","E","T","R","E","?","?","M","R","BOSS","M","M","?","?"],"items_purchased_type":["Card","Potion","Card","Card"],"build_version":"2020-12-22","purchased_purges":1,"victory":false,"max_hp_per_floor":[71,71,71,71,71,71,71,71,71,71,71,71,71,71,71,71,71,71,71,71,71,71],"relic_stats":{"Lizard Tail":35,"Centennial Puzzle":[15],"counters":[11,63],"obtain_stats":[{"Lizard Tail":6,"Centennial Puzzle":11,"Philosopher\u0027s Stone":17,"Incense Burner":8,"Omamori":12,"Cracked Core":0},{"Lizard Tail":4,"Centennial Puzzle":6,"Philosopher\u0027s Stone":8,"Incense Burner":5,"Omamori":6,"Cracked Core":0},{"Lizard Tail":22,"Centennial Puzzle":39,"Philosopher\u0027s Stone":51,"Incense Burner":29,"Omamori":39,"Cracked Core":0}]},"card_choices":[{"not_picked":["Beam Cell","Redo"],"picked":"Coolheaded","floor":1},{"not_picked":["Coolheaded","Recycle"],"picked":"Capacitor","floor":3},{"not_picked":["Hologram","Coolheaded"],"picked":"Sunder","floor":5},{"not_picked":["Storm","Sweeping Beam"],"picked":"Creative AI","floor":6},{"not_picked":["Rip and Tear","Coolheaded"],"picked":"Barrage","floor":8},{"not_picked":["Double Energy","Skim"],"picked":"Ball Lightning","floor":11},{"not_picked":["Hologram","Ball Lightning","Steam"],"picked":"SKIP","floor":14},{"not_picked":["Meteor Strike","Reboot"],"picked":"Multi-Cast","floor":16},{"not_picked":["Turbo+1","Ball Lightning"],"picked":"Loop","floor":18},{"not_picked":["Turbo","Ball Lightning"],"picked":"Capacitor","floor":19}],"player_experience":1035359,"relics_obtained":[{"floor":6,"key":"Lizard Tail"},{"floor":8,"key":"Incense Burner"},{"floor":11,"key":"Centennial Puzzle"},{"floor":12,"key":"Omamori"}],"event_choices":[{"damage_healed":0,"gold_gain":75,"player_choice":"Gather Gold","damage_taken":11,"max_hp_gain":0,"max_hp_loss":0,"event_name":"World of Goop","floor":2,"gold_loss":0},{"damage_healed":0,"gold_gain":0,"player_choice":"Read","damage_taken":0,"max_hp_gain":0,"max_hp_loss":0,"event_name":"The Library","floor":20,"gold_loss":0,"cards_obtained":["Glacier"]},{"damage_healed":0,"gold_gain":0,"player_choice":"Fought Bandits","damage_taken":0,"max_hp_gain":0,"max_hp_loss":0,"event_name":"Masked Bandits","floor":21,"gold_loss":0}],"is_beta":false,"boss_relics":[{"not_picked":["Astrolabe","Busted Crown"],"picked":"Philosopher\u0027s Stone"}],"items_purged_floors":[13],"is_endless":false,"potions_floor_spawned":[5,6,11,14,16,19],"killed_by":"Masked Bandits","ascension_level":20}}