{"host":"aq3xpixvif6gmjmv","time":1612442225,"event":{"mods":["BaseMod","CapriCore","Colored Map","Colored Powertips","Friendly Minions","Minty Spire (QoL Compilation)","StSLib","SuperFastMode","The Hierophant"],"gold_per_floor":[109,109,109,125,125,150,183,183,183,213,138,168,68,93,93,188,188,199,216,235,43,43,88,100,138,196,248,288,335,385,397,409,532,544,566,578,40,56,56,88,118,153,153,180,105,124,150,178,178,178],"floor_reached":51,"language":"KOR","playtime":1653,"items_purged":["Decay","Defend_R","Shame","Strike_R+1"],"score":1371,"play_id":"7b604adc-9167-4380-bc01-5b1b5d329f8d","local_time":"20210204213705","daily_mods":["Vintage","Heirloom","Time Dilation","Flight","DeadlyEvents","Elite Swarm"],"is_ascension_mode":false,"campfire_choices":[{"data":"Offering","floor":8.0,"key":"SMITH"},{"data":"Bash","floor":15.0,"key":"SMITH"},{"data":"Shrug It Off","floor":24.0,"key":"SMITH"},{"data":"Double Tap","floor":32.0,"key":"SMITH"},{"data":"Offering","floor":49,"key":"SMITH"}],"circlet_count":0,"master_deck":["Strike_R+1","Defend_R","Bash+1","Offering+1","Immolate","Offering+1","Shrug It Off+1","Offering+1","Demon Form","Double Tap+1","Bludgeon"],"relics":["Black Blood","TungstenRod","Self Forming Clay","Pen Nib","MealTicket","Mango","Orichalcum","White Beast Statue","Meat on the Bone","The Courier","Empty Cage","Dream Catcher","Bronze Scales","Blue Candle","Membership Card","War Paint","MawBank","Lizard Tail","CeramicFish","Toy Ornithopter","Pantograph","Charon\u0027s Ashes","Centennial Puzzle","Champion Belt","PreservedInsect","Whetstone","Akabeko","Anchor","Pear","Mercury Hourglass","Bottled Flame","Omamori","Strawberry","Turnip","Happy Flower","Boot","Mummified Hand","Bag of Preparation","Prayer Wheel","Incense Burner"],"acts_visited":["Exordium","TheCity","TheBeyond"],"potions_floor_usage":[42,50],"damage_taken":[{"damage":0.0,"enemies":"Cultist","floor":1.0,"turns":4.0},{"damage":1.0,"enemies":"Small Slimes","floor":4.0,"turns":4.0},{"damage":35.0,"enemies":"3 Sentries","floor":6.0,"turns":13.0},{"damage":14.0,"enemies":"Gremlin Nob","floor":7.0,"turns":4.0},{"damage":22.0,"enemies":"3 Sentries","floor":10.0,"turns":9.0},{"damage":30.0,"enemies":"Lagavulin","floor":12.0,"turns":5.0},{"damage":7.0,"enemies":"3 Sentries","floor":14.0,"turns":3.0},{"damage":48.0,"enemies":"The Guardian","floor":16.0,"turns":11.0},{"damage":6.0,"enemies":"Spheric Guardian","floor":18.0,"turns":3.0},{"damage":8.0,"enemies":"Chosen","floor":19.0,"turns":2.0},{"damage":10.0,"enemies":"Snake Plant","floor":20.0,"turns":1.0},{"damage":16.0,"enemies":"Book of Stabbing","floor":23.0,"turns":2.0},{"damage":5.0,"enemies":"Slavers","floor":25.0,"turns":1.0},{"damage":10.0,"enemies":"Gremlin Leader","floor":27.0,"turns":3.0},{"damage":31.0,"enemies":"Book of Stabbing","floor":28.0,"turns":2.0},{"damage":20.0,"enemies":"Gremlin Leader","floor":29.0,"turns":2.0},{"damage":10.0,"enemies":"Slavers","floor":30.0,"turns":1.0},{"damage":15.0,"enemies":"Collector","floor":33.0,"turns":3.0},{"damage":7,"enemies":"3 Shapes","floor":35,"turns":2},{"damage":5,"enemies":"Orb Walker","floor":38,"turns":2},{"damage":10,"enemies":"Nemesis","floor":40,"turns":1},{"damage":18,"enemies":"Giant Head","floor":41,"turns":5},{"damage":10,"enemies":"Nemesis","floor":42,"turns":1},{"damage":10,"enemies":"Reptomancer","floor":44,"turns":1},{"damage":0,"enemies":"4 Shapes","floor":46,"turns":4},{"damage":15,"enemies":"Giant Head","floor":47,"turns":3},{"damage":10,"enemies":"Nemesis","floor":48,"turns":1},{"damage":117,"enemies":"Donu and Deca","floor":50,"turns":7}],"seed_played":"-561805908615403402","potions_obtained":[{"floor":1.0,"key":"BloodPotion"},{"floor":10.0,"key":"FearPotion"},{"floor":12.0,"key":"ColorlessPotion"},{"floor":16.0,"key":"PowerPotion"},{"floor":18.0,"key":"HeartOfIron"},{"floor":29.0,"key":"GamblersBrew"},{"floor":42,"key":"SkillPotion"}],"is_trial":true,"path_per_floor":["M","?","?","M","?","E","E","R","T","E","$","E","$","E","R","B",null,"M","M","M","$","?","E","R","E","T","E","E","E","E","$","R","B",null,"M","?","$","M","?","E","E","E","T","E","$","M","E","E","R","B",null],"character_chosen":"IRONCLAD","items_purchased":["Membership Card","Shrug It Off","War Paint","Whetstone","Akabeko","Anchor","Pear","Mercury Hourglass","Bottled Flame"],"campfire_rested":0,"item_purchase_floors":[21,21,21,37,37,37,37,37,37],"current_hp_per_floor":[80,80,80,80,80,51,57,57,57,41,56,32,47,58,58,28,94,94,92,88,94,94,84,84,85,85,81,56,54,62,77,77,85,94,94,94,104,104,104,111,105,111,111,111,111,111,108,110,110,45],"gold":178,"neow_bonus":"","is_daily":false,"chose_seed":false,"campfire_upgraded":5,"win_rate":0.0,"timestamp":1612442225,"path_taken":["M","?","?","?","?","E","E","R","T","E","$","E","$","E","R","BOSS","M","?","?","$","?","E","R","E","T","E","?","E","E","$","R","BOSS","M","?","$","?","?","E","E","E","T","E","$","?","E","?","R","BOSS"],"items_purchased_type":["Relic","Card","Relic","Relic","Relic","Relic","Relic","Relic","Relic"],"build_version":"2020-12-22","purchased_purges":4,"victory":true,"max_hp_per_floor":[80,80,80,80,80,80,94,94,94,94,94,94,94,94,94,94,94,94,94,94,94,94,94,94,94,94,94,94,94,94,94,94,94,94,94,94,104,104,104,111,111,111,111,111,111,111,111,111,111,111],"card_choices":[{"not_picked":["Impervious","Corruption","Brutality"],"picked":"SKIP","floor":6.0},{"not_picked":["Exhume","Reaper"],"picked":"Offering","floor":7.0},{"not_picked":["Offering","Fiend Fire"],"picked":"Immolate","floor":10.0},{"not_picked":["Impervious","Corruption"],"picked":"Offering","floor":12.0},{"not_picked":["Feed","Corruption","Offering"],"picked":"SKIP","floor":14.0},{"not_picked":["Juggernaut","Demon Form","Corruption"],"picked":"SKIP","floor":23.0},{"not_picked":["Corruption","Immolate","Impervious"],"picked":"SKIP","floor":25.0},{"not_picked":["Berserk","Brutality"],"picked":"Offering","floor":27.0},{"not_picked":["Berserk","Offering","Immolate"],"picked":"SKIP","floor":28.0},{"not_picked":["Immolate","Limit Break"],"picked":"Demon Form","floor":29.0},{"not_picked":["Offering","Reaper"],"picked":"Double Tap","floor":30.0},{"not_picked":["Immolate","Double Tap"],"picked":"Bludgeon","floor":33.0},{"not_picked":["Berserk","Impervious","Brutality"],"picked":"SKIP","floor":40},{"not_picked":["Barricade","Reaper","Brutality"],"picked":"SKIP","floor":41},{"not_picked":["Bludgeon","Exhume","Corruption"],"picked":"SKIP","floor":42},{"not_picked":["Immolate","Fiend Fire","Feed"],"picked":"SKIP","floor":44},{"not_picked":["Demon Form","Barricade","Limit Break"],"picked":"SKIP","floor":47},{"not_picked":["Barricade","Immolate","Impervious"],"picked":"SKIP","floor":48}],"player_experience":404068,"relics_obtained":[{"floor":1.0,"key":"Self Forming Clay"},{"floor":4.0,"key":"Pen Nib"},{"floor":6.0,"key":"MealTicket"},{"floor":7.0,"key":"Mango"},{"floor":9.0,"key":"Orichalcum"},{"floor":10.0,"key":"White Beast Statue"},{"floor":12.0,"key":"Meat on the Bone"},{"floor":14.0,"key":"The Courier"},{"floor":18.0,"key":"Dream Catcher"},{"floor":19.0,"key":"Bronze Scales"},{"floor":20.0,"key":"Blue Candle"},{"floor":23.0,"key":"Lizard Tail"},{"floor":25.0,"key":"CeramicFish"},{"floor":26.0,"key":"Toy Ornithopter"},{"floor":27.0,"key":"Pantograph"},{"floor":28.0,"key":"Charon\u0027s Ashes"},{"floor":29.0,"key":"Centennial Puzzle"},{"floor":30.0,"key":"Champion Belt"},{"floor":35,"key":"PreservedInsect"},{"floor":38,"key":"Omamori"},{"floor":40,"key":"Strawberry"},{"floor":41,"key":"Turnip"},{"floor":42,"key":"Happy Flower"},{"floor":43,"key":"Boot"},{"floor":44,"key":"Mummified Hand"},{"floor":46,"key":"Bag of Preparation"},{"floor":47,"key":"Prayer Wheel"},{"floor":48,"key":"Incense Burner"}],"event_choices":[{"cards_removed":["Strike_R"],"damage_healed":0.0,"max_hp_gain":0.0,"max_hp_loss":0.0,"gold_gain":0.0,"event_name":"Living Wall","player_choice":"Forget","floor":2.0,"gold_loss":0.0,"damage_taken":0.0},{"cards_removed":["Strike_R"],"damage_healed":0.0,"max_hp_gain":0.0,"max_hp_loss":0.0,"gold_gain":0.0,"event_name":"Bonfire Elementals","player_choice":"Offered Basic","floor":3.0,"gold_loss":0.0,"damage_taken":0.0},{"damage_healed":0.0,"max_hp_gain":0.0,"max_hp_loss":0.0,"gold_gain":0.0,"event_name":"Wheel of Change","player_choice":"Cursed","floor":5.0,"gold_loss":0.0,"damage_taken":0.0,"cards_obtained":["Decay"]},{"damage_healed":0.0,"max_hp_gain":0.0,"max_hp_loss":0.0,"gold_gain":0.0,"event_name":"Addict","player_choice":"Stole Relic","floor":22.0,"gold_loss":0.0,"damage_taken":0.0,"relics_obtained":["MawBank"],"cards_obtained":["Shame"]},{"damage_healed":0,"gold_gain":0,"player_choice":"Ignored","damage_taken":0,"max_hp_gain":0,"max_hp_loss":0,"event_name":"Tomb of Lord Red Mask","floor":36,"gold_loss":0},{"cards_removed":["Defend_R"],"damage_healed":0,"gold_gain":0,"player_choice":"Removed Skill","damage_taken":0,"max_hp_gain":0,"max_hp_loss":0,"event_name":"Falling","floor":39,"gold_loss":0}],"is_beta":false,"boss_relics":[{"not_picked":["Ectoplasm","Busted Crown"],"picked":"Empty Cage"},{"not_picked":["Pandora\u0027s Box","Mark of Pain"],"picked":"Black Blood"}],"items_purged_floors":[11,13,37,45],"is_endless":false,"potions_floor_spawned":[1,10,12,14,16,18,19,20,23,25,27,28,29,30,33,35,38,40,41,42,44,46,47,48],"ascension_level":0}}