{"host":"d2y4rmbezebiv8aj","time":1612441802,"event":{"mods":["AchievementEnabler","BaseMod","Bestiary","BetterRewards","Colored Map","Colored Powertips","Custom Start","Highlight Path","Minty Spire (QoL Compilation)","Quick Restart","Rare Cards Sparkle","Relic Sorter","Relic Stats","Shop Mod","Slay-I","StSLib","SuperFastMode"],"gold_per_floor":[114,129,141,151,169,202,47,47,47,47,78,78,103,120,120,191,191,208,208,224,241,8,35,35,49,75,92,108,125,154,173,173,250,250,262,315,315,329,1,1,14,14,14,14,27,27,46,63,63,63,63],"floor_reached":50,"language":"DEU","playtime":1729,"items_purged":[],"score":1190,"play_id":"8a1f9b67-c0d8-4baf-a269-78a77883a127","local_time":"20210204133002","is_ascension_mode":true,"campfire_choices":[{"data":"All Out Attack","floor":8.0,"key":"SMITH"},{"data":"Blade Dance","floor":10.0,"key":"SMITH"},{"data":"Tools of the Trade","floor":12.0,"key":"SMITH"},{"data":"Blade Dance","floor":15.0,"key":"SMITH"},{"data":"Apotheosis","floor":24.0,"key":"SMITH"},{"floor":32.0,"key":"REST"},{"floor":40.0,"key":"REST"},{"data":"Mayhem","floor":44.0,"key":"SMITH"},{"data":"Envenom","floor":46.0,"key":"SMITH"},{"data":"Accuracy","floor":49.0,"key":"SMITH"}],"circlet_count":0,"master_deck":["AscendersBane","Strike_G","Strike_G","Strike_G","Strike_G","Strike_G","Defend_G","Defend_G","Defend_G","Defend_G","Defend_G","Survivor","Neutralize","Blade Dance+1","Cloak And Dagger","Sucker Punch","PiercingWail","Sucker Punch","Backstab","All Out Attack+1","Tools of the Trade+1","Backstab","Blade Dance+1","Cloak And Dagger","A Thousand Cuts","Slice","Dagger Spray","Apotheosis+1","Backstab","Prepared+1","Blur","Leg Sweep+1","Accuracy+1","Endless Agony","Accuracy+1","Envenom+1","Mayhem+1","Distraction+1"],"relics":["Ring of the Snake","Eternal Feather","Sling","Darkstone Periapt","Oddly Smooth Stone","Bag of Marbles","Centennial Puzzle","Bottled Tornado","Philosopher\u0027s Stone","HornCleat","Ninja Scroll","Art of War","Omamori","Black Star","Ginger","HandDrill","Bottled Flame"],"acts_visited":["Exordium","TheCity","TheBeyond"],"potions_floor_usage":[50,50],"damage_taken":[{"damage":0.0,"enemies":"Cultist","floor":1.0,"turns":3.0},{"damage":2.0,"enemies":"Small Slimes","floor":2.0,"turns":4.0},{"damage":0.0,"enemies":"Jaw Worm","floor":3.0,"turns":4.0},{"damage":6.0,"enemies":"Blue Slaver","floor":4.0,"turns":4.0},{"damage":6.0,"enemies":"Lots of Slimes","floor":5.0,"turns":5.0},{"damage":6.0,"enemies":"Gremlin Nob","floor":6.0,"turns":3.0},{"damage":0.0,"enemies":"Lagavulin","floor":11.0,"turns":1.0},{"damage":8.0,"enemies":"3 Sentries","floor":13.0,"turns":4.0},{"damage":0.0,"enemies":"Looter","floor":14.0,"turns":1.0},{"damage":39.0,"enemies":"The Guardian","floor":16.0,"turns":16.0},{"damage":0.0,"enemies":"Chosen","floor":18.0,"turns":3.0},{"damage":0.0,"enemies":"3 Byrds","floor":20.0,"turns":3.0},{"damage":1.0,"enemies":"Centurion and Healer","floor":21.0,"turns":5.0},{"damage":6.0,"enemies":"Slavers","floor":23.0,"turns":2.0},{"damage":0.0,"enemies":"Snecko","floor":25.0,"turns":2.0},{"damage":4.0,"enemies":"Chosen and Byrds","floor":27.0,"turns":4.0},{"damage":15.0,"enemies":"Sentry and Sphere","floor":28.0,"turns":5.0},{"damage":5.0,"enemies":"3 Cultists","floor":29.0,"turns":5.0},{"damage":2.0,"enemies":"Book of Stabbing","floor":30.0,"turns":2.0},{"damage":21.0,"enemies":"Snake Plant","floor":31.0,"turns":2.0},{"damage":26.0,"enemies":"Automaton","floor":33.0,"turns":8.0},{"damage":0.0,"enemies":"3 Shapes","floor":35.0,"turns":3.0},{"damage":32.0,"enemies":"2 Orb Walkers","floor":36.0,"turns":4.0},{"damage":3.0,"enemies":"3 Darklings","floor":38.0,"turns":5.0},{"damage":32.0,"enemies":"4 Shapes","floor":41.0,"turns":6.0},{"damage":3.0,"enemies":"Jaw Worm Horde","floor":45.0,"turns":3.0},{"damage":2.0,"enemies":"Maw","floor":47.0,"turns":5.0},{"damage":13.0,"enemies":"3 Darklings","floor":48.0,"turns":5.0},{"damage":67,"enemies":"Awakened One","floor":50,"turns":7}],"seed_played":"7528337436581464988","potions_obtained":[{"floor":3.0,"key":"SpeedPotion"},{"floor":4.0,"key":"DistilledChaos"},{"floor":6.0,"key":"SteroidPotion"},{"floor":11.0,"key":"FearPotion"},{"floor":16.0,"key":"Strength Potion"},{"floor":18.0,"key":"DistilledChaos"},{"floor":20.0,"key":"Poison Potion"},{"floor":21.0,"key":"Strength Potion"},{"floor":23.0,"key":"DistilledChaos"},{"floor":41.0,"key":"Dexterity Potion"},{"floor":47.0,"key":"DistilledChaos"}],"is_trial":false,"path_per_floor":["M","M","M","M","M","E","$","R","T","R","E","R","E","M","R","B",null,"M","?","M","M","$","E","R","M","T","M","M","M","E","M","R","B",null,"M","?","?","M","$","R","M","$","T","R","M","R","M","M","R","B"],"character_chosen":"THE_SILENT","items_purchased":["Eternal Feather","Sling","Blade Dance","Cloak And Dagger","Oddly Smooth Stone","Apotheosis","Backstab","HandDrill","Mayhem"],"campfire_rested":2,"item_purchase_floors":[0,0,0,0,7,22,22,39,39],"current_hp_per_floor":[44,42,42,36,30,24,24,36,36,48,48,60,52,52,64,25,56,56,56,56,55,55,49,66,66,66,62,47,42,40,19,59,33,58,58,26,26,23,23,63,31,31,31,52,49,66,64,51,66,0,0],"gold":63,"neow_bonus":"","is_daily":false,"chose_seed":false,"campfire_upgraded":8,"win_rate":0.0,"timestamp":1612441802,"path_taken":["M","?","M","M","M","E","?","R","T","R","E","R","E","M","R","BOSS","M","?","M","?","?","E","R","M","T","M","M","?","E","M","R","BOSS","M","?","?","M","$","R","M","$","T","R","?","R","M","M","R","BOSS"],"items_purchased_type":["Relic","Relic","Card","Card","Relic","Card","Card","Relic","Card"],"build_version":"2020-12-22","purchased_purges":0,"victory":false,"max_hp_per_floor":[66,66,66,66,66,66,66,66,66,66,66,66,66,66,66,66,66,66,66,66,66,66,66,66,66,66,66,66,66,66,66,66,66,66,66,66,66,66,66,66,66,66,66,66,66,66,66,66,66,66,66],"relic_stats":{"Darkstone Periapt":0,"Centennial Puzzle":[52],"counters":[48,202],"Eternal Feather":160,"Art of War":[4],"Black Star":0,"HandDrill":[14],"Ginger":[3],"obtain_stats":[{"Darkstone Periapt":6,"NeowsBlessing":0,"Oddly Smooth Stone":7,"Eternal Feather":0,"Snake Skull":11,"Omamori":30,"Ginger":36,"War Paint":5,"Bottled Tornado":13,"Sling":0,"Centennial Puzzle":11,"Bottled Flame":43,"HornCleat":19,"Mummified Hand":9,"Ninja Scroll":23,"Philosopher\u0027s Stone":17,"Bag of Marbles":9,"Art of War":26,"Black Star":34,"HandDrill":39,"Kunai":21,"Toy Ornithopter":6,"InkBottle":26,"Ring of the Snake":0},{"Darkstone Periapt":25,"NeowsBlessing":0,"Oddly Smooth Stone":25,"Eternal Feather":19,"Snake Skull":7,"Omamori":38,"Ginger":42,"War Paint":2,"Bottled Tornado":27,"Sling":19,"Centennial Puzzle":26,"Bottled Flame":44,"HornCleat":30,"Mummified Hand":5,"Ninja Scroll":33,"Philosopher\u0027s Stone":10,"Bag of Marbles":25,"Art of War":34,"Black Star":40,"HandDrill":43,"Kunai":13,"Toy Ornithopter":3,"InkBottle":15,"Ring of the Snake":0},{"Darkstone Periapt":101,"NeowsBlessing":0,"Oddly Smooth Stone":101,"Eternal Feather":78,"Snake Skull":21,"Omamori":154,"Ginger":171,"War Paint":2,"Bottled Tornado":106,"Sling":78,"Centennial Puzzle":102,"Bottled Flame":182,"HornCleat":126,"Mummified Hand":11,"Ninja Scroll":136,"Philosopher\u0027s Stone":35,"Bag of Marbles":101,"Art of War":138,"Black Star":164,"HandDrill":176,"Kunai":47,"Toy Ornithopter":3,"InkBottle":56,"Ring of the Snake":0}],"Ring of the Snake":[95]},"card_choices":[{"not_picked":["PiercingWail","Outmaneuver"],"picked":"Sucker Punch","floor":1.0},{"not_picked":["Expertise","Escape Plan"],"picked":"PiercingWail","floor":2.0},{"not_picked":["Flying Knee","Backflip"],"picked":"Sucker Punch","floor":3.0},{"not_picked":["Outmaneuver","Cloak And Dagger"],"picked":"Backstab","floor":4.0},{"not_picked":["Dagger Throw","Cloak And Dagger"],"picked":"All Out Attack","floor":5.0},{"not_picked":["Expertise","Setup"],"picked":"Tools of the Trade","floor":6.0},{"not_picked":["Concentrate","Predator"],"picked":"Backstab","floor":11.0},{"not_picked":["Underhanded Strike","Bane"],"picked":"Blade Dance","floor":13.0},{"not_picked":["Poisoned Stab","Outmaneuver"],"picked":"Cloak And Dagger","floor":14.0},{"not_picked":["Die Die Die","Venomology"],"picked":"A Thousand Cuts","floor":16.0},{"not_picked":["Flechettes","Calculated Gamble"],"picked":"Slice","floor":18.0},{"not_picked":["All Out Attack","Tactician"],"picked":"Dagger Spray","floor":20.0},{"not_picked":["Concentrate","Dagger Throw","Tactician"],"picked":"SKIP","floor":21.0},{"not_picked":["Well Laid Plans","Dagger Spray"],"picked":"Prepared+1","floor":23.0},{"not_picked":["Underhanded Strike","Acrobatics"],"picked":"Blur","floor":25.0},{"not_picked":["Skewer","Dagger Spray"],"picked":"Leg Sweep+1","floor":27.0},{"not_picked":["Acrobatics","Cloak And Dagger","Blade Dance"],"picked":"SKIP","floor":28.0},{"not_picked":["Eviscerate","Malaise"],"picked":"Accuracy+1","floor":29.0},{"not_picked":["Choke","Flying Knee"],"picked":"Endless Agony","floor":30.0},{"not_picked":["Flying Knee","Dash"],"picked":"Accuracy","floor":31.0},{"not_picked":["Doppelganger","Venomology"],"picked":"Envenom","floor":33.0},{"not_picked":["Escape Plan","Dagger Spray","Backflip"],"picked":"SKIP","floor":35.0},{"not_picked":["Prepared+1","Poisoned Stab","Heel Hook"],"picked":"SKIP","floor":38.0},{"not_picked":["Crippling Poison","Reflex","Eviscerate"],"picked":"SKIP","floor":41.0},{"not_picked":["Blade Dance","Dodge and Roll"],"picked":"Distraction+1","floor":45.0},{"not_picked":["Well Laid Plans","Riddle With Holes","Flechettes"],"picked":"SKIP","floor":47.0},{"not_picked":["Bane","Finisher","Predator+1"],"picked":"SKIP","floor":48.0}],"player_experience":411662,"relics_obtained":[{"floor":6.0,"key":"Darkstone Periapt"},{"floor":9.0,"key":"Bag of Marbles"},{"floor":11.0,"key":"Centennial Puzzle"},{"floor":13.0,"key":"Bottled Tornado"},{"floor":23.0,"key":"Ninja Scroll"},{"floor":26.0,"key":"Art of War"},{"floor":30.0,"key":"Omamori"},{"floor":36.0,"key":"Ginger"},{"floor":43.0,"key":"Bottled Flame"}],"event_choices":[{"damage_healed":0.0,"max_hp_gain":0.0,"max_hp_loss":0.0,"gold_gain":0.0,"event_name":"WeMeetAgain","player_choice":"Gave Potion","floor":19.0,"gold_loss":0.0,"damage_taken":0.0,"relics_obtained":["HornCleat"]},{"damage_healed":0.0,"max_hp_gain":0.0,"max_hp_loss":0.0,"gold_gain":0.0,"event_name":"Mysterious Sphere","player_choice":"Fight","floor":36.0,"gold_loss":0.0,"damage_taken":0.0},{"damage_healed":0.0,"max_hp_gain":0.0,"max_hp_loss":0.0,"gold_gain":0.0,"event_name":"Transmorgrifier","player_choice":"Ignored","floor":37.0,"gold_loss":0.0,"damage_taken":0.0}],"is_beta":false,"boss_relics":[{"not_picked":["Coffee Dripper","Runic Pyramid"],"picked":"Philosopher\u0027s Stone"},{"not_picked":["Snecko Eye","HoveringKite"],"picked":"Black Star"}],"items_purged_floors":[],"is_endless":false,"potions_floor_spawned":[3,4,6,11,13,16,18,20,21,23,31,41,47],"killed_by":"Awakened One","ascension_level":14}}