{"host":"soyfmymeou4emntr","time":1612422765,"event":{"mods":["BaseMod","BetterRewards","Minty Spire (QoL Compilation)","Relic Sorter","Relic Stats","StSLib"],"gold_per_floor":[111,121,121,140,158,158,168,200,200,218,229,247,247,265,265,343,343,360,360,38,58,70,70,98,98,145,145,164,183,196,215,215,215,215],"floor_reached":33,"language":"ENG","playtime":3227,"items_purged":[],"score":679,"play_id":"e0399276-90d6-42cf-abd1-8d6a4c4ad4a4","local_time":"20210204001245","is_ascension_mode":true,"campfire_choices":[{"data":"Rampage","floor":6.0,"key":"SMITH"},{"data":"Clothesline","floor":13.0,"key":"SMITH"},{"data":"Flame Barrier","floor":15.0,"key":"SMITH"},{"data":"Double Tap","floor":23.0,"key":"SMITH"},{"data":"Shrug It Off","floor":25.0,"key":"SMITH"},{"data":"Metallicize","floor":27.0,"key":"SMITH"},{"data":"Sword Boomerang","floor":32,"key":"SMITH"}],"circlet_count":0,"master_deck":["AscendersBane","Strike_R","Strike_R","Strike_R","Strike_R","Defend_R","Defend_R","Defend_R","Defend_R","Bash","Pommel Strike+1","Metallicize+1","Sword Boomerang+1","Rampage+1","Flame Barrier+1","Shrug It Off+1","Clothesline+1","Exhume","Corruption","Shrug It Off","Double Tap+1","Inflame","Sentinel+1","Inflame","Shrug It Off+1","Shrug It Off","Heavy Blade","Bludgeon"],"relics":["Coffee Dripper","StrikeDummy","Bottled Lightning","Sozu","TheAbacus","Red Skull","Oddly Smooth Stone"],"acts_visited":["Exordium","TheCity"],"potions_floor_usage":[],"damage_taken":[{"damage":2.0,"enemies":"Cultist","floor":1.0,"turns":4.0},{"damage":14.0,"enemies":"Small Slimes","floor":2.0,"turns":3.0},{"damage":5.0,"enemies":"2 Louse","floor":4.0,"turns":2.0},{"damage":26.0,"enemies":"Exordium Thugs","floor":5.0,"turns":5.0},{"damage":1.0,"enemies":"Large Slime","floor":7.0,"turns":5.0},{"damage":7.0,"enemies":"Lagavulin","floor":8.0,"turns":6.0},{"damage":0.0,"enemies":"Blue Slaver","floor":10.0,"turns":3.0},{"damage":9.0,"enemies":"Lots of Slimes","floor":11.0,"turns":4.0},{"damage":0.0,"enemies":"Looter","floor":12.0,"turns":3.0},{"damage":0.0,"enemies":"Exordium Thugs","floor":14.0,"turns":5.0},{"damage":0.0,"enemies":"The Guardian","floor":16.0,"turns":15.0},{"damage":8.0,"enemies":"Shell Parasite","floor":18.0,"turns":5.0},{"damage":8.0,"enemies":"Chosen","floor":21.0,"turns":5.0},{"damage":8.0,"enemies":"Centurion and Healer","floor":22.0,"turns":5.0},{"damage":7.0,"enemies":"Book of Stabbing","floor":24.0,"turns":5.0},{"damage":0.0,"enemies":"Chosen and Byrds","floor":28.0,"turns":3.0},{"damage":0.0,"enemies":"Sentry and Sphere","floor":29.0,"turns":5.0},{"damage":0.0,"enemies":"Centurion and Healer","floor":30.0,"turns":5.0},{"damage":14,"enemies":"Shelled Parasite and Fungi","floor":31,"turns":3},{"damage":41,"enemies":"Champ","floor":33,"turns":8}],"seed_played":"-3204122104925285535","potions_obtained":[{"floor":5.0,"key":"BlessingOfTheForge"},{"floor":7.0,"key":"ElixirPotion"},{"floor":8.0,"key":"BlessingOfTheForge"},{"floor":12.0,"key":"SkillPotion"},{"floor":14.0,"key":"Swift Potion"}],"is_trial":false,"path_per_floor":["M","M","?","M","M","R","M","E","T","M","M","M","R","M","R","B",null,"M","?","$","M","M","R","E","R","T","R","M","M","M","M","R","B"],"character_chosen":"IRONCLAD","items_purchased":["TheAbacus","Double Tap","Inflame"],"campfire_rested":0,"item_purchase_floors":[20,20,20],"current_hp_per_floor":[66,52,52,47,21,21,20,13,13,13,4,4,4,4,4,4,57,49,49,49,41,33,33,26,26,26,26,26,26,26,12,12,0,0],"gold":215,"neow_bonus":"BOSS_RELIC","is_daily":false,"chose_seed":false,"campfire_upgraded":7,"win_rate":0.0,"timestamp":1612422765,"path_taken":["M","?","?","M","M","R","M","E","T","?","M","M","R","M","R","BOSS","M","?","?","M","M","R","E","R","T","R","M","M","M","M","R","BOSS"],"items_purchased_type":["Relic","Card","Card"],"build_version":"2020-12-22","purchased_purges":0,"victory":false,"max_hp_per_floor":[75,75,75,75,75,75,75,75,75,75,75,75,75,75,75,75,75,75,75,75,75,75,75,75,75,75,75,75,75,75,75,75,75,75],"relic_stats":{"Sozu":4,"TheAbacus":[36],"counters":[20,99],"obtain_stats":[{"Sozu":17,"TheAbacus":20,"Oddly Smooth Stone":26,"Coffee Dripper":0,"Bottled Lightning":9,"StrikeDummy":8,"Burning Blood":0,"Red Skull":24},{"Sozu":11,"TheAbacus":12,"Oddly Smooth Stone":15,"Coffee Dripper":0,"Bottled Lightning":6,"StrikeDummy":6,"Burning Blood":0,"Red Skull":15},{"Sozu":55,"TheAbacus":60,"Oddly Smooth Stone":75,"Coffee Dripper":0,"Bottled Lightning":25,"StrikeDummy":25,"Burning Blood":0,"Red Skull":75}]},"card_choices":[{"not_picked":["Iron Wave","Shrug It Off"],"picked":"Pommel Strike","floor":1.0},{"not_picked":["Iron Wave","Thunderclap"],"picked":"Metallicize","floor":2.0},{"not_picked":["Dropkick","Intimidate"],"picked":"Sword Boomerang","floor":4.0},{"not_picked":["Wild Strike","Twin Strike"],"picked":"Rampage","floor":5.0},{"not_picked":["Havoc","Sword Boomerang"],"picked":"Flame Barrier","floor":7.0},{"not_picked":["Flex","Bloodletting"],"picked":"Shrug It Off","floor":8.0},{"not_picked":["Warcry","Hemokinesis","Reckless Charge"],"picked":"SKIP","floor":10.0},{"not_picked":["Twin Strike","Flex","Warcry"],"picked":"SKIP","floor":11.0},{"not_picked":["Thunderclap","Combust"],"picked":"Clothesline","floor":12.0},{"not_picked":["Evolve","Searing Blow"],"picked":"Exhume","floor":14.0},{"not_picked":["Impervious","Limit Break"],"picked":"Corruption","floor":16.0},{"not_picked":["Headbutt","Twin Strike"],"picked":"Shrug It Off","floor":18.0},{"not_picked":["Body Slam","True Grit"],"picked":"Sentinel+1","floor":21.0},{"not_picked":["Flame Barrier+1","Perfected Strike"],"picked":"Inflame","floor":22.0},{"not_picked":["Dual Wield","Second Wind"],"picked":"Shrug It Off+1","floor":24.0},{"not_picked":["Rupture+1","Pommel Strike"],"picked":"Shrug It Off","floor":28.0},{"not_picked":["Warcry","Seeing Red"],"picked":"Heavy Blade","floor":29.0},{"not_picked":["Cleave","Dropkick","Thunderclap"],"picked":"SKIP","floor":30.0},{"not_picked":["Iron Wave","Cleave"],"picked":"Bludgeon","floor":31}],"player_experience":3038557,"relics_obtained":[{"floor":8.0,"key":"StrikeDummy"},{"floor":9.0,"key":"Bottled Lightning"},{"floor":24.0,"key":"Red Skull"},{"floor":26.0,"key":"Oddly Smooth Stone"}],"event_choices":[{"cards_removed":["Strike_R"],"damage_healed":0.0,"max_hp_gain":0.0,"max_hp_loss":0.0,"gold_gain":0.0,"event_name":"Bonfire Elementals","player_choice":"Offered Basic","floor":3.0,"gold_loss":0.0,"damage_taken":0.0},{"damage_healed":0.0,"max_hp_gain":0.0,"max_hp_loss":0.0,"gold_gain":0.0,"event_name":"Accursed Blacksmith","player_choice":"Forge","floor":19.0,"gold_loss":0.0,"damage_taken":0.0,"cards_upgraded":["Pommel Strike"]}],"is_beta":false,"boss_relics":[{"not_picked":["Runic Dome","Busted Crown"],"picked":"Sozu"}],"items_purged_floors":[],"is_endless":false,"potions_floor_spawned":[5,7,8,12,14,18,21,28,30],"killed_by":"Champ","ascension_level":20}}