{"host":"4nqeo0vu1vuav7gg","time":1612471968,"event":{"mods":["AchievementEnabler","BaseMod","Block Reminder","Colored Map","Colored Powertips","Highlight Path","Minty Spire (QoL Compilation)","Quick Restart","Rare Cards Sparkle","Relic Relevance Reorder","StSLib"],"gold_per_floor":[114,114,114,130,47,47,81,46,70,93,93,18,52,72,72,167,167,187,211,211,211,47,47,66,97,146,187,207,220,244,71,71,164,164,185,216,216,239,255,255,274,274,327,327,340,340,380,396,396,396],"floor_reached":51,"language":"ENG","playtime":3006,"items_purged":["Strike_B"],"score":1345,"play_id":"931cde74-cf78-43e5-82d7-06f7b003d20a","local_time":"20210204215248","is_ascension_mode":true,"campfire_choices":[{"data":"Defragment","floor":6.0,"key":"SMITH"},{"floor":11.0,"key":"REST"},{"data":"Genetic Algorithm","floor":15.0,"key":"SMITH"},{"floor":23.0,"key":"REST"},{"floor":32.0,"key":"REST"},{"floor":40.0,"key":"REST"},{"floor":42.0,"key":"REST"},{"data":"Biased Cognition","floor":44.0,"key":"SMITH"},{"data":"Static Discharge","floor":46.0,"key":"SMITH"},{"floor":49.0,"key":"REST"}],"circlet_count":0,"master_deck":["AscendersBane","Defend_B","Defend_B","Defend_B","Zap","Dualcast","Defragment+1","Rebound","Self Repair","Chill","Cold Snap","Genetic Algorithm+1","Go for the Eyes","Ball Lightning","Biased Cognition+1","Genetic Algorithm+1","Sunder+1","BootSequence+1","Ball Lightning","Blizzard","Compile Driver","Static Discharge+1","Creative AI+1","Blizzard+1","Fusion","Capacitor","White Noise","Barrage","Chill","Force Field+1","Aggregate"],"relics":["FrozenCore","Nunchaku","Pen Nib","Centennial Puzzle","Ginger","DataDisk","PreservedInsect","Blood Vial","Gambling Chip","Regal Pillow","Dream Catcher","Golden Idol","Astrolabe","Potion Belt"],"acts_visited":["Exordium","TheCity","TheBeyond"],"potions_floor_usage":[50,50],"damage_taken":[{"damage":7.0,"enemies":"Jaw Worm","floor":1.0,"turns":3.0},{"damage":4.0,"enemies":"Small Slimes","floor":4.0,"turns":3.0},{"damage":33.0,"enemies":"Lagavulin","floor":7.0,"turns":8.0},{"damage":0.0,"enemies":"2 Louse","floor":10.0,"turns":3.0},{"damage":24.0,"enemies":"Gremlin Nob","floor":13.0,"turns":4.0},{"damage":0.0,"enemies":"Large Slime","floor":14.0,"turns":5.0},{"damage":16.0,"enemies":"Slime Boss","floor":16.0,"turns":9.0},{"damage":34.0,"enemies":"3 Byrds","floor":18.0,"turns":4.0},{"damage":14.0,"enemies":"Spheric Guardian","floor":19.0,"turns":5.0},{"damage":10.0,"enemies":"Snecko","floor":24.0,"turns":5.0},{"damage":27.0,"enemies":"Slavers","floor":25.0,"turns":5.0},{"damage":30.0,"enemies":"Gremlin Leader","floor":27.0,"turns":6.0},{"damage":16.0,"enemies":"Sentry and Sphere","floor":28.0,"turns":7.0},{"damage":0.0,"enemies":"Cultist and Chosen","floor":29.0,"turns":4.0},{"damage":15.0,"enemies":"Snecko","floor":30.0,"turns":4.0},{"damage":48.0,"enemies":"Automaton","floor":33.0,"turns":9.0},{"damage":0.0,"enemies":"Orb Walker","floor":35.0,"turns":3.0},{"damage":0.0,"enemies":"Mind Bloom Boss Battle","floor":36.0,"turns":6.0},{"damage":38.0,"enemies":"3 Darklings","floor":38.0,"turns":5.0},{"damage":20.0,"enemies":"Maw","floor":39.0,"turns":8.0},{"damage":28.0,"enemies":"Spire Growth","floor":41.0,"turns":8.0},{"damage":28.0,"enemies":"Jaw Worm Horde","floor":45.0,"turns":5.0},{"damage":18.0,"enemies":"Nemesis","floor":47.0,"turns":8.0},{"damage":22.0,"enemies":"4 Shapes","floor":48.0,"turns":9.0},{"damage":40,"enemies":"Time Eater","floor":50,"turns":14}],"seed_played":"-3834529858269170120","potions_obtained":[{"floor":10.0,"key":"FearPotion"},{"floor":13.0,"key":"Strength Potion"},{"floor":14.0,"key":"SpeedPotion"},{"floor":25.0,"key":"LiquidBronze"},{"floor":28.0,"key":"EntropicBrew"},{"floor":30.0,"key":"Swift Potion"},{"floor":36.0,"key":"EssenceOfDarkness"},{"floor":38.0,"key":"Fire Potion"},{"floor":47.0,"key":"BlessingOfTheForge"},{"floor":48.0,"key":"EssenceOfSteel"}],"is_trial":false,"path_per_floor":["M","?","?","M","$","R","E","?","T","M","R","$","E","M","R","B",null,"M","M","?","?","$","R","M","E","T","E","M","M","M","$","R","B",null,"M","?","?","M","M","R","M","R","T","R","M","R","E","M","R","B",null],"character_chosen":"DEFECT","items_purchased":["Chill","Potion Belt","Regal Pillow"],"campfire_rested":6,"item_purchase_floors":[5,22,31],"current_hp_per_floor":[57,57,50,46,46,46,20,37,37,44,65,65,48,55,55,46,65,38,31,31,45,45,66,63,43,43,22,15,24,18,18,54,8,55,64,66,66,30,19,55,36,71,71,71,50,50,41,28,64,26],"gold":396,"neow_bonus":"THREE_CARDS","is_daily":false,"chose_seed":false,"campfire_upgraded":4,"win_rate":0.0,"timestamp":1612471968,"path_taken":["M","?","?","M","$","R","E","?","T","M","R","$","E","M","R","BOSS","M","M","?","?","$","R","M","E","T","E","M","M","M","?","R","BOSS","M","?","?","M","M","R","M","R","T","R","M","R","E","M","R","BOSS"],"items_purchased_type":["Card","Relic","Relic"],"build_version":"2020-12-22","purchased_purges":1,"victory":true,"max_hp_per_floor":[71,71,71,71,71,71,71,71,71,71,71,71,71,71,71,71,71,71,71,71,71,71,71,71,71,71,71,71,71,71,71,71,71,71,71,71,71,71,71,71,71,71,71,71,71,71,71,71,71,71],"card_choices":[{"not_picked":["Rebound","Turbo"],"picked":"Defragment","floor":0.0},{"not_picked":["Gash","Turbo"],"picked":"Rebound","floor":1.0},{"not_picked":["Recycle","Steam Power"],"picked":"Self Repair","floor":4.0},{"not_picked":["Streamline","Reprogram"],"picked":"Cold Snap","floor":7.0},{"not_picked":["Scrape","Stack"],"picked":"Genetic Algorithm","floor":10.0},{"not_picked":["Leap","Stack"],"picked":"Go for the Eyes","floor":13.0},{"not_picked":["Leap","Coolheaded"],"picked":"Ball Lightning","floor":14.0},{"not_picked":["Amplify","Thunder Strike"],"picked":"Biased Cognition","floor":16.0},{"not_picked":["Go for the Eyes+1","Beam Cell"],"picked":"Ball Lightning","floor":18.0},{"not_picked":["Turbo","Chaos"],"picked":"Blizzard","floor":19.0},{"not_picked":["Sunder","Hello World+1","Steam Power"],"picked":"SKIP","floor":24.0},{"not_picked":["Turbo","FTL"],"picked":"Compile Driver","floor":25.0},{"not_picked":["Go for the Eyes","Auto Shields","Beam Cell"],"picked":"SKIP","floor":27.0},{"not_picked":["Double Energy","Hologram","Go for the Eyes+1"],"picked":"SKIP","floor":28.0},{"not_picked":["Beam Cell","Streamline"],"picked":"Static Discharge","floor":29.0},{"not_picked":["Melter","Chaos","Leap"],"picked":"SKIP","floor":30.0},{"not_picked":["Machine Learning","Rainbow"],"picked":"Creative AI","floor":33.0},{"not_picked":["Hologram","Gash"],"picked":"Blizzard+1","floor":35.0},{"not_picked":["Hologram+1","Redo"],"picked":"Fusion","floor":36.0},{"not_picked":["Heatsinks+1","Melter+1"],"picked":"Capacitor","floor":38.0},{"not_picked":["Sunder+1","Blizzard"],"picked":"White Noise","floor":39.0},{"not_picked":["Turbo+1","Redo","Melter"],"picked":"SKIP","floor":41.0},{"not_picked":["Rebound","Doom and Gloom"],"picked":"Barrage","floor":45.0},{"not_picked":["Sweeping Beam","Ball Lightning+1"],"picked":"Chill","floor":47.0},{"not_picked":["Streamline","Stack"],"picked":"Force Field+1","floor":48.0},{"not_picked":["Rebound+1","Scrape+1"],"picked":"Aggregate","floor":49.0}],"player_experience":1089971,"relics_obtained":[{"floor":7.0,"key":"Nunchaku"},{"floor":9.0,"key":"DataDisk"},{"floor":13.0,"key":"Ginger"},{"floor":25.0,"key":"PreservedInsect"},{"floor":26.0,"key":"Blood Vial"},{"floor":27.0,"key":"Pen Nib"},{"floor":36.0,"key":"Gambling Chip"},{"floor":43.0,"key":"Dream Catcher"},{"floor":47.0,"key":"Centennial Puzzle"}],"event_choices":[{"damage_healed":0.0,"max_hp_gain":0.0,"max_hp_loss":0.0,"gold_gain":0.0,"event_name":"Golden Idol","player_choice":"Take Wound","floor":2.0,"gold_loss":0.0,"damage_taken":0.0,"relics_obtained":["Golden Idol"],"cards_obtained":["Injury"]},{"cards_removed":["Injury"],"damage_healed":0.0,"max_hp_gain":0.0,"max_hp_loss":0.0,"gold_gain":0.0,"event_name":"Golden Wing","player_choice":"Card Removal","floor":3.0,"gold_loss":0.0,"damage_taken":7.0},{"damage_healed":17.0,"max_hp_gain":0.0,"max_hp_loss":0.0,"gold_gain":0.0,"event_name":"The Cleric","player_choice":"Healed","floor":8.0,"gold_loss":35.0,"damage_taken":0.0},{"cards_removed":["Strike_B"],"damage_healed":0.0,"max_hp_gain":0.0,"max_hp_loss":0.0,"gold_gain":0.0,"event_name":"Back to Basics","player_choice":"Elegance","floor":20.0,"gold_loss":0.0,"damage_taken":0.0},{"damage_healed":14.0,"max_hp_gain":0.0,"max_hp_loss":0.0,"gold_gain":0.0,"event_name":"The Library","player_choice":"Heal","floor":21.0,"gold_loss":0.0,"damage_taken":0.0},{"damage_healed":0.0,"max_hp_gain":0.0,"max_hp_loss":0.0,"gold_gain":0.0,"event_name":"MindBloom","player_choice":"Fight","floor":36.0,"gold_loss":0.0,"damage_taken":0.0},{"damage_healed":0.0,"max_hp_gain":0.0,"max_hp_loss":0.0,"gold_gain":0.0,"event_name":"Accursed Blacksmith","player_choice":"Forge","floor":37.0,"gold_loss":0.0,"damage_taken":0.0,"cards_upgraded":["Creative AI"]}],"is_beta":false,"boss_relics":[{"not_picked":["Coffee Dripper","Snecko Eye"],"picked":"Astrolabe"},{"not_picked":["Calling Bell","Tiny House"],"picked":"FrozenCore"}],"items_purged_floors":[12],"is_endless":false,"potions_floor_spawned":[10,13,14,16,18,25,28,29,30,36,38,47,48],"ascension_level":19}}