{"host":"8by3m8mve9y2rhh4","time":1612468512,"event":{"mods":["BaseMod","Minty Spire (QoL Compilation)","Quick Restart"],"gold_per_floor":[110,123,123,136,61,89,89,11,11,44,59,76,76,76,76,176,176,188,200,212,17,36,61,61,71,71,86,97,97,130,140,140,239,239,254,304,323,323,339,339,350,385,385,412,412,424,109,136,136,136,136],"floor_reached":50,"language":"ENG","playtime":2800,"items_purged":["Strike_R","Defend_R"],"score":640,"play_id":"3d52dfb5-e68a-4b8f-ba5d-85f99cb86ae8","local_time":"20210204195512","is_ascension_mode":true,"campfire_choices":[{"floor":7,"key":"RECALL"},{"floor":13,"key":"REST"},{"floor":15,"key":"REST"},{"data":"Disarm","floor":24,"key":"SMITH"},{"floor":29,"key":"REST"},{"data":"Spot Weakness","floor":32,"key":"SMITH"},{"floor":40,"key":"REST"},{"floor":45,"key":"REST"},{"data":"1","floor":49,"key":"LIFT"}],"circlet_count":0,"master_deck":["Strike_R","Strike_R","Defend_R+1","Defend_R","Defend_R+1","Bash","Inflame","Iron Wave","Shrug It Off","Cleave","Spot Weakness+1","Rampage","Seeing Red","Rampage","Thunderclap","Disarm+1","Feel No Pain","Sword Boomerang+1","Rage","Iron Wave+1","Flame Barrier+1","Battle Trance","Demon Form","Iron Wave+1","Sword Boomerang","Iron Wave","Inflame","Inflame"],"relics":["Black Blood","Bottled Flame","Bronze Scales","Orichalcum","SlaversCollar","Vajra","Champion Belt","Regal Pillow","Girya","Thread and Needle","War Paint","Juzu Bracelet","Art of War","Question Card"],"acts_visited":["Exordium","TheCity","TheBeyond"],"potions_floor_usage":[6,18,20,30,33,37,39,44,46,48],"damage_taken":[{"damage":1.0,"enemies":"Cultist","floor":1.0,"turns":3.0},{"damage":6.0,"enemies":"2 Louse","floor":2.0,"turns":3.0},{"damage":5.0,"enemies":"Small Slimes","floor":4.0,"turns":4.0},{"damage":18,"enemies":"Lagavulin","floor":6,"turns":6},{"damage":53,"enemies":"Gremlin Nob","floor":10,"turns":5},{"damage":6,"enemies":"3 Louse","floor":11,"turns":2},{"damage":2,"enemies":"Lots of Slimes","floor":12,"turns":1},{"damage":44,"enemies":"Hexaghost","floor":16,"turns":9},{"damage":27,"enemies":"2 Thieves","floor":18,"turns":4},{"damage":9,"enemies":"3 Byrds","floor":19,"turns":3},{"damage":45,"enemies":"Shelled Parasite and Fungi","floor":20,"turns":6},{"damage":11,"enemies":"Snecko","floor":22,"turns":5},{"damage":17,"enemies":"Gremlin Leader","floor":23,"turns":7},{"damage":24,"enemies":"Cultist and Chosen","floor":25,"turns":7},{"damage":12,"enemies":"Snake Plant","floor":27,"turns":3},{"damage":5,"enemies":"Shelled Parasite and Fungi","floor":28,"turns":6},{"damage":30,"enemies":"Slavers","floor":30,"turns":4},{"damage":19,"enemies":"Centurion and Healer","floor":31,"turns":7},{"damage":63,"enemies":"Automaton","floor":33,"turns":8},{"damage":2,"enemies":"Orb Walker","floor":35,"turns":4},{"damage":36,"enemies":"Mind Bloom Boss Battle","floor":36,"turns":5},{"damage":55,"enemies":"3 Darklings","floor":37,"turns":7},{"damage":76,"enemies":"Spire Growth","floor":39,"turns":8},{"damage":48,"enemies":"Transient","floor":41,"turns":5},{"damage":68,"enemies":"Reptomancer","floor":42,"turns":8},{"damage":32,"enemies":"Nemesis","floor":44,"turns":7},{"damage":4,"enemies":"Jaw Worm Horde","floor":46,"turns":4},{"damage":24,"enemies":"Reptomancer","floor":48,"turns":9},{"damage":67,"enemies":"Donu and Deca","floor":50,"turns":5}],"seed_played":"-777813315602691268","potions_obtained":[{"floor":2.0,"key":"Block Potion"},{"floor":12,"key":"BloodPotion"},{"floor":16,"key":"Explosive Potion"},{"floor":19,"key":"Block Potion"},{"floor":20,"key":"FairyPotion"},{"floor":25,"key":"LiquidBronze"},{"floor":30,"key":"ElixirPotion"},{"floor":31,"key":"AttackPotion"},{"floor":36,"key":"BloodPotion"},{"floor":42,"key":"Regen Potion"},{"floor":44,"key":"Explosive Potion"},{"floor":46,"key":"ColorlessPotion"}],"is_trial":false,"path_per_floor":["M","M","?","M","$","E","R","$","T","E","M","M","R","?","R","B",null,"M","M","M","$","M","E","R","M","T","M","M","R","E","M","R","B",null,"M","?","M","?","M","R","M","E","T","E","R","M","$","E","R","B"],"character_chosen":"IRONCLAD","items_purchased":["Spot Weakness","Vajra","Disarm","Inflame","Art of War"],"campfire_rested":5,"item_purchase_floors":[8,21,21,47,47],"current_hp_per_floor":[80,80,80,80,80,68,68,68,68,28,33,37,61,61,80,51,80,67,70,54,54,59,58,58,54,54,48,49,73,64,71,71,23,80,80,56,44,90,44,86,50,30,30,25,67,75,75,63,63,0,0],"gold":136,"neow_bonus":"ONE_RANDOM_RARE_CARD","is_daily":false,"chose_seed":false,"campfire_upgraded":2,"win_rate":0.0,"timestamp":1612468512,"path_taken":["M","M","?","M","$","E","R","$","T","E","M","M","R","?","R","BOSS","M","M","M","$","?","E","R","M","T","M","?","R","E","M","R","BOSS","M","?","M","?","M","R","M","E","T","E","R","M","$","E","R","BOSS"],"items_purchased_type":["Card","Relic","Card","Card","Relic"],"build_version":"2020-12-22","purchased_purges":2,"victory":false,"max_hp_per_floor":[80,80,80,80,80,80,80,80,80,80,80,80,80,80,80,80,80,80,80,80,80,80,80,80,80,80,80,80,80,80,80,80,80,80,80,80,80,90,90,90,90,90,90,90,90,90,90,90,90,90,90],"card_choices":[{"not_picked":["Clash","Sword Boomerang"],"picked":"Inflame","floor":1.0},{"not_picked":["Heavy Blade","Flex"],"picked":"Iron Wave","floor":2.0},{"not_picked":["Shrug It Off","Power Through"],"picked":"Cleave","floor":4.0},{"not_picked":["Double Tap","Burning Pact","Sword Boomerang"],"picked":"SKIP","floor":6},{"not_picked":["Dark Embrace","Reckless Charge"],"picked":"Rampage","floor":10},{"not_picked":["Power Through","Pommel Strike"],"picked":"Seeing Red","floor":11},{"not_picked":["True Grit","Body Slam","Infernal Blade"],"picked":"SKIP","floor":12},{"not_picked":["Second Wind+1","Warcry"],"picked":"Rampage","floor":18},{"not_picked":["Clothesline","Ghostly Armor","Intimidate"],"picked":"SKIP","floor":19},{"not_picked":["Dark Embrace","Clothesline+1"],"picked":"Thunderclap","floor":20},{"not_picked":["Dark Embrace","Rupture"],"picked":"Feel No Pain","floor":22},{"not_picked":["Thunderclap","Pommel Strike+1"],"picked":"Sword Boomerang+1","floor":23},{"not_picked":["Sentinel+1","Dark Embrace","Clash"],"picked":"SKIP","floor":25},{"not_picked":["Evolve","Pommel Strike"],"picked":"Rage","floor":27},{"not_picked":["Shrug It Off+1","Clash+1"],"picked":"Iron Wave+1","floor":28},{"not_picked":["Berserk","Rampage"],"picked":"Flame Barrier+1","floor":30},{"not_picked":["Evolve","Rampage"],"picked":"Battle Trance","floor":31},{"not_picked":["Feed","Immolate"],"picked":"Demon Form","floor":33},{"not_picked":["Wild Strike+1","Cleave+1"],"picked":"Iron Wave+1","floor":35},{"not_picked":["Cleave","Reckless Charge","Pummel"],"picked":"SKIP","floor":37},{"not_picked":["Power Through","Perfected Strike"],"picked":"Sword Boomerang","floor":39},{"not_picked":["Twin Strike+1","Body Slam","Intimidate"],"picked":"SKIP","floor":41},{"not_picked":["Twin Strike+1","Sword Boomerang","Cleave"],"picked":"SKIP","floor":42},{"not_picked":["Combust+1","Flame Barrier+1"],"picked":"Iron Wave","floor":44},{"not_picked":["Clothesline","Sever Soul"],"picked":"Inflame","floor":46},{"not_picked":["Hemokinesis+1","True Grit","Corruption"],"picked":"SKIP","floor":48}],"player_experience":755878,"relics_obtained":[{"floor":6,"key":"Bottled Flame"},{"floor":9,"key":"Bronze Scales"},{"floor":10,"key":"Orichalcum"},{"floor":23,"key":"Champion Belt"},{"floor":30,"key":"Regal Pillow"},{"floor":36,"key":"Girya"},{"floor":42,"key":"Thread and Needle"},{"floor":43,"key":"War Paint"},{"floor":44,"key":"Juzu Bracelet"},{"floor":48,"key":"Question Card"}],"event_choices":[{"damage_healed":0.0,"max_hp_gain":0.0,"max_hp_loss":0.0,"gold_gain":0.0,"cards_transformed":["Strike_R"],"event_name":"Living Wall","player_choice":"Change","floor":3.0,"gold_loss":0.0,"damage_taken":0.0,"cards_obtained":["Shrug It Off"]},{"cards_removed":["Strike_R"],"damage_healed":0,"gold_gain":0,"player_choice":"Purged","damage_taken":0,"max_hp_gain":0,"max_hp_loss":0,"event_name":"Purifier","floor":14,"gold_loss":0},{"damage_healed":0,"gold_gain":0,"player_choice":"Fight","damage_taken":0,"max_hp_gain":0,"max_hp_loss":0,"event_name":"MindBloom","floor":36,"gold_loss":0},{"cards_removed":["Reaper"],"damage_healed":36,"gold_gain":0,"player_choice":"Offered Rare","damage_taken":0,"max_hp_gain":10,"max_hp_loss":0,"event_name":"Bonfire Elementals","floor":38,"gold_loss":0}],"is_beta":false,"boss_relics":[{"not_picked":["Pandora\u0027s Box","Fusion Hammer"],"picked":"SlaversCollar"},{"not_picked":["Astrolabe","Sozu"],"picked":"Black Blood"}],"items_purged_floors":[5,47],"is_endless":false,"potions_floor_spawned":[2,12,16,19,20,25,30,31,36,42,44,46],"killed_by":"Donu and Deca","ascension_level":1}}