{"host":"6p0attdrtjqaih7v","time":1612419948,"event":{"mods":["2.2 Compatiblity","AchievementEnabler","Bard","BaseMod","Better Skull","Better Third Choice","Colored Powertips","Downfall","Hermit","Highlight Path","Key Reminder","Minty Spire (QoL Compilation)","Permanent Neow","Quick Restart","Random Character Button","Relic Stats","Replay The Spire","Robot Space Explorer","StSLib","The Witch"],"gold_per_floor":[115,115,133,133,133,159,159,192,243,2,46,46,81,155,155,258,258,301,330,26,86,144,144,224,224,250,309,381,451,516,571,571,702,702,734,746,746],"floor_reached":36,"language":"ENG","playtime":1742,"items_purged":["RobotSpaceExplorer:Strike"],"score":1063,"play_id":"a0c36cf0-0ca7-41e8-a0be-3736729c07c9","local_time":"20210204012548","is_ascension_mode":true,"campfire_choices":[{"data":"RobotSpaceExplorer:ExhaustFan","floor":7,"key":"SMITH"},{"data":"RobotSpaceExplorer:ShovelStrike","floor":15,"key":"SMITH"},{"data":"RobotSpaceExplorer:Fix","floor":23,"key":"SMITH"},{"data":"RobotSpaceExplorer:ChargingLaser","floor":25,"key":"SMITH"},{"data":"RobotSpaceExplorer:ChargingLaser","floor":32,"key":"SMITH"}],"circlet_count":0,"master_deck":["AscendersBane","RobotSpaceExplorer:Defend","RobotSpaceExplorer:Defend","RobotSpaceExplorer:Defend+1","RobotSpaceExplorer:Scan","RobotSpaceExplorer:MiniLasers+1","RobotSpaceExplorer:SlimeMissile","RobotSpaceExplorer:SurgingStrike","RobotSpaceExplorer:ScrapMissile","RobotSpaceExplorer:Probe+1","RobotSpaceExplorer:ExhaustFan+1","RobotSpaceExplorer:ShovelStrike+1","RobotSpaceExplorer:ChargingLaser+1","RobotSpaceExplorer:MiniDrones","RobotSpaceExplorer:MiniDrones","RobotSpaceExplorer:Fix+1","RobotSpaceExplorer:ChargingLaser+1","RobotSpaceExplorer:MiniDrones+1","RobotSpaceExplorer:JunkDive","RobotSpaceExplorer:SwiftStep+1","RobotSpaceExplorer:BlastShield+1","RobotSpaceExplorer:FrostMissile+1"],"relics":["RobotSpaceExplorer:RoboCore","Oddly Smooth Stone","Replay:Bandana","bronze:BronzeIdol","MealTicket","Torii","Runic Pyramid","Membership Card","Ornamental Fan","Blue Doll","Regal Pillow","Pet Ghost","Gremlin Food","Astrolabe"],"acts_visited":["Exordium","TheCity","TheBeyond"],"potions_floor_usage":[16,19,24,31],"damage_taken":[{"damage":2,"enemies":"Jaw Worm","floor":1,"turns":4},{"damage":0,"enemies":"2 Louse","floor":3,"turns":2},{"damage":27,"enemies":"Lagavulin","floor":6,"turns":5},{"damage":14,"enemies":"Replay:BlueRogue","floor":8,"turns":7},{"damage":0,"enemies":"Small Slimes","floor":11,"turns":1},{"damage":7,"enemies":"Blue Slaver","floor":13,"turns":4},{"damage":0,"enemies":"Gremlin Nob","floor":14,"turns":3},{"damage":18,"enemies":"Slime Boss","floor":16,"turns":10},{"damage":0,"enemies":"Chosen","floor":18,"turns":3},{"damage":0,"enemies":"3 Byrds","floor":19,"turns":4},{"damage":1,"enemies":"Cultist and Chosen","floor":21,"turns":6},{"damage":1,"enemies":"Snake Plant","floor":22,"turns":4},{"damage":17,"enemies":"Slavers","floor":24,"turns":6},{"damage":0,"enemies":"3 Cultists","floor":27,"turns":4},{"damage":0,"enemies":"Gremlin Leader","floor":28,"turns":7},{"damage":0,"enemies":"Cultist and Chosen","floor":29,"turns":4},{"damage":0,"enemies":"Replay:Snechameleon","floor":30,"turns":5},{"damage":1,"enemies":"Centurion and Healer","floor":31,"turns":5},{"damage":16,"enemies":"Collector","floor":33,"turns":8},{"damage":1,"enemies":"Orb Walker","floor":35,"turns":3},{"damage":83,"enemies":"3 Shapes","floor":36,"turns":14}],"seed_played":"-5745480859557089483","potions_obtained":[{"floor":3,"key":"Dexterity Potion"},{"floor":6,"key":"SkillPotion"},{"floor":18,"key":"Languid Potion"},{"floor":21,"key":"AttackPotion"},{"floor":24,"key":"Weak Potion"},{"floor":29,"key":"Block Potion"},{"floor":31,"key":"Elixir"}],"is_trial":false,"path_per_floor":["M","?","M","?","?","E","R","E","T","$","M","$","M","E","R","B",null,"M","M","$","M","M","R","E","R","T","M","E","M","E","M","R","B",null,"M","M"],"character_chosen":"RobotSpaceExplorer","items_purchased":["MealTicket","Membership Card","Ornamental Fan"],"campfire_rested":0,"item_purchase_floors":[10,20,20],"current_hp_per_floor":[62,62,62,62,62,35,35,21,21,21,21,36,29,29,29,11,56,56,56,71,70,69,69,58,58,58,64,70,70,71,71,71,55,67,70,0,0],"gold":746,"neow_bonus":"THREE_CARDS","is_daily":false,"chose_seed":false,"campfire_upgraded":5,"win_rate":0.0,"timestamp":1612419948,"path_taken":["M","?","M","?","?","E","R","E","T","?","M","$","M","E","R","BOSS","M","M","$","M","M","R","E","R","T","M","E","M","E","M","R","BOSS","M","M"],"items_purchased_type":["Relic","Relic","Relic"],"build_version":"2020-12-22","purchased_purges":1,"victory":false,"max_hp_per_floor":[71,71,71,71,71,71,71,71,71,71,71,71,71,71,71,71,71,71,71,71,71,71,71,71,71,71,71,71,71,71,71,71,71,71,71,71,71],"relic_stats":{"Regal Pillow":0,"Torii":23,"counters":[21,109],"Ornamental Fan":[264],"Astrolabe":["RobotSpaceExplorer:SwiftStep","RobotSpaceExplorer:BlastShield","RobotSpaceExplorer:FrostMissile"],"MealTicket":30,"obtain_stats":[{"Gremlin Food":30,"Regal Pillow":26,"Torii":14,"Astrolabe":34,"Oddly Smooth Stone":6,"RobotSpaceExplorer:RoboCore":0,"Blue Doll":24,"Pet Ghost":28,"bronze:BronzeIdol":9,"Replay:Bandana":8,"Ornamental Fan":20,"MealTicket":10,"Membership Card":20,"Runic Pyramid":17},{"Gremlin Food":17,"Regal Pillow":13,"Torii":7,"Astrolabe":19,"Oddly Smooth Stone":3,"RobotSpaceExplorer:RoboCore":0,"Blue Doll":13,"Pet Ghost":15,"bronze:BronzeIdol":4,"Replay:Bandana":4,"Ornamental Fan":10,"MealTicket":4,"Membership Card":10,"Runic Pyramid":8},{"Gremlin Food":79,"Regal Pillow":59,"Torii":26,"Astrolabe":92,"Oddly Smooth Stone":11,"RobotSpaceExplorer:RoboCore":0,"Blue Doll":59,"Pet Ghost":70,"bronze:BronzeIdol":18,"Replay:Bandana":18,"Ornamental Fan":43,"MealTicket":18,"Membership Card":43,"Runic Pyramid":36}]},"card_choices":[{"not_picked":["RobotSpaceExplorer:Reload","RobotSpaceExplorer:SwiftStep"],"picked":"RobotSpaceExplorer:SlimeMissile","floor":0},{"not_picked":["RobotSpaceExplorer:ShockKick","RobotSpaceExplorer:GlueShot"],"picked":"RobotSpaceExplorer:SurgingStrike","floor":1},{"not_picked":["RobotSpaceExplorer:TurboDodge","RobotSpaceExplorer:Jetpack"],"picked":"RobotSpaceExplorer:ScrapMissile","floor":3},{"not_picked":["RobotSpaceExplorer:Ammunition","RobotSpaceExplorer:HighVoltage"],"picked":"RobotSpaceExplorer:ExhaustFan","floor":6},{"not_picked":["RobotSpaceExplorer:Ammunition","RobotSpaceExplorer:Pulsar","RobotSpaceExplorer:GlueShot"],"picked":"SKIP","floor":8},{"not_picked":["RobotSpaceExplorer:MiniBoosters","RobotSpaceExplorer:ShockKick","RobotSpaceExplorer:Reload"],"picked":"SKIP","floor":11},{"not_picked":["RobotSpaceExplorer:SlimeMissile","RobotSpaceExplorer:SwiftStep"],"picked":"RobotSpaceExplorer:ShovelStrike","floor":13},{"not_picked":["RobotSpaceExplorer:FrostMissile","RobotSpaceExplorer:Pulsar","RobotSpaceExplorer:Ammunition"],"picked":"SKIP","floor":14},{"not_picked":["RobotSpaceExplorer:ShockMissile","RobotSpaceExplorer:Exploration"],"picked":"RobotSpaceExplorer:ChargingLaser","floor":16},{"not_picked":["RobotSpaceExplorer:StunGrenade","RobotSpaceExplorer:SwiftStep"],"picked":"RobotSpaceExplorer:MiniDrones","floor":18},{"not_picked":["RobotSpaceExplorer:FranticSearch","RobotSpaceExplorer:Smokescreen"],"picked":"RobotSpaceExplorer:MiniDrones","floor":19},{"not_picked":["RobotSpaceExplorer:MiniDrones","RobotSpaceExplorer:ImprovisedAttack","RobotSpaceExplorer:ShockKick"],"picked":"SKIP","floor":21},{"not_picked":["RobotSpaceExplorer:Reload","RobotSpaceExplorer:Pulsar+1"],"picked":"RobotSpaceExplorer:Fix","floor":22},{"not_picked":["RobotSpaceExplorer:DoubleBlock","RobotSpaceExplorer:LaserBurst","RobotSpaceExplorer:TurboDodge"],"picked":"SKIP","floor":24},{"not_picked":["RobotSpaceExplorer:SurgingStrike","RobotSpaceExplorer:PowerCollector+1"],"picked":"RobotSpaceExplorer:ChargingLaser","floor":27},{"not_picked":["RobotSpaceExplorer:FreezeRay","RobotSpaceExplorer:LaserBurst","RobotSpaceExplorer:Counterblock"],"picked":"SKIP","floor":28},{"not_picked":["RobotSpaceExplorer:StunGrenade","RobotSpaceExplorer:DoubleBlock"],"picked":"RobotSpaceExplorer:MiniDrones+1","floor":29},{"not_picked":["RobotSpaceExplorer:MakeshiftVolley","RobotSpaceExplorer:Blitz"],"picked":"RobotSpaceExplorer:JunkDive","floor":30},{"not_picked":["RobotSpaceExplorer:Ammunition","RobotSpaceExplorer:SurgingStrike","RobotSpaceExplorer:MiniBoosters"],"picked":"SKIP","floor":31},{"not_picked":["RobotSpaceExplorer:SurgingStrike","RobotSpaceExplorer:FranticSearch","RobotSpaceExplorer:StunGrenade+1"],"picked":"SKIP","floor":35}],"player_experience":1033294,"relics_obtained":[{"floor":6,"key":"Oddly Smooth Stone"},{"floor":8,"key":"Replay:Bandana"},{"floor":9,"key":"bronze:BronzeIdol"},{"floor":14,"key":"Torii"},{"floor":24,"key":"Blue Doll"},{"floor":26,"key":"Regal Pillow"},{"floor":28,"key":"Pet Ghost"},{"floor":30,"key":"Gremlin Food"}],"event_choices":[{"damage_healed":0,"gold_gain":0,"player_choice":"Grow","damage_taken":0,"max_hp_gain":0,"max_hp_loss":0,"event_name":"Living Wall","floor":5,"gold_loss":0,"cards_upgraded":["RobotSpaceExplorer:MiniLasers"]}],"is_beta":false,"boss_relics":[{"not_picked":["Ring of Chaos","Kintsugi"],"picked":"Runic Pyramid"},{"not_picked":["Black Star","RobotSpaceExplorer:TurboCore"],"picked":"Astrolabe"}],"items_purged_floors":[10],"is_endless":false,"potions_floor_spawned":[3,6,18,21,24,29,31,33],"killed_by":"3 Shapes","ascension_level":20}}