{"host":"9z6a73ubmgnn64m2","time":1612482162,"event":{"mods":["BaseMod","Bestiary","Colored Map","Highlight Path","Minty Spire (QoL Compilation)"],"gold_per_floor":[113,113,132,144,160,160,160,160,206,238,257,275,275,294,294,389,389,400,414,428,441,356,356,372,382,408,408,182,194,194,18,18,18,18],"floor_reached":33,"language":"ENG","playtime":4725,"items_purged":[],"score":253,"play_id":"4880bddc-dd09-4041-af15-0c8786a6746d","local_time":"20210204194242","is_ascension_mode":false,"campfire_choices":[{"data":"Clothesline","floor":6,"key":"SMITH"},{"data":"Bash","floor":8,"key":"SMITH"},{"data":"Body Slam","floor":13,"key":"SMITH"},{"data":"True Grit","floor":15,"key":"SMITH"},{"floor":23,"key":"REST"},{"floor":27,"key":"REST"},{"floor":30,"key":"REST"},{"floor":32,"key":"REST"}],"circlet_count":0,"master_deck":["Strike_R+1","Strike_R","Strike_R","Strike_R","Strike_R","Defend_R+1","Defend_R","Defend_R","Defend_R","Bash+1","Feel No Pain+1","Twin Strike","Clothesline+1","Body Slam+1","Iron Wave","True Grit+1","Perfected Strike","Barricade","Shockwave+1","Armaments","Flex+1","Heavy Blade","Fiend Fire","Pommel Strike+1","Cleave","Shrug It Off","Reaper","Armaments"],"relics":["Burning Blood","Oddly Smooth Stone","Ancient Tea Set","Mark of Pain","Boot","War Paint","Orrery","Red Skull"],"acts_visited":["Exordium","TheCity"],"potions_floor_usage":[16,16,25,29,33],"damage_taken":[{"damage":10,"enemies":"Jaw Worm","floor":1,"turns":7},{"damage":0,"enemies":"Small Slimes","floor":3,"turns":4},{"damage":1,"enemies":"Cultist","floor":4,"turns":3},{"damage":11,"enemies":"Blue Slaver","floor":5,"turns":4},{"damage":19,"enemies":"Lagavulin","floor":10,"turns":8},{"damage":10,"enemies":"Exordium Wildlife","floor":11,"turns":5},{"damage":1,"enemies":"Looter","floor":12,"turns":3},{"damage":0,"enemies":"Red Slaver","floor":14,"turns":3},{"damage":72,"enemies":"Hexaghost","floor":16,"turns":17},{"damage":17,"enemies":"Shell Parasite","floor":18,"turns":7},{"damage":31,"enemies":"Spheric Guardian","floor":19,"turns":6},{"damage":8,"enemies":"Chosen and Byrds","floor":20,"turns":8},{"damage":32,"enemies":"Shelled Parasite and Fungi","floor":21,"turns":6},{"damage":26,"enemies":"Snake Plant","floor":24,"turns":6},{"damage":14,"enemies":"Centurion and Healer","floor":25,"turns":5},{"damage":40,"enemies":"Cultist and Chosen","floor":29,"turns":7},{"damage":112,"enemies":"Automaton","floor":33,"turns":12}],"seed_played":"-1101106292077132500","potions_obtained":[{"floor":1,"key":"LiquidMemories"},{"floor":5,"key":"AttackPotion"},{"floor":11,"key":"DuplicationPotion"},{"floor":14,"key":"Strength Potion"},{"floor":19,"key":"ElixirPotion"},{"floor":20,"key":"SmokeBomb"}],"is_trial":false,"path_per_floor":["M","?","M","M","M","R","?","R","T","E","M","M","R","M","R","B",null,"M","M","M","M","?","R","M","M","T","R","$","M","R","$","R","B"],"character_chosen":"IRONCLAD","items_purchased":["Orrery","LiquidBronze","Red Skull","Armaments"],"campfire_rested":4,"item_purchase_floors":[28,28,31,31],"current_hp_per_floor":[84,66,72,77,72,72,88,88,88,75,71,76,76,82,82,16,88,77,52,50,24,24,50,30,22,22,48,48,24,50,50,76,0,0],"gold":18,"neow_bonus":"TEN_PERCENT_HP_BONUS","is_daily":false,"chose_seed":false,"campfire_upgraded":4,"win_rate":0.0,"timestamp":1612482162,"path_taken":["M","?","M","M","M","R","?","R","T","E","M","M","R","M","R","BOSS","M","?","M","M","?","R","M","M","T","R","$","M","R","$","R","BOSS"],"items_purchased_type":["Relic","Potion","Relic","Card"],"build_version":"2020-12-22","purchased_purges":0,"victory":false,"max_hp_per_floor":[88,88,88,88,88,88,88,88,88,88,88,88,88,88,88,88,88,88,88,88,88,88,88,88,88,88,88,88,88,88,88,88,88,88],"card_choices":[{"not_picked":["Shrug It Off","True Grit"],"picked":"Feel No Pain","floor":1},{"not_picked":["Sword Boomerang","Flame Barrier"],"picked":"Twin Strike","floor":3},{"not_picked":["Infernal Blade","Clash"],"picked":"Dark Embrace","floor":4},{"not_picked":["Ghostly Armor","Inflame"],"picked":"Clothesline","floor":5},{"not_picked":["Perfected Strike","Pommel Strike"],"picked":"Body Slam","floor":10},{"not_picked":["Clash","Shockwave"],"picked":"Iron Wave","floor":11},{"not_picked":["Sword Boomerang","Body Slam"],"picked":"True Grit","floor":12},{"not_picked":["Body Slam","Shockwave"],"picked":"Perfected Strike","floor":14},{"not_picked":["Limit Break","Double Tap"],"picked":"Barricade","floor":16},{"not_picked":["Iron Wave","Clothesline"],"picked":"Shockwave","floor":18},{"not_picked":["Sword Boomerang","True Grit+1"],"picked":"Armaments","floor":19},{"not_picked":["Anger","Shrug It Off"],"picked":"Flex+1","floor":20},{"not_picked":["Power Through","Entrench"],"picked":"Heavy Blade","floor":21},{"not_picked":["Iron Wave","Sword Boomerang"],"picked":"Fiend Fire","floor":24},{"not_picked":["Thunderclap","Flame Barrier"],"picked":"Pommel Strike+1","floor":25},{"not_picked":["Power Through","True Grit"],"picked":"Cleave","floor":28},{"not_picked":["Power Through+1","Armaments"],"picked":"Shrug It Off","floor":28},{"not_picked":["Iron Wave+1","Thunderclap"],"picked":"Reaper","floor":28},{"not_picked":["Clash","Heavy Blade","Sword Boomerang+1"],"picked":"SKIP","floor":29}],"player_experience":6316,"relics_obtained":[{"floor":9,"key":"Oddly Smooth Stone"},{"floor":10,"key":"Ancient Tea Set"},{"floor":26,"key":"War Paint"}],"event_choices":[{"damage_healed":0,"gold_gain":0,"player_choice":"Entered Light","damage_taken":18,"max_hp_gain":0,"max_hp_loss":0,"event_name":"Shining Light","floor":2,"gold_loss":0,"cards_upgraded":["Feel No Pain","Strike_R"]},{"cards_removed":["Dark Embrace"],"damage_healed":16,"gold_gain":0,"player_choice":"Offered Uncommon","damage_taken":0,"max_hp_gain":0,"max_hp_loss":0,"event_name":"Bonfire Elementals","floor":7,"gold_loss":0},{"damage_healed":0,"gold_gain":0,"player_choice":"Obtained Relic","damage_taken":0,"relics_obtained":["Boot"],"max_hp_gain":0,"max_hp_loss":0,"event_name":"Addict","floor":22,"gold_loss":85}],"is_beta":false,"boss_relics":[{"not_picked":["Philosopher\u0027s Stone","Astrolabe"],"picked":"Mark of Pain"}],"items_purged_floors":[],"is_endless":false,"potions_floor_spawned":[1,5,11,14,19,20],"killed_by":"Automaton","ascension_level":0}}