{"host":"y76clbnovzmw9ubx","time":1612482454,"event":{"mods":["AchievementEnabler","BaseMod","Minty Spire (QoL Compilation)","Permanent Neow","Relic Stats"],"gold_per_floor":[57,57,116,153,153,153,188,188,188,302,302,411,411,14,14,118,118,161,226,226,226],"floor_reached":20,"language":"ENG","playtime":1121,"items_purged":["Strike_G"],"score":364,"play_id":"c1359c9d-331e-4987-b707-bda1f79898dc","local_time":"20210204184734","is_ascension_mode":true,"campfire_choices":[{"data":"HandOfGreed","floor":6.0,"key":"SMITH"},{"floor":8.0,"key":"REST"},{"data":"All Out Attack","floor":11.0,"key":"SMITH"},{"floor":13.0,"key":"REST"},{"data":"Thinking Ahead","floor":15.0,"key":"SMITH"}],"circlet_count":0,"master_deck":["AscendersBane","Strike_G","Strike_G","Strike_G","Strike_G","Defend_G","Defend_G","Defend_G","Defend_G","Defend_G","Survivor","Neutralize","HandOfGreed+1","All Out Attack+1","Infinite Blades","Dagger Spray","PiercingWail","Backflip","Well Laid Plans","Thinking Ahead+1","Bullet Time","Finisher","Malaise"],"relics":["Ring of the Snake","Gremlin Horn","Strawberry","Bronze Scales","Membership Card","Centennial Puzzle","Cursed Key"],"acts_visited":["Exordium","TheCity"],"potions_floor_usage":[16,16,16,20],"damage_taken":[{"damage":4.0,"enemies":"Small Slimes","floor":1.0,"turns":6.0},{"damage":1.0,"enemies":"2 Louse","floor":3.0,"turns":4.0},{"damage":8.0,"enemies":"Jaw Worm","floor":4.0,"turns":5.0},{"damage":51.0,"enemies":"Lagavulin","floor":7.0,"turns":8.0},{"damage":1.0,"enemies":"Lots of Slimes","floor":10.0,"turns":9.0},{"damage":9.0,"enemies":"3 Sentries","floor":12.0,"turns":12.0},{"damage":34,"enemies":"Slime Boss","floor":16,"turns":8},{"damage":13,"enemies":"Shell Parasite","floor":18,"turns":6},{"damage":9,"enemies":"2 Thieves","floor":19,"turns":5},{"damage":31,"enemies":"Chosen and Byrds","floor":20,"turns":4}],"seed_played":"-3795761296557225897","potions_obtained":[{"floor":3.0,"key":"Explosive Potion"},{"floor":4.0,"key":"Regen Potion"},{"floor":12.0,"key":"EntropicBrew"},{"floor":18,"key":"Weak Potion"}],"is_trial":false,"path_per_floor":["M","?","M","M","?","R","E","R","T","M","R","E","R","$","R","B",null,"M","M","M"],"character_chosen":"THE_SILENT","items_purchased":["Membership Card","Well Laid Plans","Centennial Puzzle","Thinking Ahead"],"campfire_rested":2,"item_purchase_floors":[14,14,14,14],"current_hp_per_floor":[55,55,54,46,46,46,10,29,36,35,35,26,47,47,47,13,58,45,36,5,5],"gold":226,"neow_bonus":"RANDOM_COLORLESS_2","is_daily":false,"chose_seed":false,"campfire_upgraded":3,"win_rate":0.0,"timestamp":1612482454,"path_taken":["M","?","M","M","?","R","E","R","T","M","R","E","R","$","R","BOSS","M","M","M"],"items_purchased_type":["Relic","Card","Relic","Card"],"build_version":"2020-12-22","purchased_purges":1,"victory":false,"max_hp_per_floor":[66,66,66,66,66,66,66,66,73,73,73,73,73,73,73,73,73,73,73,73,73],"relic_stats":{"Centennial Puzzle":[12],"Gremlin Horn":[9,9],"counters":[10,67],"Bronze Scales":[69],"Cursed Key":0,"obtain_stats":[{"Centennial Puzzle":14,"Gremlin Horn":7,"Strawberry":9,"Bronze Scales":12,"Membership Card":14,"Cursed Key":17,"Ring of the Snake":0},{"Centennial Puzzle":6,"Gremlin Horn":4,"Strawberry":4,"Bronze Scales":6,"Membership Card":6,"Cursed Key":7,"Ring of the Snake":0},{"Centennial Puzzle":44,"Gremlin Horn":23,"Strawberry":23,"Bronze Scales":44,"Membership Card":44,"Cursed Key":52,"Ring of the Snake":0}],"Ring of the Snake":[20]},"card_choices":[{"not_picked":["Sadistic Nature","Thinking Ahead"],"picked":"HandOfGreed","floor":0.0},{"not_picked":["Caltrops","Choke"],"picked":"All Out Attack","floor":1.0},{"not_picked":["Deadly Poison","Acrobatics"],"picked":"Infinite Blades","floor":3.0},{"not_picked":["Underhanded Strike","Sucker Punch"],"picked":"Dagger Spray","floor":4.0},{"not_picked":["Crippling Poison","Quick Slash"],"picked":"PiercingWail","floor":7.0},{"not_picked":["Corpse Explosion","Eviscerate"],"picked":"Backflip","floor":10.0},{"not_picked":["Grand Finale","Prepared","Dagger Spray"],"picked":"SKIP","floor":12.0},{"not_picked":["Wraith Form v2","Corpse Explosion"],"picked":"Bullet Time","floor":16},{"not_picked":["Poisoned Stab","Accuracy"],"picked":"Finisher","floor":18},{"not_picked":["Underhanded Strike","Poisoned Stab"],"picked":"Malaise","floor":19}],"player_experience":3183105,"relics_obtained":[{"floor":7.0,"key":"Gremlin Horn"},{"floor":9.0,"key":"Strawberry"},{"floor":12.0,"key":"Bronze Scales"}],"event_choices":[{"damage_healed":0.0,"max_hp_gain":0.0,"max_hp_loss":0.0,"gold_gain":0.0,"event_name":"Liars Game","player_choice":"Ignored","floor":2.0,"gold_loss":0.0,"damage_taken":0.0},{"damage_healed":0.0,"max_hp_gain":0.0,"max_hp_loss":0.0,"gold_gain":0.0,"event_name":"Scrap Ooze","player_choice":"Fled","floor":5.0,"gold_loss":0.0,"damage_taken":0.0}],"is_beta":false,"boss_relics":[{"not_picked":["Ectoplasm","Fusion Hammer"],"picked":"Cursed Key"}],"items_purged_floors":[14],"is_endless":false,"potions_floor_spawned":[3,4,12,18],"killed_by":"Chosen and Byrds","ascension_level":20}}