{"host":"a5406dzxsi185pm5","time":1612441346,"event":{"mods":["AchievementEnabler","BaseMod","Bestiary","Colored Map","Colored Powertips","Keyboard Shortcuts","Minty Spire (QoL Compilation)"],"gold_per_floor":[118,132,152,152,168,168,201,201,247,264,264,328,392,421,433,548,560,590,602,614,643,667,712,724,751,788,458,201,201,215,230,230,335,335,348,396,406,416,426,455,474,8,31,31,51,51,51,51],"floor_reached":47,"language":"ENG","playtime":4459,"items_purged":["Riddle With Holes","Slice"],"score":531,"play_id":"fb4e3231-ad72-4d74-8506-2104b302acb3","local_time":"20210204072226","is_ascension_mode":false,"campfire_choices":[{"data":"Predator","floor":6.0,"key":"SMITH"},{"floor":8.0,"key":"REST"},{"data":"Backstab","floor":11.0,"key":"SMITH"},{"floor":15.0,"key":"REST"},{"floor":24.0,"key":"REST"},{"floor":32,"key":"REST"},{"floor":46,"key":"REST"}],"circlet_count":0,"master_deck":["Survivor","Neutralize","Sucker Punch","Backstab+1","Predator+1","Deadly Poison","Quick Slash","Flying Knee","Sucker Punch","After Image","All Out Attack","Burst","Backflip","Phantasmal Killer","Corpse Explosion","Bouncing Flask","Catalyst","Bullet Time","Outmaneuver","Bane","Phantasmal Killer","Noxious Fumes","Prepared+1","Flying Knee","Sadistic Nature","Accuracy","Crippling Poison","Backflip+1","Unload","Crippling Poison+1","Dagger Spray+1","Eviscerate","Slice+1","Accuracy+1","Cloak And Dagger+1","Sadistic Nature","Accuracy","Choke"],"relics":["Ring of the Snake","Bottled Flame","Regal Pillow","MawBank","Blood Vial","Pandora\u0027s Box","Bag of Preparation","Tiny Chest","Snake Skull","Pen Nib","Snecko Eye","Smiling Mask","Strawberry","Bronze Scales","Bag of Marbles"],"acts_visited":["TheCity","TheBeyond"],"potions_floor_usage":[33,40,41,45,47],"damage_taken":[{"damage":13.0,"enemies":"Cultist","floor":1.0,"turns":5.0},{"damage":0.0,"enemies":"Jaw Worm","floor":2.0,"turns":3.0},{"damage":0.0,"enemies":"Small Slimes","floor":3.0,"turns":4.0},{"damage":1.0,"enemies":"Blue Slaver","floor":5.0,"turns":3.0},{"damage":20.0,"enemies":"Lagavulin","floor":7.0,"turns":6.0},{"damage":6.0,"enemies":"Exordium Wildlife","floor":10.0,"turns":2.0},{"damage":15.0,"enemies":"Gremlin Nob","floor":12.0,"turns":4.0},{"damage":0.0,"enemies":"Looter","floor":14.0,"turns":1.0},{"damage":62.0,"enemies":"Slime Boss","floor":16.0,"turns":12.0},{"damage":20.0,"enemies":"2 Thieves","floor":18.0,"turns":2.0},{"damage":6.0,"enemies":"Chosen","floor":21.0,"turns":3.0},{"damage":19.0,"enemies":"Centurion and Healer","floor":22.0,"turns":5.0},{"damage":45.0,"enemies":"Gremlin Leader","floor":23.0,"turns":5.0},{"damage":4.0,"enemies":"Chosen and Byrds","floor":25.0,"turns":4.0},{"damage":9.0,"enemies":"Snake Plant","floor":30.0,"turns":3.0},{"damage":6.0,"enemies":"3 Cultists","floor":31.0,"turns":4.0},{"damage":36,"enemies":"Champ","floor":33,"turns":9},{"damage":0,"enemies":"3 Shapes","floor":35,"turns":3},{"damage":7,"enemies":"3 Darklings","floor":37,"turns":2},{"damage":29,"enemies":"4 Shapes","floor":38,"turns":3},{"damage":0,"enemies":"Sphere and 2 Shapes","floor":39,"turns":3},{"damage":21,"enemies":"Nemesis","floor":40,"turns":6},{"damage":24,"enemies":"Writhing Mass","floor":41,"turns":4},{"damage":8,"enemies":"Maw","floor":45,"turns":6},{"damage":60,"enemies":"Giant Head","floor":47,"turns":7}],"seed_played":"-3420710676716264934","potions_obtained":[{"floor":2.0,"key":"SpeedPotion"},{"floor":7.0,"key":"BlessingOfTheForge"},{"floor":12.0,"key":"SkillPotion"},{"floor":14.0,"key":"FairyPotion"},{"floor":18.0,"key":"DuplicationPotion"},{"floor":23.0,"key":"CunningPotion"},{"floor":25.0,"key":"Block Potion"},{"floor":35,"key":"Swift Potion"},{"floor":40,"key":"LiquidBronze"},{"floor":41,"key":"Regen Potion"}],"is_trial":false,"path_per_floor":["M","M","M","?","M","R","E","R","T","M","R","?","T","M","R","B",null,"M","?","?","M","M","E","R","M","T","$","$","?","M","M","R","B",null,"M","T","M","M","M","E","M","$","T","$","M","R","E"],"character_chosen":"THE_SILENT","items_purchased":["Snake Skull","Sadistic Nature","Pen Nib","Accuracy","Sadistic Nature","Bronze Scales","Accuracy"],"campfire_rested":5,"item_purchase_floors":[27,27,28,28,42,42,42],"current_hp_per_floor":[64,64,64,49,48,48,28,51,51,45,45,30,30,32,70,10,77,57,41,41,37,20,5,43,41,41,41,41,41,34,30,68,34,77,77,77,70,43,45,33,11,11,11,11,17,57,0,0],"gold":51,"neow_bonus":"TEN_PERCENT_HP_BONUS","is_daily":false,"chose_seed":false,"campfire_upgraded":2,"win_rate":0.0,"timestamp":1612441346,"path_taken":["M","?","M","?","M","R","E","R","T","M","R","?","?","?","R","BOSS","M","?","?","?","M","E","R","M","T","?","$","?","?","M","R","BOSS","M","?","M","?","M","E","M","?","T","$","M","R","E"],"items_purchased_type":["Relic","Card","Relic","Card","Card","Relic","Card"],"build_version":"2020-12-22","purchased_purges":2,"victory":false,"max_hp_per_floor":[77,77,77,77,77,77,77,77,77,77,77,77,77,77,77,77,77,77,77,77,77,77,77,77,77,77,77,77,77,77,77,77,77,77,77,77,77,77,77,84,84,84,84,84,84,84,84,84],"card_choices":[{"not_picked":["Backflip","Masterful Stab"],"picked":"Slice","floor":1.0},{"not_picked":["Well Laid Plans","Dash"],"picked":"Sucker Punch","floor":2.0},{"not_picked":["Deflect","Dagger Throw"],"picked":"Backstab","floor":3.0},{"not_picked":["Outmaneuver","Skewer"],"picked":"Predator","floor":5.0},{"not_picked":["PiercingWail","Bane"],"picked":"Deadly Poison","floor":7.0},{"not_picked":["Poisoned Stab","Leg Sweep"],"picked":"Quick Slash","floor":10.0},{"not_picked":["PiercingWail","Bane"],"picked":"Flying Knee","floor":12.0},{"not_picked":["Accuracy","Leg Sweep"],"picked":"Sucker Punch","floor":14.0},{"not_picked":["Bullet Time","Malaise"],"picked":"After Image","floor":16.0},{"not_picked":["All Out Attack","Dodge and Roll"],"picked":"Bane","floor":18.0},{"not_picked":["Riddle With Holes+1","Distraction"],"picked":"Noxious Fumes","floor":21.0},{"not_picked":["PiercingWail","Dash","Sucker Punch"],"picked":"SKIP","floor":22.0},{"not_picked":["Flechettes+1","PiercingWail"],"picked":"Prepared+1","floor":23.0},{"not_picked":["Outmaneuver","Slice"],"picked":"Flying Knee","floor":25.0},{"not_picked":["Predator+1","Distraction+1"],"picked":"Crippling Poison","floor":30.0},{"not_picked":["Slice","Flying Knee"],"picked":"Backflip+1","floor":31.0},{"not_picked":["Bullet Time","Corpse Explosion"],"picked":"Unload","floor":33},{"not_picked":["Terror+1","Prepared"],"picked":"Crippling Poison+1","floor":35},{"not_picked":["Blade Dance","Prepared+1"],"picked":"Dagger Spray+1","floor":37},{"not_picked":["Endless Agony","Deflect"],"picked":"Eviscerate","floor":38},{"not_picked":["Skewer","Endless Agony"],"picked":"Slice+1","floor":39},{"not_picked":["Quick Slash+1","Caltrops+1"],"picked":"Accuracy+1","floor":40},{"not_picked":["Dagger Spray+1","Riddle With Holes+1"],"picked":"Cloak And Dagger+1","floor":41},{"not_picked":["Acrobatics","Flying Knee"],"picked":"Choke","floor":45}],"player_experience":97633,"relics_obtained":[{"floor":7.0,"key":"Bottled Flame"},{"floor":9.0,"key":"Regal Pillow"},{"floor":12.0,"key":"MawBank"},{"floor":13.0,"key":"Blood Vial"},{"floor":23.0,"key":"Bag of Preparation"},{"floor":26.0,"key":"Tiny Chest"},{"floor":36,"key":"Smiling Mask"},{"floor":40,"key":"Strawberry"},{"floor":43,"key":"Bag of Marbles"}],"event_choices":[{"damage_healed":0.0,"max_hp_gain":0.0,"max_hp_loss":0.0,"gold_gain":0.0,"event_name":"Shining Light","player_choice":"Entered Light","floor":4.0,"gold_loss":0.0,"damage_taken":15.0,"cards_upgraded":["Defend_G","Strike_G"]},{"damage_healed":0.0,"max_hp_gain":0.0,"max_hp_loss":0.0,"gold_gain":30.0,"event_name":"Dead Adventurer","player_choice":"Searched \u00273\u0027 times","floor":12.0,"gold_loss":0.0,"damage_taken":0.0},{"damage_healed":0.0,"max_hp_gain":0.0,"max_hp_loss":0.0,"gold_gain":0.0,"event_name":"Cursed Tome","player_choice":"Obtained Book","floor":19.0,"gold_loss":0.0,"damage_taken":16.0},{"damage_healed":0.0,"max_hp_gain":0.0,"max_hp_loss":0.0,"gold_gain":0.0,"event_name":"Duplicator","player_choice":"Copied","floor":20.0,"gold_loss":0.0,"damage_taken":0.0,"cards_obtained":["Phantasmal Killer"]},{"damage_healed":0.0,"max_hp_gain":0.0,"max_hp_loss":0.0,"gold_gain":0.0,"event_name":"Ghosts","player_choice":"Ignored","floor":29.0,"gold_loss":0.0,"damage_taken":0.0}],"is_beta":false,"boss_relics":[{"not_picked":["Ring of the Serpent","Astrolabe"],"picked":"Pandora\u0027s Box"},{"not_picked":["SlaversCollar","Runic Pyramid"],"picked":"Snecko Eye"}],"items_purged_floors":[28,42],"is_endless":false,"potions_floor_spawned":[2,7,12,14,16,18,23,25,35,40,41],"killed_by":"Giant Head","ascension_level":0}}