{"host":"1q02rw1wpi0nrsss","time":1612420149,"event":{"mods":["AchievementEnabler","BaseMod","Better Note","Custom Start","Dark Map","DeckTracker","Disable Question Mark Monsters","Hermit","Minty Spire (QoL Compilation)","Permanent Neow","Quick Restart","Rare Cards Sparkle","Relic Stats","StSLib","??????REMEMod"],"gold_per_floor":[117,87,97,22,22,22,48,62,62,62,80,80,93,127,127,226,226,239,239,239,250,175,175,32,58,58,58,85,85,14,33,33,137,137,151,170,170,45,62,62,82,82,82,102,102,120,136,169,169,169,169],"floor_reached":50,"language":"ENG","playtime":1851,"items_purged":["Shame","Strike_G"],"score":627,"play_id":"4c7d6f25-522d-45b0-9d63-65a791e5f8f2","local_time":"20210203222909","is_ascension_mode":true,"campfire_choices":[{"data":"Neutralize","floor":6.0,"key":"SMITH"},{"data":"Unload","floor":10.0,"key":"SMITH"},{"data":"Backflip","floor":12.0,"key":"SMITH"},{"data":"Survivor","floor":15.0,"key":"SMITH"},{"data":"Blur","floor":23.0,"key":"SMITH"},{"data":"Defend_G","floor":27.0,"key":"SMITH"},{"floor":29.0,"key":"REST"},{"data":"Storm of Steel","floor":32.0,"key":"SMITH"},{"data":"REME_SpectralBlade","floor":40.0,"key":"SMITH"},{"data":"Blur","floor":42,"key":"SMITH"},{"floor":45,"key":"REST"},{"floor":49,"key":"REST"}],"circlet_count":0,"master_deck":["Strike_G","Defend_G","Defend_G","Defend_G","Defend_G","Defend_G+1","Survivor+1","Neutralize+1","Unload+1","REME_SpectralBlade+1","Backflip+1","Blur+1","Backflip+1","Storm of Steel+1","REME_SpectralBlade+1","Blur+1","Blur+1"],"relics":["Ring of the Snake","REME_ComplimentaryCards","Shuriken","Smiling Mask","REME_IWantAll","Sozu","Pen Nib","Bag of Marbles","Boot","Empty Cage","Ninja Scroll","Mercury Hourglass"],"acts_visited":["Exordium","TheCity","TheBeyond"],"potions_floor_usage":[],"damage_taken":[{"damage":4.0,"enemies":"Small Slimes","floor":1.0,"turns":4.0},{"damage":0.0,"enemies":"Cultist","floor":3.0,"turns":3.0},{"damage":6.0,"enemies":"3 Sentries","floor":7.0,"turns":7.0},{"damage":0.0,"enemies":"2 Louse","floor":8.0,"turns":1.0},{"damage":1.0,"enemies":"Looter","floor":11.0,"turns":4.0},{"damage":0.0,"enemies":"2 Fungi Beasts","floor":13.0,"turns":2.0},{"damage":19.0,"enemies":"Gremlin Nob","floor":14.0,"turns":4.0},{"damage":19.0,"enemies":"The Guardian","floor":16.0,"turns":8.0},{"damage":0.0,"enemies":"Chosen","floor":18.0,"turns":4.0},{"damage":3.0,"enemies":"Spheric Guardian","floor":21.0,"turns":4.0},{"damage":15.0,"enemies":"Slavers","floor":25.0,"turns":7.0},{"damage":22.0,"enemies":"REME_1_Revenger","floor":28.0,"turns":5.0},{"damage":0.0,"enemies":"Chosen and Byrds","floor":31.0,"turns":6.0},{"damage":27.0,"enemies":"Champ","floor":33.0,"turns":12.0},{"damage":4.0,"enemies":"3 Darklings","floor":35.0,"turns":7.0},{"damage":0.0,"enemies":"3 Shapes","floor":36.0,"turns":4.0},{"damage":3.0,"enemies":"3 Darklings","floor":39.0,"turns":8.0},{"damage":17,"enemies":"Transient","floor":41,"turns":5},{"damage":9,"enemies":"Jaw Worm Horde","floor":44,"turns":4},{"damage":10,"enemies":"Maw","floor":46,"turns":7},{"damage":0,"enemies":"Spire Growth","floor":47,"turns":2},{"damage":0,"enemies":"Reptomancer","floor":48,"turns":6},{"damage":77,"enemies":"Donu and Deca","floor":50,"turns":9}],"seed_played":"-8792302905979920866","potions_obtained":[{"floor":1.0,"key":"DuplicationPotion"},{"floor":2.0,"key":"Fruit Juice"},{"floor":2.0,"key":"EntropicBrew"},{"floor":8.0,"key":"Energy Potion"}],"is_trial":false,"path_per_floor":["M","?","M","$","?","R","E","M","T","R","M","R","M","E","R","B",null,"M","?","?","M","?","R","$","E","T","R","E","R","$","M","R","B",null,"M","M","?","$","M","R","M","R","T","M","R","M","M","E","R","B"],"character_chosen":"THE_SILENT","items_purchased":["Pen Nib","Storm of Steel","Blur"],"campfire_rested":3,"item_purchase_floors":[24,30,38],"current_hp_per_floor":[66,66,66,66,66,66,65,65,65,65,64,64,64,45,45,26,75,75,75,75,72,72,72,72,57,57,57,35,57,57,57,57,30,75,71,71,71,71,68,68,51,51,51,42,64,54,54,54,75,0,0],"gold":169,"neow_bonus":"THREE_RARE_CARDS","is_daily":false,"chose_seed":false,"campfire_upgraded":9,"win_rate":0.0,"timestamp":1612420149,"path_taken":["M","?","?","$","?","R","E","M","T","R","M","R","M","E","R","BOSS","M","?","?","M","?","R","$","E","T","R","E","R","$","M","R","BOSS","M","M","?","$","M","R","?","R","T","?","R","M","M","E","R","BOSS"],"items_purchased_type":["Relic","Card","Card"],"build_version":"2020-12-22","purchased_purges":2,"victory":false,"max_hp_per_floor":[70,70,70,70,70,70,75,75,75,75,75,75,75,75,75,75,75,75,75,75,75,75,75,75,75,75,75,75,75,75,75,75,75,75,75,75,75,75,75,75,75,75,75,75,75,75,75,75,75,75,75],"relic_stats":{"Sozu":9,"counters":[23,123],"Shuriken":[49],"Pen Nib":[20],"Smiling Mask":50,"Boot":[18],"obtain_stats":[{"Sozu":17,"Shuriken":7,"Ninja Scroll":43,"Pen Nib":24,"Bag of Marbles":25,"Smiling Mask":9,"REME_IWantAll":14,"Boot":28,"Empty Cage":34,"Ring of the Snake":0,"REME_ComplimentaryCards":0,"Mercury Hourglass":48},{"Sozu":8,"Shuriken":3,"Ninja Scroll":18,"Pen Nib":10,"Bag of Marbles":11,"Smiling Mask":4,"REME_IWantAll":7,"Boot":12,"Empty Cage":14,"Ring of the Snake":0,"REME_ComplimentaryCards":0,"Mercury Hourglass":22},{"Sozu":33,"Shuriken":14,"Ninja Scroll":95,"Pen Nib":41,"Bag of Marbles":48,"Smiling Mask":15,"REME_IWantAll":25,"Boot":53,"Empty Cage":71,"Ring of the Snake":0,"REME_ComplimentaryCards":0,"Mercury Hourglass":114}],"Ring of the Snake":[46],"Mercury Hourglass":[27]},"card_choices":[{"not_picked":["REME_GrazeFinale","Storm of Steel"],"picked":"REME_SpectralBlade","floor":0.0},{"not_picked":["Acrobatics","Cloak And Dagger"],"picked":"Backflip","floor":1.0},{"not_picked":["Cloak And Dagger","Dodge and Roll","Blade Dance"],"picked":"SKIP","floor":3.0},{"not_picked":["Sucker Punch","Deadly Poison","Blade Dance"],"picked":"SKIP","floor":7.0},{"not_picked":["Dagger Spray","Deadly Poison","Caltrops"],"picked":"SKIP","floor":8.0},{"not_picked":["Cloak And Dagger","Flying Knee","Grand Finale"],"picked":"SKIP","floor":11.0},{"not_picked":["Poisoned Stab","Riddle With Holes","Deadly Poison"],"picked":"SKIP","floor":13.0},{"not_picked":["Quick Slash","Cloak And Dagger","Prepared"],"picked":"SKIP","floor":14.0},{"not_picked":["Poisoned Stab+1","Bane","Eviscerate"],"picked":"SKIP","floor":18.0},{"not_picked":["Quick Slash","Blade Dance+1"],"picked":"Backflip+1","floor":21.0},{"not_picked":["Eviscerate","Slice","Riddle With Holes"],"picked":"SKIP","floor":25.0},{"not_picked":["Dagger Throw","Bouncing Flask","Poisoned Stab"],"picked":"SKIP","floor":28.0},{"not_picked":["Masterful Stab","Blade Dance","Backflip"],"picked":"SKIP","floor":31.0},{"not_picked":["Grand Finale","REME_LeechingPoison"],"picked":"REME_SpectralBlade","floor":33.0},{"not_picked":["Calculated Gamble","Quick Slash+1","Flying Knee+1"],"picked":"SKIP","floor":35.0},{"not_picked":["Noxious Fumes+1","Acrobatics+1","Reflex"],"picked":"SKIP","floor":36.0},{"not_picked":["Sucker Punch+1","Deflect+1","Setup+1"],"picked":"SKIP","floor":39.0},{"not_picked":["Flying Knee","Bane","Underhanded Strike"],"picked":"SKIP","floor":41},{"not_picked":["Backstab+1","Deflect+1","Sucker Punch"],"picked":"SKIP","floor":44},{"not_picked":["Heel Hook+1","Sucker Punch","Outmaneuver"],"picked":"SKIP","floor":46},{"not_picked":["Heel Hook","Cloak And Dagger+1","Escape Plan+1"],"picked":"SKIP","floor":47},{"not_picked":["Night Terror","Slice+1","Dash+1"],"picked":"SKIP","floor":48}],"player_experience":75162,"relics_obtained":[{"floor":7.0,"key":"Shuriken"},{"floor":9.0,"key":"Smiling Mask"},{"floor":14.0,"key":"REME_IWantAll"},{"floor":25.0,"key":"Bag of Marbles"},{"floor":28.0,"key":"Boot"},{"floor":43,"key":"Ninja Scroll"},{"floor":48,"key":"Mercury Hourglass"}],"event_choices":[{"damage_healed":0.0,"max_hp_gain":0.0,"max_hp_loss":0.0,"gold_gain":0.0,"event_name":"The Woman in Blue","player_choice":"Bought 2 Potions","floor":2.0,"gold_loss":0.0,"damage_taken":0.0},{"damage_healed":0.0,"max_hp_gain":0.0,"max_hp_loss":0.0,"gold_gain":0.0,"event_name":"Living Wall","player_choice":"Grow","floor":5.0,"gold_loss":0.0,"damage_taken":0.0,"cards_upgraded":["REME_SpectralBlade"]},{"damage_healed":0.0,"max_hp_gain":0.0,"max_hp_loss":0.0,"gold_gain":0.0,"event_name":"Ghosts","player_choice":"Ignored","floor":19.0,"gold_loss":0.0,"damage_taken":0.0},{"damage_healed":0.0,"max_hp_gain":0.0,"max_hp_loss":0.0,"gold_gain":0.0,"event_name":"The Library","player_choice":"Read","floor":20.0,"gold_loss":0.0,"damage_taken":0.0,"cards_obtained":["Blur"]},{"cards_removed":["Strike_G"],"damage_healed":0.0,"max_hp_gain":0.0,"max_hp_loss":0.0,"gold_gain":0.0,"event_name":"Beggar","player_choice":"Gave Gold","floor":22.0,"gold_loss":75.0,"damage_taken":0.0},{"damage_healed":0.0,"max_hp_gain":0.0,"max_hp_loss":0.0,"gold_gain":0.0,"event_name":"Duplicator","player_choice":"Copied","floor":37.0,"gold_loss":0.0,"damage_taken":0.0,"cards_obtained":["Blur"]}],"is_beta":false,"boss_relics":[{"not_picked":["Ring of the Serpent","Busted Crown"],"picked":"Sozu"},{"not_picked":["REME_LowDesire","Philosopher\u0027s Stone"],"picked":"Empty Cage"}],"items_purged_floors":[4,38],"is_endless":false,"potions_floor_spawned":[1,8,13,18,25,28,35,39,47],"killed_by":"Donu and Deca","ascension_level":2}}