{"host":"3twtdwjpiqhvvn5s","time":1612465245,"event":{"mods":["AchievementEnabler","Act Like it!","Aspiration","BaseMod","BetterRewards","Colored Map","Colored Powertips","Downfall","Duelist Mod","Friendly Minions","GifTheSpireLib","Hallownest","Hermit","Hubris","Infinite Spire","Jorbs\u0027s Wanderer Trilogy","Koishi","KomeijiMod","Marisa????????","Minty Spire (QoL Compilation)","Quick Restart","Rare Cards Sparkle","Replay The Spire","Shop Mod","StSLib","Td1madao Mod","The Administrix","The Animator","The Bug Knight","The Caster","The Cursed","The Disciple","The Hierophant","The Necromancer","The Poker Player","The Runesmith","The Servant 0.9.4"],"gold_per_floor":[120,120,1,12,28,28,45,13,40,40,70,70,70,70,70,168,168,181,2,2,16,16,50,50,78,78,96,114,114,114,128,128,227,227,242,93,93,109,109,109,128,128,128,128,140,15,15,15,15,15],"floor_reached":51,"language":"ENG","playtime":70326,"items_purged":["Sickly","bronze:Strike","AdministrixMod:BloodlessSapphire","AdministrixMod:BloodlessSapphire"],"score":731,"play_id":"78624b63-4e89-4c1e-a3c8-c5a7a17ba555","local_time":"20210204130045","daily_mods":["downfall:Enraging"],"is_ascension_mode":false,"campfire_choices":[{"data":"AdministrixMod:FeastOfDew","floor":6,"key":"SMITH"},{"data":"AdministrixMod:CastOffRegrets","floor":10,"key":"SMITH"},{"floor":15,"key":"REST"},{"data":"AdministrixMod:LuminaryPath","floor":24,"key":"SMITH"},{"data":"AdministrixMod:HaveItAll","floor":29,"key":"SMITH"},{"data":"AdministrixMod:WickedPunishment","floor":40,"key":"SMITH"},{"data":"AdministrixMod:RisingSunPrince","floor":42,"key":"SMITH"},{"data":"AdministrixMod:Convergence","floor":44,"key":"SMITH"},{"data":"AdministrixMod:WickedPunishment","floor":49,"key":"SMITH"}],"circlet_count":0,"master_deck":["AdministrixMod:RedCloak","AdministrixMod:BlueCloak","AdministrixMod:SeventeenArticleLaser","AdministrixMod:FeastOfDew+1","AdministrixMod:PassageOfAges","AdministrixMod:WickedPunishment","AdministrixMod:ShadowPlay","AdministrixMod:ShadowPlay","AdministrixMod:CastOffRegrets+1","AdministrixMod:WickedPunishment+1","AdministrixMod:Convergence","CurseOfTheBell","CurseOfTheBell","AdministrixMod:LuminaryPath+1","AdministrixMod:HaveItAll+1","AdministrixMod:WickedPunishment+1","AdministrixMod:RisingSunPrince+1","AdministrixMod:PassageOfAges","AdministrixMod:CenturiesAscent","AdministrixMod:ImmortalPurity","AdministrixMod:SeventeenArticleLaser+1","AdministrixMod:Convergence+1","AdministrixMod:GuanyinBlessing","AdministrixMod:DiversionaryTactic","AdministrixMod:ArmillarySphere","AdministrixMod:FuneraryRites","AdministrixMod:DreamsMausoleum","AdministrixMod:FiendishCrimson","AdministrixMod:FiendishCrimson","AdministrixMod:FiendishCrimson","AdministrixMod:BloodlessSapphire","AdministrixMod:ImmortalPurity+1","AdministrixMod:RisingSunPrince"],"relics":["AdministrixMod:ConductorRitualBaton","bronze:AnalyticalCore","Ring of Chaos","ReplayTheSpireMod:CursedCoin","Bag of Marbles","hubris:MysteriousPyramids","downfall:ExtraCursedBell","Juzu Bracelet","hubris:PeanutButter","Turnip","hubris:SphereOfDissonance","aspiration:SecretTechniqueScroll","Oddly Smooth Stone","AdministrixMod:CrackedTaijitu","infinitespire:Beetle Shell","Ring of Misfortune","ReplayTheSpireMod:Ring of Challenge","Runic Pyramid","AdministrixMod:BloodSoakedVeil","ReplayTheSpireMod:Ninjato","StrikeDummy"],"acts_visited":["Exordium","TheCity","TheBeyond"],"potions_floor_usage":[18,21,31,33,35,41,45,50,50,50,50,50,50],"damage_taken":[{"damage":0,"enemies":"Cultist","floor":1,"turns":2},{"damage":0,"enemies":"Jaw Worm","floor":4,"turns":2},{"damage":0,"enemies":"Small Slimes","floor":5,"turns":2},{"damage":0,"enemies":"Exordium Wildlife","floor":7,"turns":3},{"damage":25,"enemies":"Lagavulin","floor":11,"turns":4},{"damage":28,"enemies":"Hexaghost","floor":16,"turns":6},{"damage":8,"enemies":"Shell Parasite","floor":18,"turns":4},{"damage":0,"enemies":"Spheric Guardian","floor":21,"turns":4},{"damage":0,"enemies":"Gremlin Leader","floor":23,"turns":3},{"damage":0,"enemies":"Replay:Snechameleon","floor":25,"turns":3},{"damage":0,"enemies":"3 Cultists","floor":27,"turns":3},{"damage":0,"enemies":"Snecko","floor":28,"turns":4},{"damage":13,"enemies":"Snake Plant","floor":31,"turns":5},{"damage":0,"enemies":"Automaton","floor":33,"turns":4},{"damage":0,"enemies":"Orb Walker","floor":35,"turns":3},{"damage":2,"enemies":"3 Darklings","floor":38,"turns":5},{"damage":0,"enemies":"Transient","floor":41,"turns":5},{"damage":27,"enemies":"Writhing Mass","floor":45,"turns":3},{"damage":31,"enemies":"Donu and Deca","floor":50,"turns":6}],"seed_played":"-4247829225682077970","potions_obtained":[{"floor":1,"key":"Weak Potion"},{"floor":7,"key":"FearPotion"},{"floor":27,"key":"JyouchiReiPotion"},{"floor":31,"key":"Fire Potion"},{"floor":33,"key":"Elixir"},{"floor":38,"key":"LifebloodPotion"},{"floor":41,"key":"Death Potion"},{"floor":48,"key":"AttackPotion"},{"floor":48,"key":"JyouchiReiPotion"},{"floor":48,"key":"EntropicBrew"}],"is_trial":true,"path_per_floor":["M","?","$","M","M","R","M","$","T","R","E","?","T","?","R","B",null,"M","$","?","M","?","E","R","E","T","M","M","R","?","M","R_BF","B",null,"M","$","?","M","AVR","R","M","R","T","R","M","$","?","?","R","B",null],"character_chosen":"TheAdministrix","items_purchased":["AdministrixMod:FeastOfDew","AdministrixMod:PassageOfAges","ReplayTheSpireMod:CursedCoin","AdministrixMod:CastOffRegrets","AdministrixMod:WickedPunishment","AdministrixMod:RisingSunPrince","AdministrixMod:PassageOfAges","AdministrixMod:CenturiesAscent","AdministrixMod:FuneraryRites"],"campfire_rested":1,"item_purchase_floors":[3,3,8,8,8,19,19,19,36],"current_hp_per_floor":[65,65,65,65,65,65,65,65,65,65,40,40,40,43,62,34,65,57,57,60,60,63,63,63,63,63,63,63,63,65,52,65,65,65,65,65,65,63,63,63,65,65,65,65,38,41,44,47,47,16],"gold":15,"neow_bonus":"","is_daily":false,"chose_seed":false,"campfire_upgraded":8,"win_rate":0.0,"timestamp":1612465245,"path_taken":["M","?","$","M","?","R","M","$","T","R","E","?","?","?","R","BOSS","M","$","?","M","?","E","R","E","T","M","M","R","?","M","R_BF","BOSS","M","$","?","M","AVR","R","M","R","T","R","M","?","?","?","R","BOSS"],"items_purchased_type":["Card","Card","Relic","Card","Card","Card","Card","Card","Card"],"build_version":"2020-12-22","purchased_purges":4,"victory":true,"max_hp_per_floor":[65,65,65,65,65,65,65,65,65,65,65,65,65,65,65,65,65,65,65,65,65,65,65,65,65,65,65,65,65,65,65,65,65,65,65,65,65,65,65,65,65,65,65,65,65,65,65,65,65,65],"card_choices":[{"not_picked":["AdministrixMod:ImmortalGrace","AdministrixMod:Wuji"],"picked":"AdministrixMod:SeventeenArticleLaser","floor":1},{"not_picked":["AdministrixMod:CastOffRegrets","AdministrixMod:BloodBargain"],"picked":"AdministrixMod:WickedPunishment","floor":4},{"not_picked":["AdministrixMod:FuneraryRites","AdministrixMod:FiendishCrimson"],"picked":"AdministrixMod:ShadowPlay","floor":5},{"not_picked":["AdministrixMod:JustRewards","AdministrixMod:CrackingPangu"],"picked":"AdministrixMod:ShadowPlay","floor":7},{"not_picked":["AdministrixMod:RegentEdict","AdministrixMod:NoblePath"],"picked":"AdministrixMod:Convergence","floor":11},{"not_picked":["AdministrixMod:NewbornDivinity","AdministrixMod:TenDesires"],"picked":"AdministrixMod:HaveItAll","floor":16},{"not_picked":["AdministrixMod:BloodlessSapphire","AdministrixMod:TouchOfCinnabar"],"picked":"AdministrixMod:WickedPunishment","floor":18},{"not_picked":["AdministrixMod:LightOfYourLife","AdministrixMod:FiendishCrimson+1"],"picked":"AdministrixMod:ImmortalPurity","floor":21},{"not_picked":["AdministrixMod:SipOfSparks","AdministrixMod:ExtolVirtue"],"picked":"AdministrixMod:SeventeenArticleLaser","floor":23},{"not_picked":["AdministrixMod:DiversionaryTactic","AdministrixMod:NewWardrobe"],"picked":"AdministrixMod:Convergence","floor":25},{"not_picked":["AdministrixMod:JustRewards","AdministrixMod:CenturiesAscent"],"picked":"AdministrixMod:GuanyinBlessing","floor":27},{"not_picked":["AdministrixMod:RegentEdict","AdministrixMod:RebukeDesires","AdministrixMod:BloodBargain+1"],"picked":"SKIP","floor":28},{"not_picked":["AdministrixMod:BloodlessSapphire","AdministrixMod:SipOfSparks"],"picked":"AdministrixMod:DiversionaryTactic","floor":31},{"not_picked":["AdministrixMod:SealAway+1","AdministrixMod:FuneraryRites+1"],"picked":"AdministrixMod:ArmillarySphere","floor":35},{"not_picked":["AdministrixMod:SyncreticSurge","AdministrixMod:Overdrive+1"],"picked":"AdministrixMod:DreamsMausoleum","floor":38},{"not_picked":["AdministrixMod:CrackingPangu+1","AdministrixMod:Wuji","AdministrixMod:FiendishCrimson+1"],"picked":"SKIP","floor":41},{"not_picked":["AdministrixMod:Metempsychosis","AdministrixMod:SyncreticPlunge+1"],"picked":"AdministrixMod:ImmortalPurity+1","floor":45}],"player_experience":2552958,"relics_obtained":[{"floor":9,"key":"Bag of Marbles"},{"floor":11,"key":"hubris:MysteriousPyramids"},{"floor":12,"key":"Juzu Bracelet"},{"floor":12,"key":"hubris:PeanutButter"},{"floor":12,"key":"Turnip"},{"floor":13,"key":"hubris:SphereOfDissonance"},{"floor":23,"key":"Oddly Smooth Stone"},{"floor":25,"key":"AdministrixMod:CrackedTaijitu"},{"floor":26,"key":"infinitespire:Beetle Shell"},{"floor":30,"key":"Ring of Misfortune"},{"floor":30,"key":"ReplayTheSpireMod:Ring of Challenge"},{"floor":43,"key":"StrikeDummy"}],"event_choices":[{"cards_removed":["bronze:Strike"],"damage_healed":0,"gold_gain":0,"player_choice":"Purged","damage_taken":0,"max_hp_gain":0,"max_hp_loss":0,"event_name":"Purifier","floor":2,"gold_loss":0},{"cards_removed":["Languid","hubris:Despair"],"damage_healed":0,"gold_gain":0,"player_choice":"Removed Curses","damage_taken":0,"max_hp_gain":0,"max_hp_loss":0,"event_name":"Fountain of Cleansing","floor":37,"gold_loss":0},{"damage_healed":0,"gold_gain":0,"player_choice":"Got Potions","damage_taken":0,"max_hp_gain":0,"max_hp_loss":0,"event_name":"Lab","floor":48,"gold_loss":0}],"is_beta":false,"boss_relics":[{"not_picked":["Replay:Wanted Poster","Kintsugi"],"picked":"aspiration:SecretTechniqueScroll"},{"not_picked":["Snecko Heart","aspiration:FutureDiary"],"picked":"Runic Pyramid"}],"items_purged_floors":[8,36,39,46],"is_endless":false,"potions_floor_spawned":[1,7,27,31,33,38,41],"ascension_level":0}}