{"host":"0ma1l65sntb3rtgl","time":1612416943,"event":{"mods":["BaseMod","Better Note","Better Third Choice","Colored Map","Colored Powertips","Curses Come First","DeckTracker","GungeonMod","Highlight Path","Hubris","Minty Spire (QoL Compilation)","Rare Cards Sparkle","Relic Stats","Replay The Spire","StSLib"],"gold_per_floor":[110,110,35,35,35,35,68,68,68,85,114,134,145,145,145,216,216,216,216],"floor_reached":18,"language":"ENG","playtime":920,"items_purged":["Strike_G"],"score":336,"play_id":"50e2ef17-15cd-4a9f-a299-149d698ff883","local_time":"20210203233543","is_ascension_mode":true,"campfire_choices":[{"data":"Dagger Spray","floor":6,"key":"SMITH"},{"floor":8,"key":"REST"}],"circlet_count":0,"master_deck":["AscendersBane","Apotheosis+1","Defend_G","Defend_G","Defend_G","Survivor","Neutralize","Accuracy","Dagger Spray+1","Toxin Wave","Flying Knee","Backflip","Blade Dance","Endless Agony","Grand Finale","After Image"],"relics":["Ring of the Snake","hubris:TenFootPole","DemoMod:Bottle","Sundial","Letter Opener","Replay:Drink Me"],"acts_visited":["Exordium","TheCity"],"potions_floor_usage":[16,16],"damage_taken":[{"damage":0,"enemies":"Cultist","floor":1,"turns":4},{"damage":23,"enemies":"3 Sentries","floor":7,"turns":11},{"damage":5,"enemies":"2 Louse","floor":10,"turns":2},{"damage":33,"enemies":"Replay:BlueRogue","floor":11,"turns":8},{"damage":2,"enemies":"Small Slimes","floor":12,"turns":3},{"damage":0,"enemies":"3 Louse","floor":13,"turns":2},{"damage":5,"enemies":"Hexaghost","floor":16,"turns":8},{"damage":3,"enemies":"Chosen","floor":18,"turns":6}],"seed_played":"-5264871646415668348","potions_obtained":[{"floor":11,"key":"Energy Potion"},{"floor":12,"key":"Regen Potion"},{"floor":13,"key":"Toxic Potion"}],"is_trial":true,"path_per_floor":["M","?","$","T","?","R","E","R","T","M","E","M","M","?","R_BF","B",null,"M"],"character_chosen":"THE_SILENT","items_purchased":[],"campfire_rested":1,"item_purchase_floors":[],"current_hp_per_floor":[59,59,59,59,59,59,36,55,55,50,17,15,15,15,15,25,44,41,41],"gold":216,"neow_bonus":"","is_daily":false,"chose_seed":false,"campfire_upgraded":1,"win_rate":0.0,"timestamp":1612416943,"path_taken":["M","?","$","?","?","R","E","R","T","M","E","M","M","?","R_BF","BOSS","M"],"items_purchased_type":[],"build_version":"2020-12-22","purchased_purges":1,"victory":false,"max_hp_per_floor":[66,66,66,66,66,66,66,66,66,66,66,66,66,66,66,66,50,50,50],"relic_stats":{"counters":[8,44],"Sundial":[4],"Letter Opener":[34],"obtain_stats":[{"Sundial":9,"DemoMod:GlassGuonStoneRelic":7,"hubris:TenFootPole":4,"Letter Opener":11,"DemoMod:Bottle":7,"Replay:Drink Me":17,"Ring of the Snake":0},{"Sundial":2,"DemoMod:GlassGuonStoneRelic":2,"hubris:TenFootPole":1,"Letter Opener":4,"DemoMod:Bottle":2,"Replay:Drink Me":7,"Ring of the Snake":0},{"Sundial":15,"DemoMod:GlassGuonStoneRelic":15,"hubris:TenFootPole":4,"Letter Opener":25,"DemoMod:Bottle":15,"Replay:Drink Me":38,"Ring of the Snake":0}],"Ring of the Snake":[16]},"card_choices":[{"not_picked":["Acrobatics","Catalyst"],"picked":"Accuracy","floor":1},{"not_picked":["Sucker Punch","Deflect"],"picked":"Toxin Wave","floor":7},{"not_picked":["Deflect","Dodge and Roll","Sucker Punch"],"picked":"SKIP","floor":10},{"not_picked":["Quick Slash","hubris:Counter"],"picked":"Flying Knee","floor":11},{"not_picked":["Dodge and Roll","Flechettes"],"picked":"Backflip","floor":12},{"not_picked":["Corpse Explosion","Bane"],"picked":"Blade Dance","floor":13},{"not_picked":["Night Terror","Bullet Time"],"picked":"After Image","floor":16}],"player_experience":342662,"relics_obtained":[{"floor":4,"key":"hubris:TenFootPole"},{"floor":7,"key":"DemoMod:Bottle"},{"floor":9,"key":"Sundial"},{"floor":11,"key":"Letter Opener"}],"event_choices":[{"cards_removed":["Strike_G"],"damage_healed":0,"gold_gain":0,"player_choice":"Purged","damage_taken":0,"max_hp_gain":0,"max_hp_loss":0,"event_name":"Purifier","floor":2,"gold_loss":0},{"damage_healed":0,"gold_gain":0,"cards_transformed":["Strike_G"],"player_choice":"Change","damage_taken":0,"max_hp_gain":0,"max_hp_loss":0,"event_name":"Living Wall","floor":14,"gold_loss":0,"cards_obtained":["Endless Agony"]}],"is_beta":false,"boss_relics":[{"not_picked":["hubris:ScarierMask","Coffee Dripper"],"picked":"Replay:Drink Me"}],"items_purged_floors":[3],"is_endless":false,"potions_floor_spawned":[11,12,13],"killed_by":"Chosen","ascension_level":20}}