{"host":"eu5wvbbtjeiar27l","time":1612428125,"event":{"mods":["Astrologer","BaseMod","Colored Powertips","Conspire","Energized Spire","Hubris","Infinite Spire","Mad Scientist","Melee Mod","Minty Spire (QoL Compilation)","Potionbrewer","Rare Cards Sparkle","StSLib","The Construct","The Jungle","The Runesmith","The Valiant","Treasure Hunter"],"gold_per_floor":[111,164,9,9,34,34,65,65,65,65,85,85,125,125,125,246,246,267,267,267,292,49,49,49,49,49,82,107,128,128,128,128,128,128],"floor_reached":33,"language":"ENG","playtime":1711,"items_purged":["Coolheaded"],"score":369,"play_id":"4f5a3d76-d25b-464f-815f-22d2c83c7102","local_time":"20210204084205","is_ascension_mode":false,"campfire_choices":[{"data":"Zap","floor":6,"key":"SMITH"},{"data":"Ball Lightning","floor":8,"key":"SMITH"},{"data":"Leap","floor":10,"key":"SMITH"},{"floor":15,"key":"REST"},{"data":"Amplify","floor":23,"key":"SMITH"},{"data":"Defragment","floor":25,"key":"SMITH"},{"data":"Storm","floor":30,"key":"SMITH"},{"floor":32,"key":"REST"}],"circlet_count":0,"master_deck":["conspire:GhostlyStrike","conspire:GhostlyStrike","conspire:GhostlyStrike","conspire:GhostlyStrike","conspire:GhostlyDefend","conspire:GhostlyDefend","conspire:GhostlyDefend","conspire:GhostlyDefend","Zap+1","Dualcast","Leap+1","Ball Lightning+1","Coolheaded","Rainbow","Defragment","Amplify+1","Defragment","Conserve Battery","hubris:PowerSurge","conspire:GhostlyStrike","conspire:GhostlyStrike","conspire:GhostlyStrike","conspire:GhostlyStrike","conspire:GhostlyDefend","conspire:GhostlyDefend","conspire:GhostlyDefend","conspire:GhostlyDefend","Zap+1","Dualcast","Leap+1","Ball Lightning+1","Rainbow","Defragment+1","Amplify+1","Defragment","Conserve Battery","hubris:PowerSurge","FTL","Storm+1","infinitespire:NeuralNetwork","infinitespire:Oblivion"],"relics":["Cracked Core","Bag of Marbles","Runesmith:AutoHammer","Omamori","Golden Idol","hubris:SphereOfDissonance","Dream Catcher","Kunai","SlaversCollar","infinitespire:ShieldingShard","Lantern","potionbrewer:SlideRule","Girya","Art of War"],"acts_visited":["Exordium","TheCity"],"potions_floor_usage":[29],"damage_taken":[{"damage":1,"enemies":"Cultist","floor":1,"turns":3},{"damage":3,"enemies":"Jaw Worm","floor":5,"turns":3},{"damage":44,"enemies":"3 Sentries","floor":7,"turns":14},{"damage":1,"enemies":"2 Louse","floor":11,"turns":2},{"damage":12,"enemies":"Lagavulin","floor":13,"turns":5},{"damage":3,"enemies":"The Guardian","floor":16,"turns":8},{"damage":31,"enemies":"2 Thieves","floor":18,"turns":5},{"damage":0,"enemies":"Chosen","floor":21,"turns":5},{"damage":26,"enemies":"Slavers","floor":27,"turns":4},{"damage":2,"enemies":"Snake Plant","floor":28,"turns":4},{"damage":4,"enemies":"Cultist and Chosen","floor":29,"turns":8},{"damage":40,"enemies":"Champ","floor":33,"turns":6}],"seed_played":"-7568837214531673772","potions_obtained":[{"floor":11,"key":"potionbrewer:MidasPotion"},{"floor":13,"key":"Ancient Potion"},{"floor":28,"key":"potionbrewer:EndurancePotion"}],"is_trial":false,"path_per_floor":["M","T","$","?","M","R","E","R","T","R","M","?","E","?","R","B",null,"M","?","?","M","$","R","?","R","T","E","M","M","R","AVR","R","B"],"character_chosen":"DEFECT","items_purchased":["Omamori","Lantern","Conserve Battery","hubris:PowerSurge"],"campfire_rested":2,"item_purchase_floors":[3,22,22,22],"current_hp_per_floor":[74,74,74,74,71,71,27,27,27,27,26,26,14,39,61,58,75,44,44,44,44,44,44,44,44,44,18,16,12,12,12,34,0,0],"gold":128,"neow_bonus":"RANDOM_COMMON_RELIC","is_daily":false,"chose_seed":false,"campfire_upgraded":6,"win_rate":0.0,"timestamp":1612428125,"path_taken":["M","?","$","?","M","R","E","R","T","R","M","?","E","?","R","BOSS","M","?","?","?","$","R","?","R","T","E","M","M","R","AVR","R","BOSS"],"items_purchased_type":["Relic","Relic","Card","Card"],"build_version":"2020-12-22","purchased_purges":1,"victory":false,"max_hp_per_floor":[75,75,75,75,75,75,75,75,75,75,75,75,75,75,75,75,75,75,75,75,75,75,75,75,75,75,75,75,75,75,75,75,75,75],"card_choices":[{"not_picked":["Sweeping Beam","Compile Driver","Blizzard"],"picked":"SKIP","floor":1},{"not_picked":["TH:BikiniMail","TH:CopperCoins"],"picked":"SKIP","floor":2},{"not_picked":["Hologram","Steam"],"picked":"Leap","floor":5},{"not_picked":["conspire:SharedLibrary","Rip and Tear"],"picked":"Ball Lightning","floor":7},{"not_picked":["TH:CursedSword","TH:BikiniMail"],"picked":"SKIP","floor":7},{"not_picked":["TH:ElvenBoots","TH:BikiniMail"],"picked":"SKIP","floor":9},{"not_picked":["Melter","Hologram"],"picked":"Coolheaded","floor":11},{"not_picked":["conspire:SharedLibrary","Heatsinks"],"picked":"Rainbow","floor":13},{"not_picked":["TH:CursedSword","TH:DeckOfManyThings"],"picked":"SKIP","floor":13},{"not_picked":["Ball Lightning","Redo"],"picked":"Defragment","floor":15},{"not_picked":["Multi-Cast","Buffer"],"picked":"Amplify","floor":16},{"not_picked":["conspire:Rain","Conserve Battery","Hologram"],"picked":"SKIP","floor":18},{"not_picked":["Steam Power","Streamline","Stack+1"],"picked":"SKIP","floor":21},{"not_picked":["TH:PixieDust","TH:CursedSword"],"picked":"SKIP","floor":26},{"not_picked":["Heatsinks","Steam+1"],"picked":"FTL","floor":27},{"not_picked":["TH:CopperCoins","TH:DeckOfManyThings"],"picked":"SKIP","floor":27},{"not_picked":["Go for the Eyes","Compile Driver","Gash"],"picked":"SKIP","floor":28},{"not_picked":["Coolheaded","Hologram"],"picked":"Storm","floor":29}],"player_experience":203594,"relics_obtained":[{"floor":2,"key":"Runesmith:AutoHammer"},{"floor":7,"key":"hubris:SphereOfDissonance"},{"floor":9,"key":"Dream Catcher"},{"floor":13,"key":"Kunai"},{"floor":26,"key":"potionbrewer:SlideRule"},{"floor":27,"key":"Girya"}],"event_choices":[{"damage_healed":0,"gold_gain":0,"player_choice":"Take Wound","damage_taken":0,"relics_obtained":["Golden Idol"],"max_hp_gain":0,"max_hp_loss":0,"event_name":"Golden Idol","floor":4,"gold_loss":0,"cards_obtained":["Injury"]},{"damage_healed":0,"gold_gain":0,"player_choice":"Agree","damage_taken":0,"max_hp_gain":0,"max_hp_loss":0,"event_name":"conspire:LoneGhost","floor":12,"gold_loss":0},{"damage_healed":25,"gold_gain":0,"player_choice":"Banana","damage_taken":0,"max_hp_gain":0,"max_hp_loss":0,"event_name":"Big Fish","floor":14,"gold_loss":0},{"damage_healed":0,"gold_gain":0,"player_choice":"Opened","damage_taken":0,"relics_obtained":["infinitespire:ShieldingShard"],"max_hp_gain":0,"max_hp_loss":0,"event_name":"The Mausoleum","floor":19,"gold_loss":0},{"damage_healed":0,"gold_gain":0,"player_choice":"1 cards matched","damage_taken":0,"max_hp_gain":0,"max_hp_loss":0,"event_name":"Match and Keep!","floor":20,"gold_loss":0,"cards_obtained":["Defragment"]}],"is_beta":false,"boss_relics":[{"not_picked":["energizedSpire:CursedPentagram","Ectoplasm"],"picked":"SlaversCollar"}],"items_purged_floors":[31],"is_endless":false,"potions_floor_spawned":[11,13,28],"killed_by":"Champ","ascension_level":0}}