{"host":"vumwfieg2b2mnrfl","time":1612401192,"event":{"mods":["AchievementEnabler","BaseMod","Minty Spire (QoL Compilation)","Rare Cards Sparkle","Relic Stats"],"gold_per_floor":[114,114,114,189,207,235,235,235,262,294,343,358,371,72,72,149,149,167,167,92,17,37,37,67,85,165,165,200,200,100,130,130,130,130],"floor_reached":33,"language":"ENG","playtime":791,"items_purged":["Defend_G","Defend_G"],"score":628,"play_id":"e5bbc29c-8361-467c-9656-5973530aeaf7","local_time":"20210203191312","is_ascension_mode":true,"campfire_choices":[{"data":"Bouncing Flask","floor":7,"key":"SMITH"},{"floor":15,"key":"REST"},{"floor":23,"key":"REST"},{"data":"Footwork","floor":27,"key":"SMITH"},{"floor":29,"key":"REST"},{"floor":32,"key":"REST"}],"circlet_count":0,"master_deck":["AscendersBane","Strike_G+1","Strike_G","Strike_G","Strike_G+1","Defend_G","Defend_G","Survivor","Neutralize","Bouncing Flask+1","Cloak And Dagger","Poisoned Stab","Footwork+1","Noxious Fumes","Poisoned Stab","Caltrops","Dash","Corpse Explosion"],"relics":["Ring of the Snake","NeowsBlessing","Question Card","Bronze Scales","Potion Belt","Blood Vial","Snake Skull","Busted Crown","Blue Candle","Bottled Lightning","Red Mask","Whetstone"],"acts_visited":["Exordium","TheCity"],"potions_floor_usage":[24,28,31,31,33],"damage_taken":[{"damage":0,"enemies":"Cultist","floor":1,"turns":1},{"damage":0,"enemies":"Small Slimes","floor":5,"turns":1},{"damage":0,"enemies":"3 Sentries","floor":6,"turns":2},{"damage":27,"enemies":"Lagavulin","floor":10,"turns":6},{"damage":6,"enemies":"2 Louse","floor":12,"turns":3},{"damage":9,"enemies":"Blue Slaver","floor":13,"turns":3},{"damage":18,"enemies":"Hexaghost","floor":16,"turns":9},{"damage":20,"enemies":"2 Thieves","floor":18,"turns":3},{"damage":4,"enemies":"Shell Parasite","floor":22,"turns":5},{"damage":17,"enemies":"Gremlin Leader","floor":24,"turns":5},{"damage":10,"enemies":"Snake Plant","floor":25,"turns":3},{"damage":2,"enemies":"Masked Bandits","floor":28,"turns":2},{"damage":20,"enemies":"Book of Stabbing","floor":31,"turns":5},{"damage":52,"enemies":"Champ","floor":33,"turns":8}],"seed_played":"-4880976836181964956","potions_obtained":[{"floor":6,"key":"Swift Potion"},{"floor":10,"key":"Strength Potion"},{"floor":13,"key":"DistilledChaos"},{"floor":22,"key":"Fire Potion"},{"floor":25,"key":"SkillPotion"}],"is_trial":false,"path_per_floor":["M","$","?","?","M","E","R","?","T","E","T","M","M","$","R","B",null,"M","?","$","?","M","R","E","M","T","R","?","R","$","E","R","B"],"character_chosen":"THE_SILENT","items_purchased":["Snake Skull","Caltrops","Dash"],"campfire_rested":4,"item_purchase_floors":[14,14,14],"current_hp_per_floor":[59,59,59,48,48,48,48,41,41,14,14,10,3,3,22,6,51,33,33,33,33,31,50,35,27,27,27,27,46,46,28,47,0,0],"gold":130,"neow_bonus":"THREE_ENEMY_KILL","is_daily":false,"chose_seed":false,"campfire_upgraded":2,"win_rate":0.0,"timestamp":1612401192,"path_taken":["M","$","?","?","M","E","R","?","T","E","?","M","M","$","R","BOSS","M","?","$","?","M","R","E","M","T","R","?","R","$","E","R","BOSS"],"items_purchased_type":["Relic","Card","Card"],"build_version":"2020-12-22","purchased_purges":2,"victory":false,"max_hp_per_floor":[66,66,66,66,66,66,66,66,66,66,66,66,66,66,66,66,66,66,66,66,66,66,66,66,66,66,66,66,66,66,66,66,66,66],"relic_stats":{"Blood Vial":20,"Busted Crown":12,"counters":[14,56],"Bronze Scales":[176],"Blue Candle":[0],"Snake Skull":[69],"Whetstone":["Strike_G","Strike_G"],"Question Card":10,"obtain_stats":[{"Potion Belt":10,"Blood Vial":11,"Busted Crown":17,"NeowsBlessing":0,"Bronze Scales":9,"Blue Candle":24,"Snake Skull":14,"Red Mask":28,"Bottled Lightning":26,"Whetstone":31,"Question Card":6,"Ring of the Snake":0},{"Potion Belt":4,"Blood Vial":4,"Busted Crown":7,"NeowsBlessing":0,"Bronze Scales":3,"Blue Candle":10,"Snake Skull":6,"Red Mask":12,"Bottled Lightning":11,"Whetstone":13,"Question Card":3,"Ring of the Snake":0},{"Potion Belt":10,"Blood Vial":10,"Busted Crown":25,"NeowsBlessing":0,"Bronze Scales":4,"Blue Candle":38,"Snake Skull":16,"Red Mask":43,"Bottled Lightning":41,"Whetstone":48,"Question Card":4,"Ring of the Snake":0}],"Ring of the Snake":[28]},"card_choices":[{"not_picked":["PiercingWail","Backstab"],"picked":"Bouncing Flask","floor":1},{"not_picked":["Dagger Throw","Acrobatics"],"picked":"Cloak And Dagger","floor":5},{"not_picked":["Quick Slash","Finisher"],"picked":"Poisoned Stab","floor":6},{"not_picked":["All Out Attack","Slice","Bane"],"picked":"Footwork","floor":10},{"not_picked":["Infinite Blades","Predator","Leg Sweep"],"picked":"Noxious Fumes","floor":12},{"not_picked":["Acrobatics","Distraction","Dagger Spray"],"picked":"Poisoned Stab","floor":13},{"not_picked":["Burst","Wraith Form v2","Die Die Die"],"picked":"Corpse Explosion","floor":16},{"not_picked":["Dodge and Roll","Sucker Punch"],"picked":"SKIP","floor":18},{"not_picked":["Dagger Throw","Blade Dance"],"picked":"SKIP","floor":22},{"not_picked":["Dagger Throw","Grand Finale"],"picked":"SKIP","floor":24},{"not_picked":["Accuracy","Slice"],"picked":"SKIP","floor":25},{"not_picked":["Backstab","Choke"],"picked":"SKIP","floor":31}],"player_experience":519741,"relics_obtained":[{"floor":6,"key":"Question Card"},{"floor":9,"key":"Bronze Scales"},{"floor":10,"key":"Potion Belt"},{"floor":11,"key":"Blood Vial"},{"floor":24,"key":"Blue Candle"},{"floor":26,"key":"Bottled Lightning"},{"floor":28,"key":"Red Mask"},{"floor":31,"key":"Whetstone"}],"event_choices":[{"damage_healed":0,"gold_gain":0,"player_choice":"Ignored","damage_taken":0,"max_hp_gain":0,"max_hp_loss":0,"event_name":"Liars Game","floor":3,"gold_loss":0},{"damage_healed":0,"gold_gain":75,"player_choice":"Gather Gold","damage_taken":11,"max_hp_gain":0,"max_hp_loss":0,"event_name":"World of Goop","floor":4,"gold_loss":0},{"cards_removed":["Strike_G"],"damage_healed":0,"gold_gain":0,"player_choice":"Card Removal","damage_taken":7,"max_hp_gain":0,"max_hp_loss":0,"event_name":"Golden Wing","floor":8,"gold_loss":0},{"damage_healed":0,"gold_gain":0,"player_choice":"Ignored","damage_taken":0,"max_hp_gain":0,"max_hp_loss":0,"event_name":"Cursed Tome","floor":19,"gold_loss":0},{"cards_removed":["Defend_G"],"damage_healed":0,"gold_gain":0,"player_choice":"Gave Gold","damage_taken":0,"max_hp_gain":0,"max_hp_loss":0,"event_name":"Beggar","floor":21,"gold_loss":75},{"damage_healed":0,"gold_gain":0,"player_choice":"Fought Bandits","damage_taken":0,"max_hp_gain":0,"max_hp_loss":0,"event_name":"Masked Bandits","floor":28,"gold_loss":0}],"is_beta":false,"boss_relics":[{"not_picked":["HoveringKite","SlaversCollar"],"picked":"Busted Crown"}],"items_purged_floors":[20,30],"is_endless":false,"potions_floor_spawned":[6,10,13,22,25],"killed_by":"Champ","ascension_level":20}}