{"host":"oor112x12afcc54z","time":1612408865,"event":{"mods":["AchievementEnabler","BaseMod","DeckTracker","Keyboard Shortcuts","Minty Spire (QoL Compilation)","SuperFastMode"],"gold_per_floor":[111,124,15,15,15,49,99,124,192,192,231,307,307,331,331,331,331],"floor_reached":16,"language":"KOR","playtime":204,"items_purged":["Strike_B"],"score":233,"play_id":"7a9e8384-ab14-41eb-bf73-d996d58a609f","local_time":"20210204122105","is_ascension_mode":true,"campfire_choices":[{"data":"Sunder","floor":10,"key":"SMITH"},{"data":"Zap","floor":13,"key":"SMITH"},{"data":"Dualcast","floor":15,"key":"SMITH"}],"circlet_count":0,"master_deck":["AscendersBane","Strike_B","Strike_B","Strike_B","Defend_B","Defend_B","Defend_B","Defend_B","Zap+1","Dualcast+1","Doom and Gloom","Sunder+1","Coolheaded","Hologram"],"relics":["Cracked Core","NeowsBlessing","Golden Idol","Anchor","DataDisk","Symbiotic Virus","Oddly Smooth Stone","Sundial"],"acts_visited":["Exordium"],"potions_floor_usage":[],"damage_taken":[{"damage":0,"enemies":"Cultist","floor":1,"turns":1},{"damage":0,"enemies":"Small Slimes","floor":2,"turns":1},{"damage":0,"enemies":"Lagavulin","floor":6,"turns":1},{"damage":0,"enemies":"Jaw Worm","floor":8,"turns":3},{"damage":7,"enemies":"3 Sentries","floor":11,"turns":4},{"damage":27,"enemies":"Gremlin Gang","floor":14,"turns":4},{"damage":22,"enemies":"Slime Boss","floor":16,"turns":4}],"seed_played":"9166242048025711273","potions_obtained":[{"floor":1,"key":"SpeedPotion"},{"floor":6,"key":"SmokeBomb"}],"is_trial":false,"path_per_floor":["M","M","$","?","?","E","?","M","T","R","E","T","R","M","R","B"],"character_chosen":"DEFECT","items_purchased":["Sunder"],"campfire_rested":0,"item_purchase_floors":[3],"current_hp_per_floor":[64,64,64,64,53,53,53,53,53,53,46,46,46,19,19,0,0],"gold":331,"neow_bonus":"THREE_ENEMY_KILL","is_daily":false,"chose_seed":false,"campfire_upgraded":3,"win_rate":0.0,"timestamp":1612408865,"path_taken":["M","?","$","?","?","E","?","?","T","R","E","?","R","?","R","BOSS"],"items_purchased_type":["Card"],"build_version":"2020-12-22","purchased_purges":1,"victory":false,"max_hp_per_floor":[71,71,71,64,64,64,64,64,64,64,64,64,64,64,64,64,64],"card_choices":[{"not_picked":["Aggregate","Redo","Leap"],"picked":"SKIP","floor":1},{"not_picked":["Capacitor","Lockon"],"picked":"Doom and Gloom","floor":2},{"not_picked":["Turbo","Gash"],"picked":"Coolheaded","floor":6},{"not_picked":["Tempest","Conserve Battery"],"picked":"Hologram","floor":8},{"not_picked":["Conserve Battery","Turbo","Rebound"],"picked":"SKIP","floor":11},{"not_picked":["Darkness","Turbo","Consume"],"picked":"SKIP","floor":14}],"player_experience":441353,"relics_obtained":[{"floor":6,"key":"DataDisk"},{"floor":9,"key":"Symbiotic Virus"},{"floor":11,"key":"Oddly Smooth Stone"},{"floor":12,"key":"Sundial"}],"event_choices":[{"damage_healed":0,"gold_gain":0,"player_choice":"Lose Max HP","damage_taken":0,"relics_obtained":["Golden Idol"],"max_hp_gain":0,"max_hp_loss":7,"event_name":"Golden Idol","floor":4,"gold_loss":0},{"damage_healed":0,"gold_gain":0,"player_choice":"Success","damage_taken":11,"relics_obtained":["Anchor"],"max_hp_gain":0,"max_hp_loss":0,"event_name":"Scrap Ooze","floor":5,"gold_loss":0},{"damage_healed":0,"gold_gain":50,"player_choice":"Pray","damage_taken":0,"max_hp_gain":0,"max_hp_loss":0,"event_name":"Golden Shrine","floor":7,"gold_loss":0}],"is_beta":false,"boss_relics":[],"items_purged_floors":[3],"is_endless":false,"potions_floor_spawned":[1,6],"killed_by":"Slime Boss","ascension_level":15}}