{"host":"osk2oboccoevp2u5","time":1612472072,"event":{"mods":["AchievementEnabler","Alarm Clock","BaseMod","Colored Powertips","Disable Question Mark Monsters","Displayed Cursed Tome","Key Reminder","Koishi","Minty Spire (QoL Compilation)","Potion Indicator Mod","Quick Restart","Rare Cards Sparkle","Reorder Act Four","StSLib","Useless Jewels Mod"],"gold_per_floor":[111,126,76,92,17,17,17],"floor_reached":6,"language":"ENG","playtime":320,"items_purged":["Koishi:BasicStrike"],"score":40,"play_id":"916bae2b-789a-4f01-8a43-b2c504bae2d1","local_time":"20210204165432","is_ascension_mode":true,"campfire_choices":[],"circlet_count":0,"master_deck":["Koishi:BasicStrike","Koishi:BasicStrike","Koishi:BasicDefend","Koishi:BasicDefend","Koishi:BasicDefend","Koishi:BasicDefend","Koishi:Provoke","Koishi:HauntingSlash","Koishi:JumpScare"],"relics":["Koishi:ImaginaryFriend"],"acts_visited":["Exordium"],"potions_floor_usage":[],"damage_taken":[{"damage":4,"enemies":"Cultist","floor":1,"turns":6},{"damage":0,"enemies":"Jaw Worm","floor":2,"turns":7},{"damage":0,"enemies":"2 Louse","floor":4,"turns":4},{"damage":40,"enemies":"Lagavulin","floor":6,"turns":13}],"seed_played":"8415645513164638450","potions_obtained":[],"is_trial":false,"path_per_floor":["M","M","?","M","$","E"],"character_chosen":"KOISHI","items_purchased":[],"campfire_rested":0,"item_purchase_floors":[],"current_hp_per_floor":[65,66,66,66,66,26,26],"gold":17,"neow_bonus":"TEN_PERCENT_HP_BONUS","is_daily":false,"chose_seed":false,"campfire_upgraded":0,"win_rate":0.0,"timestamp":1612472072,"path_taken":["M","?","?","M","$","E"],"items_purchased_type":[],"build_version":"2020-12-22","purchased_purges":1,"victory":false,"max_hp_per_floor":[66,66,66,66,66,66,66],"card_choices":[{"not_picked":["Koishi:EmbryosDream","Koishi:CatchAndRose"],"picked":"Koishi:JumpScare","floor":1},{"not_picked":["Koishi:UnansweredLove","Koishi:UnconsciousUprising","Koishi:HeartfeltFancy"],"picked":"SKIP","floor":2},{"not_picked":["Koishi:PhantomStrike","Koishi:Untouchable","Koishi:UnconsciousUprising"],"picked":"SKIP","floor":4}],"player_experience":953688,"relics_obtained":[],"event_choices":[{"cards_removed":["Koishi:BasicStrike"],"damage_healed":0,"gold_gain":0,"player_choice":"Card Removal","damage_taken":0,"max_hp_gain":0,"max_hp_loss":0,"event_name":"The Cleric","floor":3,"gold_loss":50}],"is_beta":false,"boss_relics":[],"items_purged_floors":[5],"is_endless":false,"potions_floor_spawned":[],"killed_by":"Lagavulin","ascension_level":2}}