{"host":"q9sqrn60n8lvmavn","time":1612474538,"event":{"mods":["AchievementEnabler","AlwaysNeverKeys","BaseMod","Better Third Choice","Better Vampires","Block Reminder","Colored Powertips","Curses Come First","DNKmod","Friendly Minions","Minty Spire (QoL Compilation)","Permanent Neow","Relic Filter Mod","StSLib","Weighted Paths"],"gold_per_floor":[1011,670,670,770,786,816,816,645,645,645,680,697,710,489,489,593,593,604,604,621,621,641,668,686,686,713,713,492,520,520,536,536,633,633,652,376,376,395,131,131,161,161,187,214,0,26,45,45,45,45,45,45,10,43,43],"floor_reached":56,"language":"ENG","playtime":1755,"items_purged":["Strike_G","Strike_G","Strike_G","Strike_G","Strike_G","Defend_G"],"score":2136,"play_id":"ce060845-97cb-4c61-86b2-e4ea3ceb6d0a","local_time":"20210204133538","is_ascension_mode":true,"campfire_choices":[{"data":"Neutralize","floor":7,"key":"SMITH"},{"data":"Footwork","floor":10,"key":"SMITH"},{"data":"Accuracy","floor":15,"key":"SMITH"},{"data":"1","floor":25,"key":"LIFT"},{"data":"2","floor":27,"key":"LIFT"},{"data":"3","floor":30,"key":"LIFT"},{"data":"Accuracy","floor":32,"key":"SMITH"},{"data":"Defend_G","floor":40,"key":"PURGE"},{"data":"Dagger Spray","floor":42,"key":"PURGE"},{"data":"Quick Slash","floor":49,"key":"PURGE"},{"data":"Secret Weapon","floor":52,"key":"PURGE"}],"circlet_count":0,"master_deck":["AscendersBane","Survivor","Neutralize+1","Accuracy+1","Footwork+1","Backflip","Blade Dance","Accuracy+1","Acrobatics+1","After Image","Finisher+1","Accuracy+1","Infinite Blades","Footwork","Acrobatics+1","Tactician+1","Terror","Prepared+1"],"relics":["Ring of the Snake","Pocketwatch","Torii","Ginger","Lantern","Membership Card","Pen Nib","Strange Spoon","Darkstone Periapt","Eternal Feather","FossilizedHelix","Runic Pyramid","Girya","Ancient Tea Set","Peace Pipe","Tiny Chest","Fusion Hammer","PreservedInsect","Nunchaku","Kunai","Art of War","Omamori","Regal Pillow","Red Mask","Juzu Bracelet","Gambling Chip","Centennial Puzzle"],"acts_visited":["Exordium","TheCity","TheBeyond","TheEnding"],"potions_floor_usage":[11,16,29,33,47,50],"damage_taken":[{"damage":0,"enemies":"Small Slimes","floor":1,"turns":3},{"damage":2,"enemies":"2 Louse","floor":5,"turns":3},{"damage":29,"enemies":"Gremlin Nob","floor":6,"turns":5},{"damage":0,"enemies":"Lagavulin","floor":11,"turns":7},{"damage":1,"enemies":"Cultist","floor":12,"turns":3},{"damage":2,"enemies":"Exordium Thugs","floor":13,"turns":4},{"damage":39,"enemies":"The Guardian","floor":16,"turns":6},{"damage":0,"enemies":"Spheric Guardian","floor":18,"turns":3},{"damage":0,"enemies":"Chosen","floor":20,"turns":3},{"damage":0,"enemies":"Centurion and Healer","floor":22,"turns":2},{"damage":1,"enemies":"Slavers","floor":23,"turns":3},{"damage":0,"enemies":"Sentry and Sphere","floor":24,"turns":2},{"damage":0,"enemies":"Gremlin Leader","floor":29,"turns":2},{"damage":6,"enemies":"Cultist and Chosen","floor":31,"turns":2},{"damage":0,"enemies":"Collector","floor":33,"turns":2},{"damage":0,"enemies":"3 Shapes","floor":35,"turns":2},{"damage":0,"enemies":"3 Darklings","floor":38,"turns":2},{"damage":0,"enemies":"Giant Head","floor":41,"turns":2},{"damage":0,"enemies":"Reptomancer","floor":44,"turns":2},{"damage":3,"enemies":"4 Shapes","floor":47,"turns":2},{"damage":0,"enemies":"Awakened One","floor":50,"turns":3},{"damage":0,"enemies":"Shield and Spear","floor":54,"turns":2},{"damage":43,"enemies":"The Heart","floor":55,"turns":5}],"seed_played":"2247534706249752400","potions_obtained":[{"floor":1,"key":"EssenceOfSteel"},{"floor":11,"key":"LiquidBronze"},{"floor":16,"key":"GamblersBrew"},{"floor":22,"key":"BlessingOfTheForge"},{"floor":23,"key":"SpeedPotion"},{"floor":31,"key":"CunningPotion"},{"floor":33,"key":"SkillPotion"}],"is_trial":false,"path_per_floor":["M","$","?","?","M","E","R","$","T","R","E","M","M","$","R","B",null,"M","?","M","?","M","E","M","R","T","R","$","E","R","M","R","B",null,"M","$","?","M","$","R","E","R","T","E","?","T","M","T","R","B",null,"R","$","E","B",null],"character_chosen":"THE_SILENT","items_purchased":["Lantern","Membership Card","Quick Slash","Footwork","Strange Spoon","Blade Dance","FossilizedHelix","Peace Pipe","PreservedInsect","Infinite Blades","Nunchaku","Kunai","Footwork","Terror"],"campfire_rested":0,"item_purchase_floors":[2,2,8,8,8,14,14,28,36,36,36,39,39,53],"current_hp_per_floor":[90,90,83,83,81,52,52,52,52,52,52,51,49,49,55,16,72,72,72,72,72,72,71,71,80,80,89,89,89,90,84,90,90,90,90,90,90,90,90,90,90,90,90,90,90,90,87,87,90,90,90,90,90,90,47],"gold":43,"neow_bonus":"REMOVE_TWO","is_daily":false,"chose_seed":false,"campfire_upgraded":4,"win_rate":0.0,"timestamp":1612474538,"path_taken":["M","$","?","?","M","E","R","$","T","R","E","M","?","$","R","BOSS","M","?","?","?","M","E","M","R","T","R","$","E","R","M","R","BOSS","M","$","?","M","$","R","E","R","T","E","?","?","M","?","R","BOSS","R","$","E","BOSS"],"items_purchased_type":["Relic","Relic","Card","Card","Relic","Card","Relic","Relic","Relic","Card","Relic","Relic","Card","Card"],"build_version":"2020-12-22","purchased_purges":6,"victory":true,"max_hp_per_floor":[90,90,90,90,90,90,90,90,90,90,90,90,90,90,90,90,90,90,90,90,90,90,90,90,90,90,90,90,90,90,90,90,90,90,90,90,90,90,90,90,90,90,90,90,90,90,90,90,90,90,90,90,90,90,90],"card_choices":[{"not_picked":["Expertise","Underhanded Strike"],"picked":"Accuracy","floor":1},{"not_picked":["Dash","Deflect","Prepared"],"picked":"SKIP","floor":5},{"not_picked":["PiercingWail","Outmaneuver","Bouncing Flask"],"picked":"SKIP","floor":6},{"not_picked":["Skewer","Masterful Stab"],"picked":"Dagger Spray","floor":11},{"not_picked":["Flying Knee","Dodge and Roll","Noxious Fumes"],"picked":"SKIP","floor":12},{"not_picked":["Sucker Punch","Masterful Stab"],"picked":"Backflip","floor":13},{"not_picked":["Quick Slash","Sucker Punch","Underhanded Strike+1"],"picked":"SKIP","floor":18},{"not_picked":["Leg Sweep","Choke"],"picked":"Acrobatics+1","floor":20},{"not_picked":["Catalyst","Dagger Throw","Deflect"],"picked":"SKIP","floor":22},{"not_picked":["Poisoned Stab","Dagger Spray"],"picked":"After Image","floor":23},{"not_picked":["Dodge and Roll","Poisoned Stab"],"picked":"Finisher+1","floor":24},{"not_picked":["Tactician+1","Deadly Poison"],"picked":"Accuracy","floor":29},{"not_picked":["Leg Sweep","Finisher+1","Caltrops"],"picked":"SKIP","floor":31},{"not_picked":["Choke+1","Underhanded Strike+1","Backflip+1"],"picked":"SKIP","floor":35},{"not_picked":["Swift Strike","Finesse"],"picked":"Secret Weapon","floor":37},{"not_picked":["Deflect+1","Escape Plan+1","Flying Knee"],"picked":"SKIP","floor":38},{"not_picked":["Calculated Gamble+1","Bane","Skewer+1"],"picked":"SKIP","floor":41},{"not_picked":["Noxious Fumes","Dagger Throw+1"],"picked":"Acrobatics+1","floor":44},{"not_picked":["Dodge and Roll+1","Crippling Poison+1"],"picked":"Tactician+1","floor":47},{"not_picked":["Bullet Time","Acrobatics"],"picked":"Prepared+1","floor":54}],"player_experience":224917,"relics_obtained":[{"floor":6,"key":"Pen Nib"},{"floor":9,"key":"Darkstone Periapt"},{"floor":11,"key":"Eternal Feather"},{"floor":23,"key":"Girya"},{"floor":26,"key":"Ancient Tea Set"},{"floor":29,"key":"Tiny Chest"},{"floor":41,"key":"Art of War"},{"floor":43,"key":"Omamori"},{"floor":44,"key":"Regal Pillow"},{"floor":46,"key":"Juzu Bracelet"},{"floor":48,"key":"Gambling Chip"},{"floor":54,"key":"Centennial Puzzle"}],"event_choices":[{"cards_removed":["Defend_G"],"damage_healed":0,"gold_gain":0,"player_choice":"Card Removal","damage_taken":7,"max_hp_gain":0,"max_hp_loss":0,"event_name":"Golden Wing","floor":3,"gold_loss":0},{"damage_healed":0,"gold_gain":100,"player_choice":"Pray","damage_taken":0,"max_hp_gain":0,"max_hp_loss":0,"event_name":"Golden Shrine","floor":4,"gold_loss":0},{"damage_healed":0,"gold_gain":0,"player_choice":"Copied","damage_taken":0,"max_hp_gain":0,"max_hp_loss":0,"event_name":"Duplicator","floor":19,"gold_loss":0,"cards_obtained":["Accuracy"]},{"damage_healed":0,"gold_gain":0,"player_choice":"Ignored","damage_taken":0,"max_hp_gain":0,"max_hp_loss":0,"event_name":"Vampires","floor":21,"gold_loss":0},{"damage_healed":0,"gold_gain":0,"player_choice":"Memory 1","damage_taken":0,"max_hp_gain":0,"max_hp_loss":0,"event_name":"SensoryStone","floor":37,"gold_loss":0},{"damage_healed":0,"gold_gain":0,"player_choice":"Paid","damage_taken":0,"relics_obtained":["Red Mask"],"max_hp_gain":0,"max_hp_loss":0,"event_name":"Tomb of Lord Red Mask","floor":45,"gold_loss":214}],"is_beta":false,"boss_relics":[{"not_picked":["HoveringKite","Cursed Key"],"picked":"Runic Pyramid"},{"not_picked":["Runic Dome","SlaversCollar"],"picked":"Fusion Hammer"}],"items_purged_floors":[2,8,14,28,36,39],"is_endless":false,"potions_floor_spawned":[1,11,16,22,23,31,33,41],"ascension_level":10}}