{"host":"94qggqh0xz0sp6ai","time":1612414234,"event":{"mods":["100% Spire Juice","Abigail Mod","Act Like it!","BaseMod","CapriCore","Downfall","Friendly Minions","Gensokyo","Hermit","Jorbs\u0027s Wanderer Trilogy","Koishi","Marisa（霧雨　魔理沙）","Minty Spire (QoL Compilation)","Permanent Neow","Reimu（博??梦）","StSLib","The Alterego","The Construct","The Cursed","The Hierophant","The Immortal","The Marked","The Mystic","The Senshi","The Servant 0.9.4","TheBandit","Waifu the Spire"],"gold_per_floor":[117,77,77,252,138,138,172,172,172,27,48,88,104,23,23,152,152,170,170,14,28,78,78,113,113,113,163,178,98,98,141,141,269,269,284,334,87,137,187,230,230,266,266,266,316,41,41,60,60,60],"floor_reached":51,"language":"ENG","playtime":1569,"items_purged":["Doubt","MokouMod:Strike","Pain"],"score":1172,"play_id":"10cb89d6-2548-4072-907d-a5d354f28c28","local_time":"20210203225034","is_ascension_mode":true,"campfire_choices":[{"data":"MokouMod:FusionFlare","floor":6,"key":"SMITH"},{"data":"MokouMod:BurningDraft","floor":8,"key":"SMITH"},{"data":"MokouMod:Afterburner","floor":15,"key":"SMITH"},{"data":"MokouMod:PhoenixForm","floor":23,"key":"SMITH"},{"data":"MokouMod:ResonanceReactor","floor":25,"key":"SMITH"},{"floor":30,"key":"REST"},{"data":"MokouMod:RisingSunBarrier","floor":32,"key":"SMITH"},{"data":"MokouMod:TemporalFireSeal","floor":41,"key":"SMITH"},{"data":"MokouMod:Overheat","floor":44,"key":"SMITH"},{"data":"MokouMod:Meltdown","floor":47,"key":"SMITH"},{"floor":49,"key":"REST"}],"circlet_count":0,"master_deck":["MokouMod:Strike","MokouMod:Strike","MokouMod:Strike","MokouMod:Defend","MokouMod:Defend","MokouMod:Defend","MokouMod:Defend","MokouMod:HeatSpark","Finesse","MokouMod:FusionFlare+1","MokouMod:BurningDraft+1","MokouMod:ResonanceReactor","MokouMod:FlamingFireTalons","MokouMod:SearingBlow+12","MokouMod:Overheat+1","MokouMod:Afterburner+1","MokouMod:PhoenixForm+1","MokouMod:Meltdown+1","MokouMod:IndiscriminateIgnition+1","MokouMod:ResonanceReactor+1","MokouMod:HeartofFire","MokouMod:RisingSunBarrier+1","MokouMod:Combust+1","MokouMod:ResonatingAura","MokouMod:Afterburner+1","Flash of Steel","MokouMod:TemporalFireSeal+1","MokouMod:Sear+1","MokouMod:Ventilation"],"relics":["MokouMod:PhoenixFeather","PaintedHorse:ReiMu","Golden Idol","Mango","HornCleat","Akabeko","Orichalcum","construct:ClawGrip","SsserpentHead","MealTicket","StoneCalendar","Ancient Tea Set","theSenshi:SailorFukuRelic","SlaversCollar","Lee\u0027s Waffle","CrazyTorch:ReiMu","Pen Nib","Sundial","Vajra","WarpedTongs","Anchor"],"acts_visited":["Exordium","TheCity","TheBeyond"],"potions_floor_usage":[24,33,50,50,50],"damage_taken":[{"damage":5,"enemies":"Jaw Worm","floor":1,"turns":4},{"damage":33,"enemies":"3 Sentries","floor":7,"turns":10},{"damage":0,"enemies":"2 Louse","floor":11,"turns":2},{"damage":9,"enemies":"Lagavulin","floor":12,"turns":5},{"damage":0,"enemies":"Cultist","floor":13,"turns":3},{"damage":33,"enemies":"Hexaghost","floor":16,"turns":10},{"damage":0,"enemies":"Spheric Guardian","floor":18,"turns":3},{"damage":3,"enemies":"Shell Parasite","floor":21,"turns":5},{"damage":46,"enemies":"Slavers","floor":24,"turns":5},{"damage":18,"enemies":"Snake Plant","floor":28,"turns":3},{"damage":65,"enemies":"Gremlin Leader","floor":31,"turns":7},{"damage":37,"enemies":"Automaton","floor":33,"turns":10},{"damage":7,"enemies":"3 Darklings","floor":35,"turns":7},{"damage":19,"enemies":"Giant Head","floor":40,"turns":6},{"damage":30,"enemies":"Reptomancer","floor":42,"turns":7},{"damage":0,"enemies":"3 Shapes","floor":48,"turns":3},{"damage":0,"enemies":"Donu and Deca","floor":50,"turns":5}],"seed_played":"-2420351340596087712","potions_obtained":[{"floor":11,"key":"Explosive Potion"},{"floor":16,"key":"SneckoOil"},{"floor":18,"key":"LiquidMemories"},{"floor":24,"key":"Explosive Potion"},{"floor":31,"key":"Fire Potion"},{"floor":42,"key":"PowerPotion"}],"is_trial":false,"path_per_floor":["M","?","?","?","?","R","E","R","T","$","M","E","M","$","R","B",null,"M","?","$","M","$","R","E","R","T","?","M","$","R","E","R","B",null,"M","?","$","?","T","E","R","E","T","R","?","$","R","M","R","B",null],"character_chosen":"MKU","items_purchased":["MokouMod:ResonanceReactor","MokouMod:Afterburner","MealTicket","MokouMod:RisingSunBarrier","Lee\u0027s Waffle","Anchor"],"campfire_rested":2,"item_purchase_floors":[10,14,20,29,37,46],"current_hp_per_floor":[63,63,45,45,59,59,26,26,26,26,26,17,17,17,17,7,69,69,69,69,66,81,81,35,35,35,35,17,32,58,22,22,22,72,65,65,96,96,96,77,77,47,47,47,47,62,62,62,90,90],"gold":60,"neow_bonus":"RANDOM_COLORLESS","is_daily":false,"chose_seed":false,"campfire_upgraded":9,"win_rate":0.0,"timestamp":1612414234,"path_taken":["M","?","?","?","?","R","E","R","T","$","?","E","M","?","R","BOSS","M","?","$","M","?","R","E","R","T","?","M","$","R","E","R","BOSS","M","?","$","?","?","E","R","E","T","R","?","$","R","M","R","BOSS"],"items_purchased_type":["Card","Card","Relic","Card","Relic","Relic"],"build_version":"2020-12-22","purchased_purges":3,"victory":true,"max_hp_per_floor":[75,75,75,75,89,89,89,89,89,89,89,89,89,89,89,89,89,89,89,89,89,89,89,89,89,89,89,89,89,89,89,89,89,89,89,89,96,96,96,96,96,96,96,96,96,96,96,96,96,96],"card_choices":[{"not_picked":["Mind Blast","Panacea"],"picked":"Finesse","floor":0},{"not_picked":["MokouMod:EternalBurstReactor","MokouMod:Sear"],"picked":"MokouMod:FusionFlare","floor":1},{"not_picked":["MokouMod:Fireball","MokouMod:Singe"],"picked":"MokouMod:BurningDraft","floor":7},{"not_picked":["MokouMod:Trailblazer","MokouMod:IgneousBlow"],"picked":"MokouMod:FlamingFireTalons","floor":11},{"not_picked":["MokouMod:ExplosiveFlame","MokouMod:BurningDraft"],"picked":"MokouMod:SearingBlow","floor":12},{"not_picked":["MokouMod:EternalBurstReactor","MokouMod:GuidingSmoke"],"picked":"MokouMod:Overheat","floor":13},{"not_picked":["MokouMod:EnchantingBambooForest","MokouMod:SacredFire"],"picked":"MokouMod:PhoenixForm","floor":16},{"not_picked":["MokouMod:BurningDraft","MokouMod:BlazingComet"],"picked":"MokouMod:Meltdown","floor":18},{"not_picked":["MokouMod:RetainTemperature+1","MokouMod:DanceofFlames"],"picked":"MokouMod:IndiscriminateIgnition+1","floor":21},{"not_picked":["MokouMod:EternalBurstReactor+1","MokouMod:Firecracker"],"picked":"MokouMod:ResonanceReactor","floor":24},{"not_picked":["MokouMod:ScorchingColumn","MokouMod:SearingShot"],"picked":"MokouMod:HeartofFire","floor":28},{"not_picked":["MokouMod:FlareStarter+1","MokouMod:BurningHiddenBullet"],"picked":"MokouMod:Combust+1","floor":31},{"not_picked":["MokouMod:RadiantBlade","MokouMod:ProfanedFlare"],"picked":"MokouMod:ResonatingAura","floor":33},{"not_picked":["MokouMod:ResoluteFlare+1","MokouMod:AdaptivePyromancy+1"],"picked":"MokouMod:Afterburner+1","floor":35},{"not_picked":["Thinking Ahead","Magnetism"],"picked":"Flash of Steel","floor":36},{"not_picked":["MokouMod:AdaptivePyromancy+1","MokouMod:Ember+1"],"picked":"MokouMod:TemporalFireSeal","floor":40},{"not_picked":["MokouMod:PhoenixFeathers+1","MokouMod:Refresh"],"picked":"MokouMod:Sear+1","floor":42},{"not_picked":["MokouMod:ScorchingColumn","MokouMod:InfernalWave+1"],"picked":"MokouMod:Ventilation","floor":48}],"player_experience":1524079,"relics_obtained":[{"floor":7,"key":"HornCleat"},{"floor":9,"key":"Akabeko"},{"floor":12,"key":"Orichalcum"},{"floor":24,"key":"StoneCalendar"},{"floor":26,"key":"Ancient Tea Set"},{"floor":31,"key":"theSenshi:SailorFukuRelic"},{"floor":39,"key":"CrazyTorch:ReiMu"},{"floor":40,"key":"Pen Nib"},{"floor":42,"key":"Sundial"},{"floor":43,"key":"Vajra"}],"event_choices":[{"damage_healed":0,"gold_gain":0,"player_choice":"Donate","damage_taken":0,"relics_obtained":["PaintedHorse:ReiMu"],"max_hp_gain":0,"max_hp_loss":0,"event_name":"yidonshenshe","floor":2,"gold_loss":40},{"damage_healed":0,"gold_gain":0,"player_choice":"Take Damage","damage_taken":18,"relics_obtained":["Golden Idol"],"max_hp_gain":0,"max_hp_loss":0,"event_name":"Golden Idol","floor":3,"gold_loss":0},{"damage_healed":0,"gold_gain":175,"player_choice":"AGREE","damage_taken":0,"max_hp_gain":0,"max_hp_loss":0,"event_name":"Liars Game","floor":4,"gold_loss":0,"cards_obtained":["Doubt"]},{"damage_healed":0,"gold_gain":0,"player_choice":"Paid Gold","damage_taken":0,"relics_obtained":["Mango"],"max_hp_gain":0,"max_hp_loss":0,"event_name":"WeMeetAgain","floor":5,"gold_loss":114},{"damage_healed":0,"gold_gain":0,"player_choice":"Trade","damage_taken":0,"relics_obtained":["SsserpentHead"],"max_hp_gain":0,"max_hp_loss":0,"event_name":"FaceTrader","floor":19,"gold_loss":0},{"damage_healed":0,"gold_gain":0,"player_choice":"Ignored","damage_taken":0,"max_hp_gain":0,"max_hp_loss":0,"event_name":"Cursed Tome","floor":27,"gold_loss":0},{"damage_healed":0,"gold_gain":0,"player_choice":"Memory 1","damage_taken":0,"max_hp_gain":0,"max_hp_loss":0,"event_name":"SensoryStone","floor":36,"gold_loss":0},{"cards_removed":["MokouMod:Strike"],"damage_healed":0,"gold_gain":0,"player_choice":"Removed Attack","damage_taken":0,"max_hp_gain":0,"max_hp_loss":0,"event_name":"Falling","floor":38,"gold_loss":0},{"damage_healed":0,"gold_gain":0,"player_choice":"Rummage","damage_taken":0,"relics_obtained":["WarpedTongs"],"max_hp_gain":0,"max_hp_loss":0,"event_name":"Accursed Blacksmith","floor":45,"gold_loss":0,"cards_obtained":["Pain"]}],"is_beta":false,"boss_relics":[{"not_picked":["Tiny House","RedLine:ReiMu"],"picked":"construct:ClawGrip"},{"not_picked":["Philosopher\u0027s Stone","Runic Dome"],"picked":"SlaversCollar"}],"items_purged_floors":[10,37,46],"is_endless":false,"potions_floor_spawned":[11,16,18,24,31,42],"ascension_level":8}}