{"host":"39hztz5hia41w0n0","time":1612467302,"event":{"mods":["2.2 Compatiblity","AchievementEnabler","Act Like it!","AlwaysNeverKeys","Aspiration","BaseMod","Better Altar","Better Note","Better Sensory Stone","Better Skull","Better Third Choice","BetterRewards","Block Reminder","Colored Map","Colored Powertips","Conspire","Curses Come First","DeckTracker","Defuse TimeMaze Blight","Downfall","Energized Spire","GifTheSpireLib","Googly Eyes","Halation","Highlight Path","Hubris","Infinite Spire","Minty Spire (QoL Compilation)","Permanent Neow","Potion Indicator Mod","Quick Restart","RatMod","Relic Filter","Relic Sorter","Relic Stats","Replay The Spire","Reworked Bosses","Shop Mod","Spicy Shops","Spikes Relics","StSLib","Stuff the Spire","SuperFastMode","Uncapped","Unceasing Turn Reminder","UnlockEverythingMod","Username Fix","egg"],"gold_per_floor":[117,117,117,134,148,176,191,191,191],"floor_reached":8,"language":"ENG","playtime":221,"items_purged":[],"score":58,"play_id":"999d6068-914d-4764-9a78-7b76298f782f","local_time":"20210204143502","is_ascension_mode":false,"campfire_choices":[],"circlet_count":0,"master_deck":["Strike_B","Strike_B","Strike_B","Strike_B","Defend_B","Defend_B","Defend_B","Defend_B","Zap","Dualcast","Panic Button","Go for the Eyes","Sweeping Beam","Capacitor"],"relics":["Cracked Core","aspiration:Nostalgia","m_BurningSludge","hubris:Towel","aspiration:FaultyCoupler"],"acts_visited":["Exordium"],"potions_floor_usage":[6,8],"damage_taken":[{"damage":1,"enemies":"2 Louse","floor":1,"turns":2},{"damage":0,"enemies":"conspire:RoseBush","floor":4,"turns":3},{"damage":11,"enemies":"infinitespire:Voidling","floor":5,"turns":4},{"damage":39,"enemies":"Gremlin Nob","floor":6,"turns":5},{"damage":8,"enemies":"Blue Slaver","floor":7,"turns":4},{"damage":13,"enemies":"Lagavulin","floor":8,"turns":3}],"seed_played":"-8677094628207291726","potions_obtained":[{"floor":1,"key":"Milkshake"},{"floor":7,"key":"PowerPotion"}],"is_trial":false,"path_per_floor":["M","?","?","M","M","E","M","E"],"character_chosen":"DEFECT","items_purchased":[],"campfire_rested":0,"item_purchase_floors":[],"current_hp_per_floor":[74,74,74,74,63,24,16,3,3],"gold":191,"neow_bonus":"NOSTALGIA","is_daily":false,"chose_seed":false,"campfire_upgraded":0,"win_rate":0.0,"timestamp":1612467302,"path_taken":["M","?","?","?","M","E","M","E"],"items_purchased_type":[],"build_version":"2020-12-22","purchased_purges":0,"victory":false,"max_hp_per_floor":[75,75,75,75,75,75,75,75,75],"relic_stats":{"counters":[6,21],"obtain_stats":[{"aspiration:Nostalgia":0,"hubris:Towel":2,"Cracked Core":0,"m_BurningSludge":0,"aspiration:FaultyCoupler":6},{"aspiration:Nostalgia":0,"hubris:Towel":1,"Cracked Core":0,"m_BurningSludge":0,"aspiration:FaultyCoupler":4},{"aspiration:Nostalgia":0,"hubris:Towel":2,"Cracked Core":0,"m_BurningSludge":0,"aspiration:FaultyCoupler":14}]},"card_choices":[{"not_picked":["Twin Strike","Scrape"],"picked":"Panic Button","floor":1},{"not_picked":["Blood for Blood","Panic Button"],"picked":"Go for the Eyes","floor":4},{"not_picked":["Ball Lightning","Hologram"],"picked":"Sweeping Beam","floor":5},{"not_picked":["Fusion","Darkness","Turbo"],"picked":"SKIP","floor":6},{"not_picked":["Sunder","Heatsinks"],"picked":"Capacitor","floor":7}],"player_experience":79894,"relics_obtained":[{"floor":6,"key":"aspiration:FaultyCoupler"}],"event_choices":[{"damage_healed":0,"gold_gain":0,"player_choice":"Ignored","damage_taken":0,"max_hp_gain":0,"max_hp_loss":0,"event_name":"betterNote:BetterNote","floor":3,"gold_loss":0,"cards_obtained":["Neutralize"]}],"is_beta":false,"boss_relics":[],"items_purged_floors":[],"is_endless":false,"potions_floor_spawned":[1,7],"killed_by":"Lagavulin","ascension_level":0}}