{"host":"n9ppbm26tsy3ls9n","time":1612405481,"event":{"mods":["AchievementEnabler","BaseMod","Colored Map","Colored Powertips","Curses Come First","Highlight Path","Minty Spire (QoL Compilation)","Quick Restart","Rare Cards Sparkle","Relic Stats","StSLib"],"gold_per_floor":[144,144,189,234,279,279,324,369,369,414,459,549,549,594,594,894,894,939,984,251,296,341,431,431,521,571,571,616,576,621,666,666,966,966,1011,1056,170,215,215,305,5,50,50,50,140,0,45,90,90,90],"floor_reached":51,"language":"ENG","playtime":3280,"items_purged":["Tempest"],"score":959,"play_id":"bacdf164-252f-4d88-8be2-f38ff6e7766e","local_time":"20210204032441","daily_mods":["Insanity","Red Cards","Midas"],"is_ascension_mode":false,"campfire_choices":[{"floor":6.0,"key":"REST"},{"floor":13,"key":"REST"},{"floor":15,"key":"REST"},{"floor":24,"key":"REST"},{"floor":27,"key":"REST"},{"floor":32,"key":"REST"},{"floor":49,"key":"REST"}],"circlet_count":0,"master_deck":["Stack","Flex","Shrug It Off","Fire Breathing","Rip and Tear","Havoc","Bloodletting","Disarm","Anger","Flex","Barrage","Warcry","Barrage","Go for the Eyes","Hello World","Steam","Leap","Blood for Blood","Warcry","Metallicize","Shrug It Off","Flame Barrier","Shrug It Off","Reckless Charge","Conserve Battery","Clothesline","Clothesline","Barrage","Wild Strike","Genetic Algorithm+1","Shrug It Off","Hologram","Cold Snap","Force Field","Loop","Scrape+1","Whirlwind","Undo","Chaos","Chaos","Warcry","Gash","Ball Lightning","Heavy Blade+1","Clash","Double Energy","Warcry","Barrage","Armaments+1","Spot Weakness","Self Repair","Dark Embrace","Berserk","Metallicize","Seek","Warcry","Scrape","Mind Blast+1","Capacitor","Melter+1","Beam Cell+1","Coolheaded","Shockwave","Coolheaded+1","Twin Strike+1","Go for the Eyes+1","Echo Form","Body Slam+1","Heavy Blade+1","Mind Blast+1","BootSequence","Defragment","Secret Weapon","Loop","Demon Form","Demon Form","White Noise+1","Chill","Metallicize+1"],"relics":["Cracked Core","Gremlin Horn","Cables","Philosopher\u0027s Stone","Eternal Feather","Molten Egg 2","Orichalcum","Happy Flower","Bronze Scales","Nuclear Battery","Whetstone","HandDrill","Akabeko","Ornamental Fan","Bag of Marbles","Toolbox","InkBottle","The Courier","Red Mask"],"acts_visited":["Exordium","TheCity","TheBeyond"],"potions_floor_usage":[25,31,33,33,33,33,33,33,38,45,50,50,50],"damage_taken":[{"damage":0.0,"enemies":"Small Slimes","floor":1.0,"turns":2.0},{"damage":0.0,"enemies":"Cultist","floor":3.0,"turns":2.0},{"damage":0.0,"enemies":"2 Louse","floor":4.0,"turns":2.0},{"damage":3.0,"enemies":"Exordium Thugs","floor":5.0,"turns":5.0},{"damage":0.0,"enemies":"Looter","floor":7.0,"turns":2.0},{"damage":0.0,"enemies":"Large Slime","floor":8.0,"turns":5.0},{"damage":0.0,"enemies":"Exordium Wildlife","floor":10.0,"turns":2.0},{"damage":0,"enemies":"3 Louse","floor":11,"turns":2},{"damage":10,"enemies":"3 Sentries","floor":12,"turns":5},{"damage":13,"enemies":"Large Slime","floor":14,"turns":6},{"damage":19,"enemies":"Hexaghost","floor":16,"turns":11},{"damage":10,"enemies":"Shell Parasite","floor":18,"turns":5},{"damage":0,"enemies":"3 Byrds","floor":19,"turns":2},{"damage":0,"enemies":"Snake Plant","floor":21,"turns":2},{"damage":0,"enemies":"Sentry and Sphere","floor":22,"turns":2},{"damage":35,"enemies":"Slavers","floor":23,"turns":4},{"damage":9,"enemies":"Book of Stabbing","floor":25,"turns":3},{"damage":0,"enemies":"Chosen and Byrds","floor":28,"turns":4},{"damage":0,"enemies":"Shelled Parasite and Fungi","floor":30,"turns":2},{"damage":13,"enemies":"Snake Plant","floor":31,"turns":1},{"damage":45,"enemies":"Collector","floor":33,"turns":6},{"damage":0,"enemies":"Orb Walker","floor":35,"turns":1},{"damage":0,"enemies":"3 Shapes","floor":36,"turns":4},{"damage":0,"enemies":"Jaw Worm Horde","floor":38,"turns":1},{"damage":2,"enemies":"Reptomancer","floor":40,"turns":2},{"damage":0,"enemies":"Sphere and 2 Shapes","floor":42,"turns":1},{"damage":0,"enemies":"Nemesis","floor":45,"turns":1},{"damage":0,"enemies":"Spire Growth","floor":47,"turns":1},{"damage":0,"enemies":"Maw","floor":48,"turns":3},{"damage":17,"enemies":"Time Eater","floor":50,"turns":6}],"seed_played":"2514053361250750194","potions_obtained":[{"floor":5.0,"key":"Weak Potion"},{"floor":7.0,"key":"Dexterity Potion"},{"floor":12,"key":"PotionOfCapacity"},{"floor":14,"key":"EntropicBrew"},{"floor":30,"key":"GamblersBrew"},{"floor":31,"key":"GamblersBrew"},{"floor":33,"key":"AttackPotion"},{"floor":35,"key":"GamblersBrew"},{"floor":38,"key":"Weak Potion"},{"floor":40,"key":"FocusPotion"},{"floor":48,"key":"DuplicationPotion"}],"is_trial":false,"path_per_floor":["M","?","M","M","M","R","M","M","T","M","M","E","R","M","R","B",null,"M","M","$","M","M","E","R","E","T","R","M","?","M","M","R","B",null,"M","M","$","M","?","E","$","M","T","?","E","?","M","M","R","B",null],"character_chosen":"DEFECT","items_purchased":["Eternal Feather","Molten Egg 2","Mind Blast+1","Capacitor","Whetstone","HandDrill","Akabeko","Mind Blast+1","BootSequence","Defragment","Secret Weapon","Bag of Marbles","Toolbox"],"campfire_rested":7,"item_purchase_floors":[20,20,20,20,37,37,37,37,37,37,37,41,41],"current_hp_per_floor":[75,75,75,75,72,75,75,75,75,75,75,72,75,62,75,56,75,72,72,72,75,75,50,75,73,73,75,75,75,75,62,75,37,75,75,75,75,75,75,73,73,73,73,73,73,73,73,73,75,58],"gold":90,"neow_bonus":"","is_daily":true,"chose_seed":false,"campfire_upgraded":0,"win_rate":0.0,"timestamp":1612405481,"path_taken":["M","?","?","M","M","R","M","M","T","M","M","E","R","M","R","BOSS","M","M","$","?","M","E","R","E","T","R","M","?","M","M","R","BOSS","M","M","$","?","?","E","?","M","T","?","E","?","?","M","R","BOSS"],"items_purchased_type":["Relic","Relic","Card","Card","Relic","Relic","Relic","Card","Card","Card","Card","Relic","Relic"],"build_version":"2020-12-22","purchased_purges":1,"victory":true,"max_hp_per_floor":[75,75,75,75,75,75,75,75,75,75,75,75,75,75,75,75,75,75,75,75,75,75,75,75,75,75,75,75,75,75,75,75,75,75,75,75,75,75,75,75,75,75,75,75,75,75,75,75,75,75],"relic_stats":{"Gremlin Horn":[19,19],"Happy Flower":[11],"counters":[30,95],"Ornamental Fan":[16],"Bronze Scales":[67],"Eternal Feather":42,"HandDrill":[8],"Whetstone":["Scrape","Heavy Blade"],"Orichalcum":[42],"obtain_stats":[{"Gremlin Horn":9,"Happy Flower":25,"Eternal Feather":20,"The Courier":45,"Whetstone":37,"Orichalcum":23,"Akabeko":37,"Cables":12,"Nuclear Battery":34,"Ornamental Fan":40,"Bronze Scales":26,"Toolbox":41,"Philosopher\u0027s Stone":17,"Molten Egg 2":20,"HandDrill":37,"Bag of Marbles":41,"Red Mask":46,"Cracked Core":0,"InkBottle":43},{"Gremlin Horn":6,"Happy Flower":17,"Eternal Feather":13,"The Courier":27,"Whetstone":23,"Orichalcum":16,"Akabeko":23,"Cables":9,"Nuclear Battery":21,"Ornamental Fan":25,"Bronze Scales":17,"Toolbox":25,"Philosopher\u0027s Stone":11,"Molten Egg 2":13,"HandDrill":23,"Bag of Marbles":25,"Red Mask":27,"Cracked Core":0,"InkBottle":26},{"Gremlin Horn":18,"Happy Flower":62,"Eternal Feather":51,"The Courier":85,"Whetstone":80,"Orichalcum":59,"Akabeko":80,"Cables":27,"Nuclear Battery":75,"Ornamental Fan":83,"Bronze Scales":62,"Toolbox":83,"Philosopher\u0027s Stone":44,"Molten Egg 2":51,"HandDrill":80,"Bag of Marbles":83,"Red Mask":85,"Cracked Core":0,"InkBottle":84}],"InkBottle":[4],"Cables":[49,47,2,0,0]},"card_choices":[{"not_picked":["Rebound","Havoc"],"picked":"Barrage","floor":1.0},{"not_picked":["Wild Strike","Heavy Blade","Thunderclap"],"picked":"SKIP","floor":3.0},{"not_picked":["Sweeping Beam","Stack"],"picked":"Armaments","floor":4.0},{"not_picked":["Dual Wield","Searing Blow","True Grit"],"picked":"SKIP","floor":5.0},{"not_picked":["Leap","Disarm"],"picked":"Spot Weakness","floor":7.0},{"not_picked":["Clash","Wild Strike"],"picked":"Self Repair","floor":8.0},{"not_picked":["Rebound","Consume","Leap"],"picked":"SKIP","floor":10.0},{"not_picked":["Streamline","Clothesline"],"picked":"Dark Embrace","floor":11},{"not_picked":["Metallicize","Coolheaded"],"picked":"Berserk","floor":12},{"not_picked":["Sword Boomerang","Thunderclap"],"picked":"Metallicize","floor":14},{"not_picked":["Machine Learning","Core Surge"],"picked":"Seek","floor":16},{"not_picked":["Steam","Tempest"],"picked":"Warcry","floor":18},{"not_picked":["Perfected Strike","Flex"],"picked":"Scrape","floor":19},{"not_picked":["Sweeping Beam+1","Anger+1"],"picked":"Melter+1","floor":21},{"not_picked":["Clash+1","Twin Strike+1"],"picked":"Beam Cell+1","floor":22},{"not_picked":["Havoc+1","Sever Soul+1"],"picked":"Coolheaded","floor":23},{"not_picked":["Turbo","Clash+1"],"picked":"Shockwave","floor":25},{"not_picked":["Metallicize","Hello World"],"picked":"Coolheaded+1","floor":28},{"not_picked":["True Grit","Twin Strike+1","Perfected Strike+1"],"picked":"SKIP","floor":30},{"not_picked":["True Grit","Perfected Strike+1"],"picked":"Twin Strike+1","floor":30},{"not_picked":["Leap+1","Cold Snap+1"],"picked":"Go for the Eyes+1","floor":31},{"not_picked":["Feed+1","Immolate+1"],"picked":"Echo Form","floor":33},{"not_picked":["Thunderclap+1","Wild Strike+1"],"picked":"Body Slam+1","floor":35},{"not_picked":["Combust","Sword Boomerang+1"],"picked":"Heavy Blade+1","floor":36},{"not_picked":["Capacitor","Go for the Eyes+1"],"picked":"Loop","floor":38},{"not_picked":["Perfected Strike+1","Iron Wave+1"],"picked":"Demon Form","floor":40},{"not_picked":["Steam","Compile Driver+1"],"picked":"White Noise+1","floor":42},{"not_picked":["Rupture","Perfected Strike+1","Turbo"],"picked":"SKIP","floor":45},{"not_picked":["Chaos+1","Tempest+1"],"picked":"Chill","floor":47},{"not_picked":["Iron Wave+1","Brutality"],"picked":"Metallicize+1","floor":48}],"player_experience":750030,"relics_obtained":[{"floor":9.0,"key":"Gremlin Horn"},{"floor":12,"key":"Cables"},{"floor":23,"key":"Orichalcum"},{"floor":25,"key":"Happy Flower"},{"floor":26,"key":"Bronze Scales"},{"floor":40,"key":"Ornamental Fan"},{"floor":43,"key":"InkBottle"},{"floor":45,"key":"The Courier"}],"event_choices":[{"damage_healed":0.0,"max_hp_gain":0.0,"max_hp_loss":0.0,"gold_gain":0.0,"event_name":"Accursed Blacksmith","player_choice":"Forge","floor":2.0,"gold_loss":0.0,"damage_taken":0.0,"cards_upgraded":["Genetic Algorithm"]},{"damage_healed":0,"gold_gain":0,"player_choice":"Upgrade","damage_taken":0,"max_hp_gain":0,"max_hp_loss":0,"event_name":"Designer","floor":29,"gold_loss":40,"cards_upgraded":["Armaments"]},{"damage_healed":0,"gold_gain":0,"cards_transformed":["Dual Wield"],"player_choice":"Transformed","damage_taken":0,"max_hp_gain":0,"max_hp_loss":0,"event_name":"Transmorgrifier","floor":39,"gold_loss":0,"cards_obtained":["Demon Form"]},{"cards_removed":["Cleave"],"damage_healed":0,"gold_gain":0,"player_choice":"Removed Attack","damage_taken":0,"max_hp_gain":0,"max_hp_loss":0,"event_name":"Falling","floor":44,"gold_loss":0},{"damage_healed":0,"gold_gain":0,"player_choice":"Paid","damage_taken":0,"relics_obtained":["Red Mask"],"max_hp_gain":0,"max_hp_loss":0,"event_name":"Tomb of Lord Red Mask","floor":46,"gold_loss":140}],"is_beta":false,"boss_relics":[{"not_picked":["Empty Cage","Runic Dome"],"picked":"Philosopher\u0027s Stone"},{"not_picked":["Sozu","SacredBark"],"picked":"Nuclear Battery"}],"items_purged_floors":[20],"is_endless":false,"potions_floor_spawned":[5,7,12,14,16,19,21,23,30,31,33,35,38,40,48],"ascension_level":0}}