{"host":"072lmn9sfokvtood","time":1612456232,"event":{"mods":["BaseMod","Colored Powertips","Curses Come First","Minty Spire (QoL Compilation)","StSLib"],"gold_per_floor":[144,189,234,279,29,29,304,349,349,394,439,484,559,109,109,409,409,454,499,774,279,56,146,146,61,111,156,201,201,246,291,291,591,591,636,681,354,504,504,594,554,304,304,349,439,439,439,484,484,484],"floor_reached":51,"language":"ENG","playtime":2818,"items_purged":[],"score":921,"play_id":"f1c59300-194f-48c5-872f-b2d3bcd8f8f8","local_time":"20210204103032","daily_mods":["Insanity","Red Cards","Midas"],"is_ascension_mode":false,"campfire_choices":[{"floor":6,"key":"REST"},{"floor":15,"key":"REST"},{"floor":24,"key":"REST"},{"floor":32,"key":"REST"},{"floor":46,"key":"REST"},{"floor":49,"key":"REST"}],"circlet_count":0,"master_deck":["Stack","Flex","Shrug It Off","Fire Breathing","Rip and Tear+1","Havoc","Bloodletting","Disarm","Anger","Flex","Barrage","Warcry","Barrage","Go for the Eyes","Hello World","Dual Wield","Steam","Leap","Warcry","Metallicize","Shrug It Off","Flame Barrier","Shrug It Off","Reckless Charge","Conserve Battery","Clothesline+1","Clothesline","Barrage","Wild Strike","Genetic Algorithm","Shrug It Off","Hologram","Cleave","Cold Snap","Force Field","Loop","Scrape","Whirlwind","Undo","Chaos","Chaos","Warcry","Gash","Ball Lightning","Heavy Blade","Tempest","Clash","Double Energy","Warcry","Thunderclap","Sweeping Beam","Regret","Double Tap","Barricade+1","Regret","Mind Blast","Feed","Spot Weakness+1","Entrench+1","Writhe","Chaos+1","Amplify","Heavy Blade+1","Secret Weapon","Go for the Eyes+1","Iron Wave+1","White Noise+1","Chaos+1"],"relics":["Cracked Core","Eternal Feather","Gremlin Horn","HandDrill","Akabeko","Whetstone","Philosopher\u0027s Stone","Shuriken","Bag of Marbles","Anchor","Cables","Orichalcum","Happy Flower","Bronze Scales","Nuclear Battery","ClockworkSouvenir","Emotion Chip","Ornamental Fan","HornCleat","InkBottle","The Courier"],"acts_visited":["Exordium","TheCity","TheBeyond"],"potions_floor_usage":[16,16,19,33,33,33,40,45],"damage_taken":[{"damage":0,"enemies":"Small Slimes","floor":1,"turns":2},{"damage":0,"enemies":"Cultist","floor":2,"turns":2},{"damage":0,"enemies":"2 Louse","floor":3,"turns":1},{"damage":13,"enemies":"Exordium Thugs","floor":4,"turns":4},{"damage":0,"enemies":"Looter","floor":8,"turns":2},{"damage":11,"enemies":"Large Slime","floor":10,"turns":6},{"damage":0,"enemies":"Exordium Wildlife","floor":11,"turns":2},{"damage":0,"enemies":"3 Louse","floor":12,"turns":1},{"damage":19,"enemies":"Hexaghost","floor":16,"turns":7},{"damage":11,"enemies":"Shell Parasite","floor":18,"turns":3},{"damage":7,"enemies":"3 Byrds","floor":19,"turns":3},{"damage":24,"enemies":"Slavers","floor":23,"turns":5},{"damage":0,"enemies":"Snake Plant","floor":27,"turns":1},{"damage":4,"enemies":"Sentry and Sphere","floor":28,"turns":3},{"damage":3,"enemies":"Chosen and Byrds","floor":30,"turns":3},{"damage":0,"enemies":"Shelled Parasite and Fungi","floor":31,"turns":1},{"damage":35,"enemies":"Collector","floor":33,"turns":6},{"damage":0,"enemies":"Orb Walker","floor":35,"turns":1},{"damage":10,"enemies":"3 Shapes","floor":36,"turns":2},{"damage":12,"enemies":"Mind Bloom Boss Battle","floor":38,"turns":4},{"damage":22,"enemies":"Reptomancer","floor":40,"turns":4},{"damage":0,"enemies":"Jaw Worm Horde","floor":44,"turns":2},{"damage":4,"enemies":"Nemesis","floor":45,"turns":3},{"damage":0,"enemies":"Sphere and 2 Shapes","floor":48,"turns":2},{"damage":57,"enemies":"Time Eater","floor":50,"turns":9}],"seed_played":"2514053361250750194","potions_obtained":[{"floor":4,"key":"Weak Potion"},{"floor":11,"key":"ColorlessPotion"},{"floor":12,"key":"Explosive Potion"},{"floor":19,"key":"Weak Potion"},{"floor":28,"key":"SkillPotion"},{"floor":30,"key":"CultistPotion"},{"floor":38,"key":"SkillPotion"},{"floor":40,"key":"Fruit Juice"},{"floor":45,"key":"BlessingOfTheForge"}],"is_trial":false,"path_per_floor":["M","M","M","M","$","R","?","M","T","M","M","M","?","$","R","B",null,"M","M","?","$","$","E","R","?","T","M","M","?","M","M","R","B",null,"M","M","$","?","?","E","?","$","T","M","E","R","?","M","R","B",null],"character_chosen":"DEFECT","items_purchased":["Eternal Feather","HandDrill","Akabeko","Whetstone","Shuriken","Bag of Marbles","Mind Blast","Anchor","Feed","ClockworkSouvenir","Secret Weapon","HornCleat"],"campfire_rested":6,"item_purchase_floors":[5,14,14,14,21,21,21,22,22,37,37,42],"current_hp_per_floor":[75,75,75,62,62,75,75,75,75,64,64,64,57,57,75,56,75,64,57,57,57,57,36,78,78,78,78,74,74,71,71,78,43,78,78,68,68,56,56,34,34,34,34,34,35,79,79,79,79,22],"gold":484,"neow_bonus":"","is_daily":true,"chose_seed":false,"campfire_upgraded":0,"win_rate":0.0,"timestamp":1612456232,"path_taken":["M","M","M","M","$","R","?","M","T","?","?","M","?","$","R","BOSS","M","?","?","?","$","E","R","?","T","M","M","?","M","M","R","BOSS","M","M","$","?","?","E","?","$","T","?","E","R","?","M","R","BOSS"],"items_purchased_type":["Relic","Relic","Relic","Relic","Relic","Relic","Card","Relic","Card","Relic","Card","Relic"],"build_version":"2020-12-22","purchased_purges":0,"victory":true,"max_hp_per_floor":[75,75,75,75,75,75,75,75,75,75,75,75,75,75,75,75,75,75,75,75,75,75,78,78,78,78,78,78,78,78,78,78,78,78,78,78,78,78,74,74,74,74,74,74,79,79,79,79,79,79],"card_choices":[{"not_picked":["Rebound","Havoc","Barrage"],"picked":"SKIP","floor":1},{"not_picked":["Wild Strike","Heavy Blade"],"picked":"Thunderclap","floor":2},{"not_picked":["Armaments","Stack"],"picked":"Sweeping Beam","floor":3},{"not_picked":["Dual Wield","Searing Blow","True Grit"],"picked":"SKIP","floor":4},{"not_picked":["Anger","Redo"],"picked":"Double Tap","floor":8},{"not_picked":["Wild Strike","Leap","Headbutt"],"picked":"SKIP","floor":10},{"not_picked":["Streamline","Clothesline","Compile Driver"],"picked":"SKIP","floor":11},{"not_picked":["Iron Wave","Coolheaded","Hologram"],"picked":"SKIP","floor":12},{"not_picked":["Amplify","Demon Form"],"picked":"Barricade","floor":16},{"not_picked":["Steam","Tempest","Warcry"],"picked":"SKIP","floor":18},{"not_picked":["Scrape","Perfected Strike","Flex"],"picked":"SKIP","floor":19},{"not_picked":["Bloodletting","Clothesline","Pommel Strike"],"picked":"SKIP","floor":23},{"not_picked":["Force Field+1","Iron Wave"],"picked":"Spot Weakness+1","floor":27},{"not_picked":["Shrug It Off","Beam Cell+1"],"picked":"Entrench+1","floor":28},{"not_picked":["Havoc","Body Slam"],"picked":"Chaos+1","floor":30},{"not_picked":["Consume","BootSequence","Redo"],"picked":"SKIP","floor":31},{"not_picked":["Offering","Brutality"],"picked":"Amplify","floor":33},{"not_picked":["Thunderclap","Wild Strike","Body Slam"],"picked":"SKIP","floor":35},{"not_picked":["Combust","Sword Boomerang+1"],"picked":"Heavy Blade+1","floor":36},{"not_picked":["Capacitor","Loop"],"picked":"Go for the Eyes+1","floor":38},{"not_picked":["Perfected Strike+1","Demon Form"],"picked":"Iron Wave+1","floor":40},{"not_picked":["Steam","Compile Driver+1"],"picked":"White Noise+1","floor":44},{"not_picked":["Rupture","Perfected Strike+1","Turbo"],"picked":"SKIP","floor":45},{"not_picked":["Chill","Tempest+1"],"picked":"Chaos+1","floor":48}],"player_experience":266495,"relics_obtained":[{"floor":9,"key":"Gremlin Horn"},{"floor":23,"key":"Cables"},{"floor":26,"key":"Happy Flower"},{"floor":38,"key":"Emotion Chip"},{"floor":40,"key":"Ornamental Fan"},{"floor":43,"key":"InkBottle"},{"floor":45,"key":"The Courier"}],"event_choices":[{"damage_healed":0,"gold_gain":275,"player_choice":"Desecrate","damage_taken":0,"max_hp_gain":0,"max_hp_loss":0,"event_name":"Golden Shrine","floor":7,"gold_loss":0,"cards_obtained":["Regret"]},{"damage_healed":0,"gold_gain":75,"player_choice":"Touch","damage_taken":7,"max_hp_gain":0,"max_hp_loss":0,"event_name":"FaceTrader","floor":13,"gold_loss":0},{"damage_healed":0,"gold_gain":275,"player_choice":"Desecrate","damage_taken":0,"max_hp_gain":0,"max_hp_loss":0,"event_name":"Golden Shrine","floor":20,"gold_loss":0,"cards_obtained":["Regret"]},{"damage_healed":0,"gold_gain":0,"player_choice":"Obtained Relic","damage_taken":0,"relics_obtained":["Orichalcum"],"max_hp_gain":0,"max_hp_loss":0,"event_name":"Addict","floor":25,"gold_loss":85},{"damage_healed":0,"gold_gain":0,"player_choice":"Opened","damage_taken":0,"relics_obtained":["Bronze Scales"],"max_hp_gain":0,"max_hp_loss":0,"event_name":"The Mausoleum","floor":29,"gold_loss":0,"cards_obtained":["Writhe"]},{"damage_healed":0,"gold_gain":0,"player_choice":"Fight","damage_taken":0,"max_hp_gain":0,"max_hp_loss":0,"event_name":"MindBloom","floor":38,"gold_loss":0},{"damage_healed":0,"gold_gain":0,"player_choice":"Max HP","damage_taken":0,"max_hp_gain":0,"max_hp_loss":4,"event_name":"Winding Halls","floor":39,"gold_loss":0},{"damage_healed":0,"gold_gain":0,"player_choice":"Upgrade","damage_taken":0,"max_hp_gain":0,"max_hp_loss":0,"event_name":"Designer","floor":41,"gold_loss":40,"cards_upgraded":["Barricade"]},{"cards_removed":["Blood for Blood"],"damage_healed":0,"gold_gain":0,"player_choice":"Removed Attack","damage_taken":0,"max_hp_gain":0,"max_hp_loss":0,"event_name":"Falling","floor":47,"gold_loss":0}],"is_beta":false,"boss_relics":[{"not_picked":["Empty Cage","Runic Dome"],"picked":"Philosopher\u0027s Stone"},{"not_picked":["Sozu","SacredBark"],"picked":"Nuclear Battery"}],"items_purged_floors":[],"is_endless":false,"potions_floor_spawned":[4,11,12,19,28,30,31,38,40,45],"ascension_level":0}}