{"host":"l4am8ae7vj09bp0g","time":1612437479,"event":{"mods":["Act Like it!","BaseMod","Colored Powertips","Conspire","LagranYue(¿≠∏Ò¿ °§‘¬)","Minty Spire (QoL Compilation)","Quick Restart","Relic Filter","Reliquary","Replay The Spire","Shop Mod","StSLib","SuperFastMode","TestMod"],"gold_per_floor":[113,46,71,83,99,99,133,133,158,158,158],"floor_reached":10,"language":"ZHS","playtime":321,"items_purged":[],"score":96,"play_id":"e03abd69-31a7-460b-b53e-601a7d7228bc","local_time":"20210204191759","daily_mods":["SealedDeck","Heirloom","DeadlyEvents","Elite Swarm","Uncertain Future"],"is_ascension_mode":true,"campfire_choices":[{"data":"Armaments","floor":6,"key":"SMITH"},{"data":"True Grit","floor":8,"key":"SMITH"}],"circlet_count":0,"master_deck":["Spot Weakness","Whirlwind","Iron Wave","Cleave","True Grit+1","Armaments+1","Battle Trance","Pommel Strike","Flame Barrier","Battle Trance","Armaments","Ghostly Armor","Shrug It Off"],"relics":["Burning Blood","testmod-TestBox","LagranYue:RandomDrawCardRelic","testmod-BouquetWithThorns","testmod-CyclicPeriapt","testmod-DragonStarHat","Bag of Marbles"],"acts_visited":["Exordium"],"potions_floor_usage":[7],"damage_taken":[{"damage":0,"enemies":"2 Louse","floor":1,"turns":1},{"damage":0,"enemies":"Small Slimes","floor":4,"turns":3},{"damage":0,"enemies":"Cultist","floor":5,"turns":4},{"damage":0,"enemies":"3 Sentries","floor":7,"turns":4},{"damage":0,"enemies":"Gremlin Nob","floor":10,"turns":4}],"seed_played":"1040775825865037526","potions_obtained":[{"floor":4,"key":"SteroidPotion"}],"is_trial":true,"path_per_floor":["M","$","?","M","M","R","E","R","T","E"],"character_chosen":"IRONCLAD","items_purchased":["Ghostly Armor"],"campfire_rested":0,"item_purchase_floors":[2],"current_hp_per_floor":[1,1,1,1,1,1,1,1,1,1,1],"gold":158,"neow_bonus":"","is_daily":false,"chose_seed":false,"campfire_upgraded":2,"win_rate":0.0,"timestamp":1612437479,"path_taken":["M","$","?","M","?","R","E","R","T","E"],"items_purchased_type":["Card"],"build_version":"2020-12-22","purchased_purges":0,"victory":false,"max_hp_per_floor":[1,1,1,1,1,1,1,1,1,1,1],"card_choices":[{"not_picked":["Rampage","Wild Strike"],"picked":"Armaments","floor":1},{"not_picked":["Anger","Flex","Defy Death"],"picked":"SKIP","floor":4},{"not_picked":["Havoc","Feel No Pain"],"picked":"Shrug It Off","floor":5},{"not_picked":["Corruption","Juggernaut","Brutality"],"picked":"SKIP","floor":7}],"player_experience":59619,"relics_obtained":[{"floor":7,"key":"testmod-DragonStarHat"},{"floor":9,"key":"Bag of Marbles"}],"event_choices":[],"is_beta":false,"boss_relics":[],"items_purged_floors":[],"is_endless":true,"potions_floor_spawned":[4],"killed_by":"Gremlin Nob","ascension_level":1}}