{"host":"6fkscwgr344hcmao","time":1612469426,"event":{"mods":["2.2 Compatiblity","AchievementEnabler","BaseMod","Colored Map","Highlight Path","Minty Spire (QoL Compilation)","Random Character Button","Rare Cards Sparkle"],"gold_per_floor":[109,127,127,137,137,168,168,118,118,130,30,30,43,55,55,158,158,177,195,195,195,5,5,5,31,80,80,80],"floor_reached":27,"language":"POL","playtime":1008,"items_purged":["Strike_R","Blood for Blood"],"score":231,"play_id":"31aca11f-798b-4d73-b4c9-8d54b7bbabe2","local_time":"20210204211026","is_ascension_mode":false,"campfire_choices":[{"floor":7,"key":"REST"},{"floor":12,"key":"RECALL"},{"floor":15,"key":"REST"},{"floor":23,"key":"REST"}],"circlet_count":0,"master_deck":["Defend_R","Defend_R","Defend_R","Defend_R","Bash","Warcry","Rampage","Warcry","Headbutt","Double Tap","Flame Barrier","Warcry","Dropkick"],"relics":["Fusion Hammer","Question Card","Shuriken","Girya","Kunai"],"acts_visited":["Exordium","TheCity"],"potions_floor_usage":[6,18,25],"damage_taken":[{"damage":1,"enemies":"Jaw Worm","floor":1,"turns":3},{"damage":2,"enemies":"Small Slimes","floor":2,"turns":4},{"damage":0,"enemies":"2 Louse","floor":4,"turns":3},{"damage":24,"enemies":"Lagavulin","floor":6,"turns":8},{"damage":7,"enemies":"Blue Slaver","floor":10,"turns":2},{"damage":0,"enemies":"3 Louse","floor":13,"turns":4},{"damage":6,"enemies":"Large Slime","floor":14,"turns":5},{"damage":41,"enemies":"Slime Boss","floor":16,"turns":7},{"damage":16,"enemies":"2 Thieves","floor":18,"turns":4},{"damage":10,"enemies":"3 Byrds","floor":19,"turns":5},{"damage":69,"enemies":"Gremlin Leader","floor":25,"turns":7},{"damage":15,"enemies":"Centurion and Healer","floor":27,"turns":1}],"seed_played":"1430376911477896018","potions_obtained":[{"floor":4,"key":"Ancient Potion"},{"floor":16,"key":"SkillPotion"},{"floor":18,"key":"Explosive Potion"},{"floor":25,"key":"LiquidMemories"}],"is_trial":false,"path_per_floor":["M","M","?","M","?","E","R","?","T","M","$","R","M","M","R","B",null,"M","M","?","?","$","R","T","E","T","M"],"character_chosen":"IRONCLAD","items_purchased":["Warcry","Warcry","Dropkick"],"campfire_rested":3,"item_purchase_floors":[11,22,22],"current_hp_per_floor":[79,77,77,77,82,58,83,83,83,76,76,76,76,70,85,44,85,69,59,59,59,59,84,84,15,15,0,0],"gold":80,"neow_bonus":"BOSS_RELIC","is_daily":false,"chose_seed":false,"campfire_upgraded":0,"win_rate":0.0,"timestamp":1612469426,"path_taken":["M","M","?","M","?","E","R","?","T","M","?","R","M","M","R","BOSS","M","M","?","?","$","R","?","E","T","M"],"items_purchased_type":["Card","Card","Card"],"build_version":"2020-12-22","purchased_purges":2,"victory":false,"max_hp_per_floor":[80,80,80,80,85,85,85,85,85,85,85,85,85,85,85,85,85,85,85,85,85,85,85,85,85,85,85,85],"card_choices":[{"not_picked":["Clash","Uppercut"],"picked":"Warcry","floor":1},{"not_picked":["Flex","Havoc"],"picked":"Rampage","floor":2},{"not_picked":["Anger","Rampage","Evolve"],"picked":"SKIP","floor":4},{"not_picked":["Spot Weakness","Heavy Blade","Perfected Strike"],"picked":"SKIP","floor":6},{"not_picked":["Fire Breathing","Evolve","Corruption","Sword Boomerang"],"picked":"SKIP","floor":10},{"not_picked":["Second Wind","Heavy Blade","Shrug It Off"],"picked":"Headbutt","floor":13},{"not_picked":["Body Slam","Searing Blow","Pommel Strike","Immolate"],"picked":"SKIP","floor":14},{"not_picked":["Exhume","Brutality","Bludgeon"],"picked":"Double Tap","floor":16},{"not_picked":["Shrug It Off","Wild Strike","Clash","Pommel Strike"],"picked":"SKIP","floor":18},{"not_picked":["Bloodletting","Blood for Blood","Sword Boomerang","Brutality"],"picked":"SKIP","floor":19},{"not_picked":["Fire Breathing","Sever Soul+1","Armaments","Battle Trance+1"],"picked":"SKIP","floor":25}],"player_experience":237758,"relics_obtained":[{"floor":6,"key":"Question Card"},{"floor":9,"key":"Shuriken"},{"floor":24,"key":"Girya"},{"floor":25,"key":"Kunai"}],"event_choices":[{"damage_healed":0,"gold_gain":0,"player_choice":"Ignored","damage_taken":0,"max_hp_gain":0,"max_hp_loss":0,"event_name":"Liars Game","floor":3,"gold_loss":0},{"damage_healed":0,"gold_gain":0,"player_choice":"Donut","damage_taken":0,"max_hp_gain":5,"max_hp_loss":0,"event_name":"Big Fish","floor":5,"gold_loss":0},{"cards_removed":["Strike_R"],"damage_healed":0,"gold_gain":0,"player_choice":"Card Removal","damage_taken":0,"max_hp_gain":0,"max_hp_loss":0,"event_name":"The Cleric","floor":8,"gold_loss":50},{"cards_removed":["Strike_R"],"damage_healed":0,"gold_gain":0,"player_choice":"Elegance","damage_taken":0,"max_hp_gain":0,"max_hp_loss":0,"event_name":"Back to Basics","floor":20,"gold_loss":0},{"damage_healed":0,"gold_gain":0,"cards_transformed":["Strike_R","Strike_R"],"player_choice":"Became Test Subject","damage_taken":0,"max_hp_gain":0,"max_hp_loss":0,"event_name":"Drug Dealer","floor":21,"gold_loss":0,"cards_obtained":["Flame Barrier","Blood for Blood"]}],"is_beta":false,"boss_relics":[{"not_picked":["Coffee Dripper","Runic Dome","Busted Crown"]}],"items_purged_floors":[11,22],"is_endless":false,"potions_floor_spawned":[4,16,18,25],"killed_by":"Centurion and Healer","ascension_level":0}}