{"host":"23qk1co0p3p8qz56","time":1612427940,"event":{"mods":["AchievementEnabler","Act Like it!","Arknights","BaseMod","Better Note","Better Third Choice","BetterRewards","CapriCore","Lobotomy","LobotomyExtend","MarisaÅiñ∂âJÅ@ñÇóùçπÅj","Minty Spire (QoL Compilation)","StSLib","The Animator","The Senshi","Waifu the Spire"],"gold_per_floor":[123,134,147,160,187,187,187],"floor_reached":6,"language":"ENG","playtime":981,"items_purged":[],"score":40,"play_id":"25edf144-1d29-4fec-a44b-4c4505b28602","local_time":"20210204013900","is_ascension_mode":false,"campfire_choices":[],"circlet_count":0,"master_deck":["animator:Strike_Konosuba","animator:Defend_Konosuba","animator:Strike","animator:Strike","animator:Strike","animator:Defend","animator:Defend","animator:Defend","animator:Kazuma","animator:Aqua","animator:Megumin+4","animator:Shuna","animator:KyokoSakura","animator:Darkness","animator:Shalltear"],"relics":["animator:LivingPicture","animator:TheMissingPiece","animator:PurgingStone","LetterFromLob"],"acts_visited":["Exordium"],"potions_floor_usage":[],"damage_taken":[{"damage":3,"enemies":"Small Slimes","floor":1,"turns":5},{"damage":3,"enemies":"Jaw Worm","floor":2,"turns":6},{"damage":4,"enemies":"2 Louse","floor":3,"turns":3},{"damage":4,"enemies":"Blue Slaver","floor":4,"turns":5},{"damage":9,"enemies":"Gremlin Gang","floor":5,"turns":3},{"damage":71,"enemies":"Gremlin Nob","floor":6,"turns":5}],"seed_played":"6242029628832042602","potions_obtained":[{"floor":0,"key":"Regen Potion"},{"floor":0,"key":"FearPotion"},{"floor":0,"key":"Energy Potion"},{"floor":1,"key":"DuplicationPotion"}],"is_trial":false,"path_per_floor":["M","M","M","M","M","E"],"character_chosen":"THE_ANIMATOR","items_purchased":[],"campfire_rested":0,"item_purchase_floors":[],"current_hp_per_floor":[65,64,62,61,54,0,0],"gold":187,"neow_bonus":"THREE_SMALL_POTIONS","is_daily":false,"chose_seed":false,"campfire_upgraded":0,"win_rate":0.0,"timestamp":1612427940,"path_taken":["M","M","M","M","M","E"],"items_purchased_type":[],"build_version":"2020-12-22","purchased_purges":0,"victory":false,"max_hp_per_floor":[66,66,66,67,67,67,67],"card_choices":[{"not_picked":["animator:LeleiLaLalena","animator:MamiTomoe"],"picked":"animator:Megumin","floor":1},{"not_picked":["animator:Cocytus","animator:Archer"],"picked":"animator:Shuna","floor":2},{"not_picked":["animator:LizardPriest","animator:Evileye"],"picked":"animator:KyokoSakura","floor":3},{"not_picked":["animator:Aqua","animator:Kazuma"],"picked":"animator:Darkness","floor":4},{"not_picked":["animator:DolaSchwi","animator:Hakurou"],"picked":"animator:Shalltear","floor":5}],"player_experience":3798,"relics_obtained":[{"floor":1,"key":"LetterFromLob"}],"event_choices":[],"is_beta":false,"boss_relics":[],"items_purged_floors":[],"is_endless":false,"potions_floor_spawned":[1,3,5],"killed_by":"Gremlin Nob","ascension_level":0}}