{"host":"kmq7aw60w430zvtx","time":1612437300,"event":{"mods":["BaseMod","Downfall","GifTheSpireLib","Hermit","Hubris","Minty Spire (QoL Compilation)","Reliquary","Replay The Spire","StSLib","The Construct","The Cursed","The Hierophant","The Jungle","The Necromancer","The Runesmith"],"gold_per_floor":[115,290,290,300,300,326,49,49,72,85,110,110,126,144,144,270,270,295,295,295,309,113,113,128,128,198,222,222,237,237,1,1,121,121,144,169,86,110,128,128,491,491,491,509,509,549,549,564,564,564,564],"floor_reached":50,"language":"ENG","playtime":2547,"items_purged":["Doubt"],"score":610,"play_id":"7b6c87ea-f9f5-42e1-9e2e-25f533f63616","local_time":"20210204121500","is_ascension_mode":true,"campfire_choices":[{"floor":8,"key":"RECALL"},{"floor":15,"key":"REST"},{"floor":23,"key":"REST"},{"floor":25,"key":"REST"},{"floor":28,"key":"REST"},{"floor":32,"key":"REST"},{"floor":40,"key":"REST"},{"floor":42,"key":"REST"},{"floor":45,"key":"REST"},{"floor":49,"key":"REST"}],"circlet_count":0,"master_deck":["Strike_P+1","Strike_P+1","Strike_P+1","Strike_P+1","Defend_P+1","Defend_P+1","Defend_P+1","Defend_P+1","Eruption+1","Vigilance","SandsOfTime+1","SandsOfTime+1","Crescendo","Study","Consecrate","EmptyBody","MentalFortress+1","FlyingSleeves","FlyingSleeves","Replay:LoomingThreat+1","Crescendo","SandsOfTime+1","BattleHymn","Protect+1","BattleHymn","Evaluate+1","Replay:BluntJabs","Apotheosis","Replay:LoomingThreat","CarveReality+1","Perseverance","Finesse","Replay:AtTheReady+1","EmptyBody+1","ForeignInfluence+1","Parasite","Prostrate+1","Halt","Collect+1"],"relics":["PureWater","NeowsBlessing","Gremlin Food","TeardropLocket","Bag of Preparation","Ice Cream","Golden Idol","construct:ClawGrip","Blue Candle","Replay:Kaleidoscope","ReplayTheSpireMod:Shallot","Honey Jar","Old Coin","Onion Ring","Frozen Egg 2"],"acts_visited":["Exordium","TheCity","TheBeyond"],"potions_floor_usage":[11,14,14,33,33,33,38,39,41,47,50],"damage_taken":[{"damage":0,"enemies":"Cultist","floor":1,"turns":1},{"damage":0,"enemies":"2 Louse","floor":4,"turns":2},{"damage":0,"enemies":"3 Sentries","floor":6,"turns":2},{"damage":4,"enemies":"Small Slimes","floor":10,"turns":4},{"damage":14,"enemies":"Gremlin Nob","floor":11,"turns":3},{"damage":1,"enemies":"Looter","floor":13,"turns":3},{"damage":0,"enemies":"Exordium Wildlife","floor":14,"turns":4},{"damage":61,"enemies":"Slime Boss","floor":16,"turns":14},{"damage":40,"enemies":"Shell Parasite","floor":18,"turns":6},{"damage":7,"enemies":"3 Byrds","floor":21,"turns":5},{"damage":19,"enemies":"Snake Plant","floor":24,"turns":3},{"damage":9,"enemies":"Snecko","floor":27,"turns":4},{"damage":13,"enemies":"3 Cultists","floor":29,"turns":4},{"damage":49,"enemies":"Collector","floor":33,"turns":7},{"damage":42,"enemies":"3 Darklings","floor":35,"turns":5},{"damage":4,"enemies":"3 Shapes","floor":36,"turns":3},{"damage":1,"enemies":"Sphere and 2 Shapes","floor":38,"turns":4},{"damage":0,"enemies":"Transient","floor":39,"turns":5},{"damage":3,"enemies":"Mind Bloom Boss Battle","floor":41,"turns":6},{"damage":23,"enemies":"Writhing Mass","floor":44,"turns":5},{"damage":37,"enemies":"Nemesis","floor":46,"turns":5},{"damage":0,"enemies":"4 Shapes","floor":47,"turns":1},{"damage":8,"enemies":"Spire Growth","floor":48,"turns":4},{"damage":35,"enemies":"Donu and Deca","floor":50,"turns":6}],"seed_played":"2124224368814411258","potions_obtained":[{"floor":1,"key":"PowerPotion"},{"floor":4,"key":"Block Potion"},{"floor":11,"key":"DistilledChaos"},{"floor":24,"key":"Dexterity Potion"},{"floor":27,"key":"FearPotion"},{"floor":33,"key":"Doom Potion"},{"floor":35,"key":"LiquidMemories"},{"floor":38,"key":"SteroidPotion"},{"floor":44,"key":"SmokeBomb"},{"floor":48,"key":"Swift Potion"}],"is_trial":false,"path_per_floor":["M","?","?","M","?","E","$","R","T","M","E","?","M","M","R","B",null,"M","?","?","M","$","R","M","R","T","M","R","M","?","$","R","B",null,"M","M","$","M","M","R","?","R","T","M","R","E","M","M","R","B"],"character_chosen":"WATCHER","items_purchased":["Study","Bag of Preparation","Consecrate","BattleHymn","Protect","Apotheosis","PowerPotion","Finesse"],"campfire_rested":9,"item_purchase_floors":[7,7,7,22,22,31,31,37],"current_hp_per_floor":[72,72,72,72,65,65,65,65,65,61,47,47,46,46,66,5,67,27,22,22,15,15,35,16,36,36,27,47,34,34,34,54,5,67,25,21,21,20,20,40,37,57,57,34,54,17,17,9,29,0,0],"gold":564,"neow_bonus":"THREE_ENEMY_KILL","is_daily":false,"chose_seed":false,"campfire_upgraded":0,"win_rate":0.0,"timestamp":1612437300,"path_taken":["M","?","?","M","?","E","?","R","T","?","E","?","M","M","R","BOSS","M","?","?","M","?","R","M","R","T","M","R","M","?","$","R","BOSS","M","M","$","M","M","R","?","R","T","M","R","E","M","M","R","BOSS"],"items_purchased_type":["Card","Relic","Card","Card","Card","Card","Potion","Card"],"build_version":"2020-12-22","purchased_purges":1,"victory":false,"max_hp_per_floor":[72,72,72,72,72,72,72,72,72,72,72,67,67,67,67,67,67,67,67,67,67,67,67,67,67,67,67,67,67,67,67,67,67,67,67,67,67,67,67,67,67,67,67,67,67,67,67,67,67,67,67],"card_choices":[{"not_picked":["Prostrate","FollowUp"],"picked":"SandsOfTime","floor":1},{"not_picked":["PathToVictory","Crescendo"],"picked":"SandsOfTime","floor":4},{"not_picked":["PathToVictory","Replay:ManipulateFuture"],"picked":"Crescendo","floor":6},{"not_picked":["Omniscience","Crescendo"],"picked":"EmptyBody","floor":10},{"not_picked":["Replay:AtTheReady","Evaluate"],"picked":"MentalFortress","floor":11},{"not_picked":["Replay:Vibes","ReachHeaven"],"picked":"FlyingSleeves","floor":13},{"not_picked":["ThirdEye","CrushJoints"],"picked":"FlyingSleeves","floor":14},{"not_picked":["DevaForm","Ragnarok"],"picked":"Replay:LoomingThreat","floor":16},{"not_picked":["SignatureMove","Wireheading"],"picked":"Crescendo","floor":18},{"not_picked":["FlurryOfBlows","Study+1"],"picked":"SandsOfTime+1","floor":21},{"not_picked":["CutThroughFate","EmptyMind"],"picked":"BattleHymn","floor":24},{"not_picked":["SashWhip+1","EmptyFist"],"picked":"Evaluate+1","floor":27},{"not_picked":["Replay:Anticipation+1","EmptyBody"],"picked":"Replay:BluntJabs","floor":29},{"not_picked":["LessonLearned","Blasphemy"],"picked":"Replay:LoomingThreat","floor":33},{"not_picked":["ThirdEye+1","Prostrate","Replay:BluntJabs+1"],"picked":"CarveReality+1","floor":35},{"not_picked":["WaveOfTheHand","ClearTheMind","Halt"],"picked":"Perseverance","floor":36},{"not_picked":["Adaptation","Crescendo","ThirdEye"],"picked":"Replay:AtTheReady","floor":38},{"not_picked":["LessonLearned","Protect","Replay:Anticipation+1"],"picked":"EmptyBody+1","floor":39},{"not_picked":["Conclude+1","Nirvana+1","JustLucky+1"],"picked":"ForeignInfluence+1","floor":41},{"not_picked":["Crescendo+1","BowlingBash","Meditate+1"],"picked":"Prostrate+1","floor":44},{"not_picked":["Meditate","Study+1","SashWhip+1"],"picked":"Halt","floor":46},{"not_picked":["SashWhip","CutThroughFate+1","BowlingBash+1"],"picked":"Collect+1","floor":48}],"player_experience":338171,"relics_obtained":[{"floor":6,"key":"TeardropLocket"},{"floor":11,"key":"Ice Cream"},{"floor":26,"key":"ReplayTheSpireMod:Shallot"},{"floor":41,"key":"Old Coin"},{"floor":43,"key":"Onion Ring"},{"floor":46,"key":"Frozen Egg 2"}],"event_choices":[{"damage_healed":0,"gold_gain":175,"player_choice":"AGREE","damage_taken":0,"max_hp_gain":0,"max_hp_loss":0,"event_name":"Liars Game","floor":2,"gold_loss":0,"cards_obtained":["Doubt"]},{"damage_healed":0,"gold_gain":0,"player_choice":"Success","damage_taken":7,"relics_obtained":["Gremlin Food"],"max_hp_gain":0,"max_hp_loss":0,"event_name":"Scrap Ooze","floor":5,"gold_loss":0},{"damage_healed":0,"gold_gain":0,"player_choice":"Lose Max HP","damage_taken":0,"relics_obtained":["Golden Idol"],"max_hp_gain":0,"max_hp_loss":5,"event_name":"Golden Idol","floor":12,"gold_loss":0},{"damage_healed":0,"gold_gain":0,"player_choice":"Opened","damage_taken":0,"relics_obtained":["Replay:Kaleidoscope"],"max_hp_gain":0,"max_hp_loss":0,"event_name":"The Mausoleum","floor":20,"gold_loss":0},{"damage_healed":0,"gold_gain":0,"player_choice":"Simplicity","damage_taken":0,"max_hp_gain":0,"max_hp_loss":0,"event_name":"Back to Basics","floor":30,"gold_loss":0,"cards_upgraded":["Strike_P","Strike_P","Strike_P","Defend_P","Defend_P","Defend_P"]},{"damage_healed":0,"gold_gain":0,"player_choice":"Fight","damage_taken":0,"max_hp_gain":0,"max_hp_loss":0,"event_name":"MindBloom","floor":41,"gold_loss":0}],"is_beta":false,"boss_relics":[{"not_picked":["Snecko Eye","SacredBark"],"picked":"construct:ClawGrip"},{"not_picked":["hubris:ScarierMask","Busted Crown"],"picked":"Honey Jar"}],"items_purged_floors":[22],"is_endless":false,"potions_floor_spawned":[1,4,11,24,27,33,35,38,44,48],"killed_by":"Donu and Deca","ascension_level":2}}