{"host":"q6r63elxu27obe7v","time":1612425215,"event":{"mods":["2.2 Compatiblity","AchievementEnabler","BaseMod","CapriCore","Colored Map","DeckTracker","KOR Keyword Fix","Keyboard Shortcuts","Marisa£¨Ùöéë¡¡Øª×âÞÞ£©","Minty Spire (QoL Compilation)","Permanent Neow","Quick Restart","Replay The Spire","StSLib","SuperFastMode","everything is the same but u backflip on backflip","¡¼?Úª?ø«¡½REMEMod"],"gold_per_floor":[110,129,129,54,54,54,54,54],"floor_reached":7,"language":"KOR","playtime":125,"items_purged":["WindmillStrike"],"score":39,"play_id":"634de627-57d1-44ad-93dd-88dfbb4e0434","local_time":"20210204165335","is_ascension_mode":false,"campfire_choices":[{"data":"ManaRampage","floor":6,"key":"SMITH"}],"circlet_count":0,"master_deck":["Strike_P","Strike_P","Strike_P","Strike_P","Defend_P","Defend_P","Defend_P","Eruption","Vigilance","ManaRampage+1","Fasting2"],"relics":["PureWater","REME_ComplimentaryCards","Golden Idol","WingedGreaves"],"acts_visited":["Exordium"],"potions_floor_usage":[],"damage_taken":[{"damage":0,"enemies":"Small Slimes","floor":1,"turns":1},{"damage":2,"enemies":"Cultist","floor":2,"turns":4},{"damage":0,"enemies":"3 Sentries","floor":7,"turns":2}],"seed_played":"846753762810160858","potions_obtained":[{"floor":2,"key":"Adrenaline Potion"}],"is_trial":false,"path_per_floor":["M","M","?","$","?","R","E"],"character_chosen":"WATCHER","items_purchased":[],"campfire_rested":0,"item_purchase_floors":[],"current_hp_per_floor":[72,70,52,52,52,52,52,52],"gold":54,"neow_bonus":"TRANSFORM_CARD","is_daily":false,"chose_seed":false,"campfire_upgraded":1,"win_rate":0.0,"timestamp":1612425215,"path_taken":["M","M","?","$","?","R","E"],"items_purchased_type":[],"build_version":"2020-12-22","purchased_purges":1,"victory":false,"max_hp_per_floor":[72,72,72,72,72,72,72,72],"card_choices":[{"not_picked":["Protect","FearNoEvil"],"picked":"Fasting2","floor":1},{"not_picked":["REME_Repentance","Consecrate"],"picked":"EmptyFist","floor":2}],"player_experience":144443,"relics_obtained":[],"event_choices":[{"damage_healed":0,"gold_gain":0,"player_choice":"Take Damage","damage_taken":18,"relics_obtained":["Golden Idol"],"max_hp_gain":0,"max_hp_loss":0,"event_name":"Golden Idol","floor":3,"gold_loss":0},{"cards_removed":["EmptyFist"],"damage_healed":0,"gold_gain":0,"player_choice":"Gave Card","damage_taken":0,"relics_obtained":["WingedGreaves"],"max_hp_gain":0,"max_hp_loss":0,"event_name":"WeMeetAgain","floor":5,"gold_loss":0}],"is_beta":false,"boss_relics":[],"items_purged_floors":[4],"is_endless":false,"potions_floor_spawned":[2],"killed_by":"3 Sentries","ascension_level":0}}