{"host":"x5w9zppki4gdwvc7","time":1612416092,"event":{"mods":["AchievementEnabler","BaseMod","Colored Powertips","DeckTracker","Minty Spire (QoL Compilation)","Relic Sorter"],"gold_per_floor":[117,135,150,150,150,150,174,63,110,62,62,162,162,206,206,206,206],"floor_reached":16,"language":"ENG","playtime":551,"items_purged":["Injury"],"score":103,"play_id":"6818ad15-0e6c-489c-8d50-9d6438dcb7d1","local_time":"20210204062132","is_ascension_mode":true,"campfire_choices":[{"data":"Vigilance","floor":6,"key":"SMITH"},{"data":"PathToVictory","floor":11,"key":"SMITH"},{"floor":13,"key":"REST"},{"data":"Sanctity","floor":15,"key":"SMITH"}],"circlet_count":0,"master_deck":["Strike_P","Strike_P","Strike_P","Defend_P","Defend_P","Defend_P","Defend_P","Eruption","Vigilance+1","EmptyFist","SignatureMove","Sanctity+1","PathToVictory+1"],"relics":["PureWater","Golden Idol","Nunchaku","Juzu Bracelet"],"acts_visited":["Exordium"],"potions_floor_usage":[16,16],"damage_taken":[{"damage":0,"enemies":"Cultist","floor":1,"turns":4},{"damage":4,"enemies":"2 Louse","floor":2,"turns":2},{"damage":8,"enemies":"Small Slimes","floor":3,"turns":2},{"damage":18,"enemies":"Exordium Wildlife","floor":7,"turns":4},{"damage":8,"enemies":"3 Sentries","floor":14,"turns":8},{"damage":49,"enemies":"Slime Boss","floor":16,"turns":9}],"seed_played":"-871987094804113760","potions_obtained":[{"floor":7,"key":"LiquidBronze"},{"floor":14,"key":"AttackPotion"}],"is_trial":false,"path_per_floor":["M","M","M","?","?","R","M","$","T","$","R","?","R","E","R","B"],"character_chosen":"WATCHER","items_purchased":["Sanctity","PathToVictory"],"campfire_rested":1,"item_purchase_floors":[8,10],"current_hp_per_floor":[72,68,60,53,53,53,35,35,35,35,35,35,56,48,48,0,0],"gold":206,"neow_bonus":"THREE_CARDS","is_daily":false,"chose_seed":false,"campfire_upgraded":3,"win_rate":0.0,"timestamp":1612416092,"path_taken":["M","?","M","?","?","R","M","?","T","$","R","?","R","E","R","BOSS"],"items_purchased_type":["Card","Card"],"build_version":"2020-12-22","purchased_purges":1,"victory":false,"max_hp_per_floor":[72,72,72,72,72,72,72,72,72,72,72,72,72,72,72,72,72],"card_choices":[{"not_picked":["ReachHeaven","Crescendo"],"picked":"EmptyFist","floor":0},{"not_picked":["Prostrate","CutThroughFate","FlurryOfBlows"],"picked":"SKIP","floor":1},{"not_picked":["WindmillStrike","SashWhip","JustLucky"],"picked":"SKIP","floor":2},{"not_picked":["Collect","MentalFortress","ClearTheMind"],"picked":"SKIP","floor":3},{"not_picked":["MentalFortress","FearNoEvil"],"picked":"SignatureMove","floor":7},{"not_picked":["MasterReality","CrushJoints","CarveReality"],"picked":"SKIP","floor":14}],"player_experience":442918,"relics_obtained":[{"floor":9,"key":"Nunchaku"},{"floor":14,"key":"Juzu Bracelet"}],"event_choices":[{"cards_removed":["Strike_P"],"damage_healed":0,"gold_gain":0,"player_choice":"Card Removal","damage_taken":7,"max_hp_gain":0,"max_hp_loss":0,"event_name":"Golden Wing","floor":4,"gold_loss":0},{"damage_healed":0,"gold_gain":0,"player_choice":"Take Wound","damage_taken":0,"relics_obtained":["Golden Idol"],"max_hp_gain":0,"max_hp_loss":0,"event_name":"Golden Idol","floor":5,"gold_loss":0,"cards_obtained":["Injury"]},{"damage_healed":0,"gold_gain":100,"player_choice":"Pray","damage_taken":0,"max_hp_gain":0,"max_hp_loss":0,"event_name":"Golden Shrine","floor":12,"gold_loss":0}],"is_beta":false,"boss_relics":[],"items_purged_floors":[8],"is_endless":false,"potions_floor_spawned":[7,14],"killed_by":"Slime Boss","ascension_level":1}}