{"host":"p7j7o00jacnw7qzt","time":1612410774,"event":{"mods":["BaseMod","Colored Map","Colored Powertips","DeckTracker","Highlight Path","Minty Spire (QoL Compilation)","Relic Stats"],"gold_per_floor":[115,115,135,135,153,153,153,184,184,204,204,215,99,99,99,99,99],"floor_reached":16,"language":"ZHS","playtime":474,"items_purged":["Strike_G"],"score":204,"play_id":"a54e2928-e485-45af-9158-a0542346ed13","local_time":"20210203225254","is_ascension_mode":true,"campfire_choices":[{"data":"Acrobatics","floor":6.0,"key":"SMITH"},{"data":"Underhanded Strike","floor":11.0,"key":"SMITH"},{"data":"Noxious Fumes","floor":15.0,"key":"SMITH"}],"circlet_count":0,"master_deck":["AscendersBane","Strike_G","Strike_G","Strike_G","Defend_G","Defend_G","Defend_G","Defend_G","Defend_G","Survivor","Neutralize+1","Underhanded Strike+1","Noxious Fumes+1","Acrobatics+1","Calculated Gamble","Blade Dance","Noxious Fumes"],"relics":["Ring of the Snake","NeowsBlessing","InkBottle","Question Card"],"acts_visited":["Exordium"],"potions_floor_usage":[],"damage_taken":[{"damage":0.0,"enemies":"Jaw Worm","floor":1.0,"turns":1.0},{"damage":0.0,"enemies":"Cultist","floor":3.0,"turns":1.0},{"damage":0.0,"enemies":"2 Louse","floor":5.0,"turns":1.0},{"damage":3.0,"enemies":"Exordium Thugs","floor":7.0,"turns":2.0},{"damage":35.0,"enemies":"Lagavulin","floor":8.0,"turns":8.0},{"damage":3.0,"enemies":"Looter","floor":10.0,"turns":3.0},{"damage":3.0,"enemies":"Gremlin Gang","floor":12.0,"turns":5.0},{"damage":12,"enemies":"Slime Boss","floor":16,"turns":7}],"seed_played":"6268433148728463491","potions_obtained":[{"floor":1.0,"key":"SmokeBomb"},{"floor":3.0,"key":"Weak Potion"}],"is_trial":false,"path_per_floor":["M","?","M","?","M","R","M","E","T","M","R","M","$","?","R","B"],"character_chosen":"THE_SILENT","items_purchased":["Noxious Fumes"],"campfire_rested":0,"item_purchase_floors":[13],"current_hp_per_floor":[59,59,59,59,59,59,56,21,21,18,18,15,15,11,11,0,0],"gold":99,"neow_bonus":"THREE_ENEMY_KILL","is_daily":false,"chose_seed":false,"campfire_upgraded":3,"win_rate":0.0,"timestamp":1612410774,"path_taken":["M","?","?","?","M","R","M","E","T","M","R","?","$","?","R","BOSS"],"items_purchased_type":["Card"],"build_version":"2020-12-22","purchased_purges":1,"victory":false,"max_hp_per_floor":[66,66,66,66,66,66,66,66,66,66,66,66,66,66,66,66,66],"relic_stats":{"counters":[8,28],"Question Card":2,"obtain_stats":[{"NeowsBlessing":0,"Question Card":9,"InkBottle":8,"Ring of the Snake":0},{"NeowsBlessing":0,"Question Card":5,"InkBottle":5,"Ring of the Snake":0},{"NeowsBlessing":0,"Question Card":13,"InkBottle":13,"Ring of the Snake":0}],"InkBottle":[6],"Ring of the Snake":[16]},"card_choices":[{"not_picked":["Riddle With Holes","Expertise"],"picked":"Underhanded Strike","floor":1.0},{"not_picked":["Outmaneuver","Sucker Punch"],"picked":"Noxious Fumes","floor":3.0},{"not_picked":["Deflect","Flying Knee"],"picked":"Acrobatics","floor":5.0},{"not_picked":["Dagger Throw","Die Die Die"],"picked":"Calculated Gamble","floor":8.0},{"not_picked":["PiercingWail","Cloak And Dagger","Dagger Throw","Dagger Spray"],"picked":"SKIP","floor":10.0},{"not_picked":["Dagger Spray","Backflip","Backstab"],"picked":"Blade Dance","floor":12.0}],"player_experience":1073477,"relics_obtained":[{"floor":8.0,"key":"InkBottle"},{"floor":9.0,"key":"Question Card"}],"event_choices":[{"damage_healed":0.0,"max_hp_gain":0.0,"max_hp_loss":0.0,"gold_gain":0.0,"event_name":"Upgrade Shrine","player_choice":"Upgraded","floor":2.0,"gold_loss":0.0,"damage_taken":0.0,"cards_upgraded":["Neutralize"]},{"cards_removed":["Strike_G"],"damage_healed":0.0,"max_hp_gain":0.0,"max_hp_loss":0.0,"gold_gain":0.0,"event_name":"Bonfire Elementals","player_choice":"Offered Basic","floor":4.0,"gold_loss":0.0,"damage_taken":0.0},{"damage_healed":0.0,"max_hp_gain":0.0,"max_hp_loss":0.0,"gold_gain":0.0,"event_name":"The Woman in Blue","player_choice":"Bought 0 Potions","floor":14.0,"gold_loss":0.0,"damage_taken":0.0}],"is_beta":false,"boss_relics":[],"items_purged_floors":[13],"is_endless":false,"potions_floor_spawned":[1,3,7],"killed_by":"Slime Boss","ascension_level":20}}