{"host":"lnlgorucl381deje","time":1612424931,"event":{"mods":["ATMod(°¢èªMod)","AchievementEnabler","Aspiration","BaseMod","Better Altar","Better Match","Better Note","Better Sensory Stone","Better Skull","Better Third Choice","BetterRewards","Block Reminder","Challenge The Spire","Conspire","Dota2Spire","Energized Spire","Googly Eyes","Highlight Path","Hubris","Jedi Mod","Minty Spire (QoL Compilation)","Permanent Neow","Relic Stats","Reliquary","Replay The Spire","RumiaBox-Â¶Ã×æ«µÄÉñÃØºÐ×Ó","Shop Mod","Spicy Shops","StSLib","Transform Curses","¡¾ÒÅÎï¿¨ÅÆ¡¿REMEMod"],"gold_per_floor":[395,131,192,224,251,251,8,8,34,65,92,92,92,92,126,152,186,218],"floor_reached":19,"language":"ZHS","playtime":1608,"items_purged":["Defend_R","Normality"],"score":640,"play_id":"47aa24f3-04eb-4919-bf7d-ae90a82fbd93","local_time":"20210204154851","daily_mods":["challengethespire:Platinum Difficulty","challengethespire:Elite Rush","Uncertain Future"],"is_ascension_mode":true,"campfire_choices":[{"data":"REME_ACTH","floor":8,"key":"SMITH"},{"data":"Fiend Fire","floor":13,"key":"SMITH"},{"data":"REME_EyeOfCthun","floor":14,"key":"SMITH"}],"circlet_count":0,"master_deck":["AscendersBane","Strike_R","Strike_R","Strike_R","Strike_R","Strike_R","Defend_R","Defend_R","Defend_R","Bash","REME_ACTH+1","AT_TearsDenial","REME_EyeOfCthun+1","AT_ShrugMaster","AT_ShrugMaster","REME_ProfessionalPlagiarism","Battle Trance","Hemokinesis","Defy Death","Fire Breathing","Corruption","hubris:StunningStrike","Demonic Infusion","Fiend Fire+1","Demon Form","Shockwave","Battle Trance","REME_ACTH"],"relics":["Burning Blood","Black Star","Sling","PreservedInsect","REME_ComplimentaryCards","AT_ATBox","Membership Card","aspiration:Nostalgia","PureWater","aspiration:StickyExplosives_weak","Dota2Spire:ShadowBlade","Dota2Spire:HeartOfTarrasque","Dota2Spire:ArcaneBoots","Mercury Hourglass","Dota2Spire:Satanic","Dota2Spire:RefresherOrb","hubris:HerbalPaste","Bronze Scales","Red Skull","Happy Flower","hubris:Spice","MagicDraw1","Boot","energizedSpire:DecayingSkull","Meat on the Bone","hubris:PeanutButter","AT_EbonyIvory"],"acts_visited":["Exordium"],"potions_floor_usage":[3,5],"damage_taken":[{"damage":10,"enemies":"3 Sentries","floor":3,"turns":4},{"damage":2,"enemies":"Gremlin Nob","floor":4,"turns":2},{"damage":9,"enemies":"Lagavulin","floor":5,"turns":4},{"damage":24,"enemies":"Gremlin Leader","floor":9,"turns":4},{"damage":29,"enemies":"Slavers","floor":10,"turns":3},{"damage":2,"enemies":"Book of Stabbing","floor":11,"turns":2},{"damage":38,"enemies":"Reptomancer","floor":15,"turns":3},{"damage":4,"enemies":"Giant Head","floor":16,"turns":4},{"damage":0,"enemies":"Nemesis","floor":17,"turns":1},{"damage":4,"enemies":"Shield and Spear","floor":18,"turns":3}],"seed_played":"-3257567274916426404","potions_obtained":[{"floor":4,"key":"SkillPotion"},{"floor":10,"key":"LiquidMemories"},{"floor":16,"key":"Flashbang"}],"is_trial":true,"path_per_floor":["$","$","E","E","E","T","$","R","E","E","E","T","R","R","E","E","E","E",null],"character_chosen":"IRONCLAD","items_purchased":["Membership Card","REME_EyeOfCthun","AT_ShrugMaster","REME_GoldPotion","REME_ProfessionalPlagiarism","Battle Trance","Hemokinesis","aspiration:Nostalgia","hubris:HerbalPaste","Bronze Scales","hubris:StunningStrike"],"campfire_rested":0,"item_purchase_floors":[1,1,1,1,2,2,2,2,7,7,7],"current_hp_per_floor":[68,68,64,76,73,73,73,73,81,71,86,86,86,86,59,67,73,80],"gold":218,"neow_bonus":"","is_daily":false,"chose_seed":false,"campfire_upgraded":3,"win_rate":0.0,"timestamp":1612424931,"path_taken":["$","$","E","E","E","T","$","R","E","E","E","T","R","R","E","E","E","E"],"items_purchased_type":["Relic","Card","Card","Potion","Card","Card","Card","Relic","Relic","Relic","Card"],"build_version":"2020-12-22","purchased_purges":2,"victory":true,"max_hp_per_floor":[75,75,75,83,83,83,83,83,85,93,101,101,101,101,85,85,85,85],"relic_stats":{"Happy Flower":[5],"counters":[10,29],"Bronze Scales":[33],"PreservedInsect":586,"Black Star":10,"Boot":[0],"obtain_stats":[{"AT_ATBox":0,"Dota2Spire:ShadowBlade":3,"Dota2Spire:RefresherOrb":6,"Sling":0,"Boot":11,"Burning Blood":0,"aspiration:StickyExplosives_weak":3,"MagicDraw1":10,"Dota2Spire:Satanic":5,"hubris:HerbalPaste":7,"Dota2Spire:ArcaneBoots":4,"energizedSpire:DecayingSkull":12,"Red Skull":9,"Happy Flower":9,"aspiration:Nostalgia":2,"PreservedInsect":0,"AT_EbonyIvory":18,"Dota2Spire:HeartOfTarrasque":4,"Mercury Hourglass":5,"hubris:Spice":10,"Bronze Scales":7,"hubris:PeanutButter":17,"Black Star":0,"Membership Card":1,"PureWater":2,"REME_ComplimentaryCards":0,"Meat on the Bone":16},{"AT_ATBox":0,"Dota2Spire:ShadowBlade":1,"Dota2Spire:RefresherOrb":3,"Sling":0,"Boot":6,"Burning Blood":0,"aspiration:StickyExplosives_weak":1,"MagicDraw1":5,"Dota2Spire:Satanic":3,"hubris:HerbalPaste":3,"Dota2Spire:ArcaneBoots":2,"energizedSpire:DecayingSkull":6,"Red Skull":4,"Happy Flower":4,"aspiration:Nostalgia":0,"PreservedInsect":0,"AT_EbonyIvory":10,"Dota2Spire:HeartOfTarrasque":2,"Mercury Hourglass":3,"hubris:Spice":5,"Bronze Scales":3,"hubris:PeanutButter":9,"Black Star":0,"Membership Card":0,"PureWater":0,"REME_ComplimentaryCards":0,"Meat on the Bone":8},{"AT_ATBox":0,"Dota2Spire:ShadowBlade":4,"Dota2Spire:RefresherOrb":10,"Sling":0,"Boot":18,"Burning Blood":0,"aspiration:StickyExplosives_weak":4,"MagicDraw1":16,"Dota2Spire:Satanic":10,"hubris:HerbalPaste":10,"Dota2Spire:ArcaneBoots":6,"energizedSpire:DecayingSkull":18,"Red Skull":13,"Happy Flower":13,"aspiration:Nostalgia":0,"PreservedInsect":0,"AT_EbonyIvory":29,"Dota2Spire:HeartOfTarrasque":6,"Mercury Hourglass":10,"hubris:Spice":16,"Bronze Scales":10,"hubris:PeanutButter":26,"Black Star":0,"Membership Card":0,"PureWater":0,"REME_ComplimentaryCards":0,"Meat on the Bone":25}],"Burning Blood":60,"Mercury Hourglass":[78],"Meat on the Bone":0},"card_choices":[],"player_experience":167167,"relics_obtained":[{"floor":3,"key":"aspiration:StickyExplosives_weak"},{"floor":3,"key":"Dota2Spire:ShadowBlade"},{"floor":4,"key":"Dota2Spire:HeartOfTarrasque"},{"floor":4,"key":"Dota2Spire:ArcaneBoots"},{"floor":5,"key":"Mercury Hourglass"},{"floor":5,"key":"Dota2Spire:Satanic"},{"floor":9,"key":"Red Skull"},{"floor":9,"key":"Happy Flower"},{"floor":10,"key":"hubris:Spice"},{"floor":10,"key":"MagicDraw1"},{"floor":11,"key":"Boot"},{"floor":11,"key":"hubris:Spice"},{"floor":15,"key":"hubris:Spice"},{"floor":15,"key":"hubris:Spice"},{"floor":16,"key":"Meat on the Bone"},{"floor":17,"key":"hubris:PeanutButter"},{"floor":18,"key":"AT_EbonyIvory"}],"event_choices":[],"is_beta":false,"boss_relics":[{"not_picked":["energizedSpire:DeadBattery","Pandora\u0027s Box"],"picked":"Dota2Spire:RefresherOrb"},{"not_picked":["hubris:Spice","hubris:Spice"],"picked":"energizedSpire:DecayingSkull"}],"items_purged_floors":[1,7],"is_endless":false,"potions_floor_spawned":[4,10,16,17],"ascension_level":20}}