{"host":"sav7uxregyirlf69","time":1612404381,"event":{"mods":["AchievementEnabler","BaseMod","Colored Map","DeckTracker","Keyboard Shortcuts","Minty Spire (QoL Compilation)","READ ME - Guardian Mod","StSLib","SuperFastMode"],"gold_per_floor":[115,115,130,155,175,175,211,136,136,171,196,31,31,52,52,145,145,166,441,460,112,112,138,138,138,184,184,184,184],"floor_reached":28,"language":"KOR","playtime":350,"items_purged":["Strike_R","Regret"],"score":492,"play_id":"eb045819-59de-4831-8b9f-4e9f63d4c0e3","local_time":"20210204110621","is_ascension_mode":true,"campfire_choices":[{"data":"Hemokinesis","floor":6,"key":"SMITH"},{"data":"Blood for Blood","floor":13,"key":"SMITH"},{"data":"Evolve","floor":15,"key":"SMITH"},{"data":"Armaments","floor":24,"key":"SMITH"},{"data":"Barricade","floor":27,"key":"SMITH"}],"circlet_count":0,"master_deck":["AscendersBane","Bash","Cleave","Pommel Strike","Shockwave","Hemokinesis+1","Flame Barrier","Blood for Blood+1","Evolve+1","Fire Breathing","Inflame","Offering","Barricade+1","Spot Weakness","Searing Blow","Rampage","Combust","Clash","Perfected Strike","Dark Embrace","Shrug It Off","Armaments+1"],"relics":["Burning Blood","Bloody Idol","Pear","TungstenRod","Pandora\u0027s Box","Lee\u0027s Waffle","Regal Pillow","MealTicket"],"acts_visited":["Exordium","TheCity"],"potions_floor_usage":[10,16],"damage_taken":[{"damage":7,"enemies":"Small Slimes","floor":1,"turns":3},{"damage":7,"enemies":"Jaw Worm","floor":3,"turns":3},{"damage":6,"enemies":"Cultist","floor":4,"turns":3},{"damage":5,"enemies":"2 Fungi Beasts","floor":5,"turns":3},{"damage":29,"enemies":"Lagavulin","floor":7,"turns":5},{"damage":12,"enemies":"3 Sentries","floor":10,"turns":3},{"damage":1,"enemies":"Large Slime","floor":11,"turns":2},{"damage":6,"enemies":"Looter","floor":14,"turns":3},{"damage":44,"enemies":"Hexaghost","floor":16,"turns":8},{"damage":16,"enemies":"2 Thieves","floor":18,"turns":2},{"damage":19,"enemies":"Chosen","floor":20,"turns":4},{"damage":70,"enemies":"Book of Stabbing","floor":23,"turns":5},{"damage":37,"enemies":"Centurion and Healer","floor":28,"turns":4}],"seed_played":"8796803579614827914","potions_obtained":[{"floor":1,"key":"ColorlessPotion"},{"floor":5,"key":"BlessingOfTheForge"},{"floor":11,"key":"Fire Potion"},{"floor":16,"key":"Ancient Potion"},{"floor":23,"key":"PowerPotion"}],"is_trial":false,"path_per_floor":["M","?","M","M","M","R","E","?","T","E","M","$","R","M","R","B",null,"M","?","M","$","?","E","R","?","T","R","M"],"character_chosen":"IRONCLAD","items_purchased":["Fire Breathing","Lee\u0027s Waffle","Shrug It Off","Armaments"],"campfire_rested":0,"item_purchase_floors":[12,21,21,21],"current_hp_per_floor":[74,74,73,73,74,74,61,61,61,55,60,60,60,60,60,22,69,59,59,46,91,91,32,32,32,37,37,0,0],"gold":184,"neow_bonus":"TEN_PERCENT_HP_BONUS","is_daily":false,"chose_seed":false,"campfire_upgraded":5,"win_rate":0.0,"timestamp":1612404381,"path_taken":["M","?","M","M","M","R","E","?","T","E","M","$","R","M","R","BOSS","M","?","?","$","?","E","R","?","T","R","M"],"items_purchased_type":["Card","Relic","Card","Card"],"build_version":"2020-12-22","purchased_purges":2,"victory":false,"max_hp_per_floor":[82,74,74,74,74,74,84,84,84,84,84,84,84,84,84,84,84,84,84,84,91,91,91,91,91,91,91,91,91],"card_choices":[{"not_picked":["Armaments","Entrench"],"picked":"Cleave","floor":1},{"not_picked":["Twin Strike","Body Slam"],"picked":"Pommel Strike","floor":3},{"not_picked":["Flex","Heavy Blade"],"picked":"Shockwave","floor":4},{"not_picked":["Havoc","Battle Trance"],"picked":"Hemokinesis","floor":5},{"not_picked":["Sever Soul","Bloodletting"],"picked":"Flame Barrier","floor":7},{"not_picked":["Searing Blow","Evolve"],"picked":"Blood for Blood","floor":10},{"not_picked":["Hemokinesis","Pommel Strike"],"picked":"Evolve","floor":11},{"not_picked":["Sentinel","Sever Soul"],"picked":"Inflame","floor":14},{"not_picked":["Berserk","Brutality"],"picked":"Offering","floor":16},{"not_picked":["True Grit","Iron Wave","Flex"],"picked":"SKIP","floor":18},{"not_picked":["Carnage","Flex"],"picked":"Dark Embrace","floor":20},{"not_picked":["Cleave","True Grit","Searing Blow"],"picked":"SKIP","floor":23}],"player_experience":1479262,"relics_obtained":[{"floor":7,"key":"Pear"},{"floor":10,"key":"TungstenRod"},{"floor":23,"key":"Regal Pillow"},{"floor":26,"key":"MealTicket"}],"event_choices":[{"damage_healed":0,"gold_gain":0,"player_choice":"Lose Max HP","damage_taken":0,"relics_obtained":["Golden Idol"],"max_hp_gain":0,"max_hp_loss":8,"event_name":"Golden Idol","floor":2,"gold_loss":0},{"cards_removed":["Strike_R"],"damage_healed":0,"gold_gain":0,"player_choice":"Card Removal","damage_taken":0,"max_hp_gain":0,"max_hp_loss":0,"event_name":"The Cleric","floor":8,"gold_loss":75},{"damage_healed":0,"gold_gain":275,"player_choice":"Desecrate","damage_taken":0,"max_hp_gain":0,"max_hp_loss":0,"event_name":"Golden Shrine","floor":19,"gold_loss":0,"cards_obtained":["Regret"]},{"damage_healed":0,"gold_gain":0,"player_choice":"Gave Idol","damage_taken":0,"relics_obtained":["Bloody Idol"],"max_hp_gain":0,"max_hp_loss":0,"event_name":"Forgotten Altar","floor":22,"relics_lost":["Golden Idol"],"gold_loss":0},{"damage_healed":0,"gold_gain":0,"player_choice":"Ignored","damage_taken":0,"max_hp_gain":0,"max_hp_loss":0,"event_name":"Cursed Tome","floor":25,"gold_loss":0}],"is_beta":false,"boss_relics":[{"not_picked":["SacredBark","Runic Pyramid"],"picked":"Pandora\u0027s Box"}],"items_purged_floors":[12,21],"is_endless":false,"potions_floor_spawned":[1,5,7,11,16,18,23],"killed_by":"Centurion and Healer","ascension_level":20}}