{"host":"2htowdb5wria0zm7","time":1612475107,"event":{"mods":["BaseMod","Better Third Choice","BetterRewards","Googly Eyes","Hyrulean Relics","Minty Spire (QoL Compilation)","StSLib"],"gold_per_floor":[119,134,134,134,134,134,165,165,165,177,194,194,23,38,38,164,164,184,197,212,212,212,212,250,250,275,275,38,77,151,171,171,296,296,320,18,351,364,68,95,0,0,0,0,16,16,66,86,86,86],"floor_reached":51,"language":"ENG","playtime":3281,"items_purged":["Regret"],"score":961,"play_id":"038b6dcc-d3cf-4c2b-a094-05604d1d6158","local_time":"20210204164507","is_ascension_mode":false,"campfire_choices":[{"floor":6.0,"key":"REST"},{"floor":8.0,"key":"REST"},{"floor":15.0,"key":"REST"},{"data":"Backflip","floor":23,"key":"SMITH"},{"floor":25,"key":"REST"},{"data":"Bouncing Flask","floor":27,"key":"SMITH"},{"floor":32,"key":"REST"},{"data":"Dramatic Entrance","floor":42,"key":"SMITH"},{"data":"Dramatic Entrance","floor":44,"key":"SMITH"},{"data":"Noxious Fumes","floor":46,"key":"SMITH"},{"data":"Deadly Poison","floor":49,"key":"SMITH"}],"circlet_count":0,"master_deck":["Strike_G","Strike_G","Strike_G","Strike_G","Strike_G","Defend_G","Defend_G","Defend_G","Defend_G","Defend_G","Survivor","Neutralize","Dash","Backflip+1","Deadly Poison+1","Flying Knee","Noxious Fumes+1","Die Die Die","All Out Attack","Injury","Deadly Poison+1","Bane","Terror","Unload","Bane","Writhe","Bouncing Flask+1","Dramatic Entrance+1","Dramatic Entrance+1","Blur+1","Backstab+1","Bullet Time+1","Deadly Poison+1","PiercingWail+1"],"relics":["Ring of the Snake","MealTicket","Pocketwatch","Incense Burner","Orichalcum","Pen Nib","Toy Ornithopter","Mummified Hand","Black Star","HornCleat","Gremlin Horn","Thread and Needle","Bronze Scales","DollysMirror","Blood Vial","Art of War","Toxic Egg 2","Sozu","The Specimen","Ice Cream","Pear","Nunchaku","Red Mask","Lantern","Lizard Tail"],"acts_visited":["Exordium","TheCity","TheBeyond"],"potions_floor_usage":[29,33],"damage_taken":[{"damage":0.0,"enemies":"Small Slimes","floor":1.0,"turns":5.0},{"damage":0.0,"enemies":"Jaw Worm","floor":2.0,"turns":3.0},{"damage":18.0,"enemies":"3 Sentries","floor":7.0,"turns":7.0},{"damage":11.0,"enemies":"2 Louse","floor":10.0,"turns":2.0},{"damage":5.0,"enemies":"2 Fungi Beasts","floor":11.0,"turns":2.0},{"damage":0.0,"enemies":"Blue Slaver","floor":14.0,"turns":2.0},{"damage":14.0,"enemies":"The Guardian","floor":16.0,"turns":8.0},{"damage":6.0,"enemies":"Shell Parasite","floor":18.0,"turns":4.0},{"damage":4.0,"enemies":"2 Thieves","floor":19.0,"turns":2.0},{"damage":4,"enemies":"Snecko","floor":20,"turns":5},{"damage":26,"enemies":"Gremlin Leader","floor":24,"turns":5},{"damage":18,"enemies":"Slavers","floor":29,"turns":3},{"damage":9,"enemies":"Sentry and Sphere","floor":31,"turns":4},{"damage":52,"enemies":"Champ","floor":33,"turns":10},{"damage":6,"enemies":"3 Shapes","floor":35,"turns":3},{"damage":5,"enemies":"Orb Walker","floor":38,"turns":3},{"damage":8,"enemies":"Reptomancer","floor":40,"turns":4},{"damage":2,"enemies":"Maw","floor":45,"turns":8},{"damage":0,"enemies":"Mind Bloom Boss Battle","floor":47,"turns":5},{"damage":0,"enemies":"Jaw Worm Horde","floor":48,"turns":2},{"damage":112,"enemies":"Time Eater","floor":50,"turns":11}],"seed_played":"2862246352335235180","potions_obtained":[{"floor":1.0,"key":"SkillPotion"},{"floor":7.0,"key":"Fire Potion"},{"floor":14.0,"key":"LiquidMemories"},{"floor":19,"key":"SteroidPotion"},{"floor":24,"key":"Weak Potion"}],"is_trial":false,"path_per_floor":["M","M","?","?","?","R","E","R","T","M","M","?","$","M","R","B",null,"M","M","M","?","?","R","E","R","T","R","$","E","T","M","R","B",null,"M","$","?","M","$","E","?","R","T","R","M","R","?","M","R","B",null],"character_chosen":"THE_SILENT","items_purchased":["MealTicket","Dash","Backflip","Deadly Poison","Bane","Dramatic Entrance","DollysMirror","The Specimen","Ice Cream"],"campfire_rested":5,"item_purchase_floors":[0,0,0,13,13,28,28,36,39],"current_hp_per_floor":[63,63,63,31,31,52,34,55,55,44,44,44,59,59,70,56,70,64,65,61,61,61,61,35,56,56,56,70,52,52,45,66,18,70,64,70,70,65,70,72,72,72,72,72,72,72,74,76,76,18],"gold":86,"neow_bonus":"","is_daily":false,"chose_seed":false,"campfire_upgraded":6,"win_rate":0.0,"timestamp":1612475107,"path_taken":["M","M","?","?","?","R","E","R","T","M","?","?","$","M","R","BOSS","M","M","M","?","?","R","E","R","T","R","$","E","?","M","R","BOSS","M","$","?","M","$","E","?","R","T","R","M","R","?","M","R","BOSS"],"items_purchased_type":["Relic","Card","Card","Card","Card","Card","Relic","Relic","Relic"],"build_version":"2020-12-22","purchased_purges":1,"victory":true,"max_hp_per_floor":[70,70,70,70,70,70,70,70,70,70,70,70,70,70,70,70,70,70,70,70,70,70,70,70,70,70,70,70,70,70,70,70,70,70,70,70,70,70,70,80,80,80,80,80,80,80,80,80,80,80],"card_choices":[{"not_picked":["All Out Attack","Underhanded Strike"],"picked":"Deadly Poison","floor":1.0},{"not_picked":["Expertise","Predator"],"picked":"Flying Knee","floor":2.0},{"not_picked":["Outmaneuver","Flechettes"],"picked":"Noxious Fumes","floor":7.0},{"not_picked":["Dagger Throw","Deflect"],"picked":"Die Die Die","floor":10.0},{"not_picked":["Sucker Punch","Escape Plan"],"picked":"All Out Attack","floor":11.0},{"not_picked":["Flying Knee","Outmaneuver"],"picked":"Terror","floor":14.0},{"not_picked":["Malaise","Venomology"],"picked":"Unload","floor":16.0},{"not_picked":["Tactician","All Out Attack","Quick Slash"],"picked":"SKIP","floor":18.0},{"not_picked":["Sucker Punch","Skewer","Underhanded Strike+1"],"picked":"SKIP","floor":19},{"not_picked":["Sucker Punch","Skewer","Underhanded Strike+1"],"picked":"SKIP","floor":19},{"not_picked":["Quick Slash","Backflip"],"picked":"Bane","floor":20},{"not_picked":["Footwork","Deflect"],"picked":"Bouncing Flask","floor":24},{"not_picked":["Heel Hook","Deflect"],"picked":"Blur+1","floor":29},{"not_picked":["Concentrate+1","Outmaneuver+1"],"picked":"Backstab+1","floor":31},{"not_picked":["After Image","Unload"],"picked":"Bullet Time+1","floor":33},{"not_picked":["Slice","Concentrate+1","Flying Knee"],"picked":"SKIP","floor":35},{"not_picked":["Deflect+1","Quick Slash+1"],"picked":"Deadly Poison+1","floor":38},{"not_picked":["Grand Finale","Riddle With Holes","Sucker Punch+1"],"picked":"SKIP","floor":40},{"not_picked":["Dagger Spray+1","Cloak And Dagger+1"],"picked":"PiercingWail+1","floor":45},{"not_picked":["Cloak And Dagger+1","Dagger Spray","Acrobatics+1"],"picked":"SKIP","floor":48}],"player_experience":498977,"relics_obtained":[{"floor":7.0,"key":"Toy Ornithopter"},{"floor":9.0,"key":"Mummified Hand"},{"floor":24,"key":"Gremlin Horn"},{"floor":24,"key":"Thread and Needle"},{"floor":26,"key":"Bronze Scales"},{"floor":29,"key":"Blood Vial"},{"floor":29,"key":"Art of War"},{"floor":30,"key":"Toxic Egg 2"},{"floor":40,"key":"Pear"},{"floor":40,"key":"Nunchaku"},{"floor":43,"key":"Lantern"},{"floor":47,"key":"Lizard Tail"}],"event_choices":[{"damage_healed":0.0,"max_hp_gain":0.0,"max_hp_loss":0.0,"gold_gain":0.0,"event_name":"Living Wall","player_choice":"Grow","floor":3.0,"gold_loss":0.0,"damage_taken":0.0,"cards_upgraded":["Deadly Poison"]},{"damage_healed":0.0,"max_hp_gain":0.0,"max_hp_loss":0.0,"gold_gain":1.0,"event_name":"betterThird:BetterScrap","player_choice":"Relic Relic ","floor":4.0,"gold_loss":0.0,"damage_taken":32.0,"cards_obtained":["Reckless Charge"]},{"damage_healed":0.0,"max_hp_gain":0.0,"max_hp_loss":0.0,"gold_gain":0.0,"event_name":"Big Fish","player_choice":"Box","floor":5.0,"gold_loss":0.0,"damage_taken":0.0,"relics_obtained":["Pen Nib"],"cards_obtained":["Regret"]},{"damage_healed":0.0,"max_hp_gain":0.0,"max_hp_loss":0.0,"gold_gain":0.0,"event_name":"Golden Idol","player_choice":"Take Wound","floor":12.0,"gold_loss":0.0,"damage_taken":0.0,"relics_obtained":["Golden Idol"],"cards_obtained":["Injury"]},{"damage_healed":0,"gold_gain":0,"player_choice":"Opened","damage_taken":0,"relics_obtained":["HornCleat"],"max_hp_gain":0,"max_hp_loss":0,"event_name":"The Mausoleum","floor":21,"gold_loss":0,"cards_obtained":["Writhe"]},{"damage_healed":0,"gold_gain":0,"player_choice":"Ignored","damage_taken":0,"max_hp_gain":0,"max_hp_loss":0,"event_name":"Ghosts","floor":22,"gold_loss":0},{"damage_healed":0,"gold_gain":333,"player_choice":"Gave Idol","damage_taken":0,"max_hp_gain":0,"max_hp_loss":0,"event_name":"The Moai Head","floor":37,"relics_lost":["Golden Idol"],"gold_loss":0},{"damage_healed":0,"gold_gain":0,"player_choice":"Paid","damage_taken":0,"relics_obtained":["Red Mask"],"max_hp_gain":0,"max_hp_loss":0,"event_name":"Tomb of Lord Red Mask","floor":41,"gold_loss":95},{"damage_healed":0,"gold_gain":0,"player_choice":"Fight","damage_taken":0,"max_hp_gain":0,"max_hp_loss":0,"event_name":"MindBloom","floor":47,"gold_loss":0}],"is_beta":false,"boss_relics":[{"not_picked":["Ectoplasm","Snecko Eye"],"picked":"Black Star"},{"not_picked":["Velvet Choker","Empty Cage"],"picked":"Sozu"}],"items_purged_floors":[13],"is_endless":false,"potions_floor_spawned":[1,7,14,19,24,35,45],"ascension_level":0}}