{"host":"dxldt284mdio0lzg","time":1612405323,"event":{"mods":["AchievementEnabler","BaseMod","Colored Map","Colored Powertips","DeckTracker","Minty Spire (QoL Compilation)","SuperFastMode"],"gold_per_floor":[17,17,17,81,96,96,134,152,152,168,181,181,214,214,214,334,334,355,65,88,2,2,2,45,69,69,92,17,35,66,91,91,219,219,235,79,98,111,111,111,111,134,134,134,148,148,148,148],"floor_reached":47,"language":"ENG","playtime":2250,"items_purged":[],"score":636,"play_id":"c76a5e05-539f-4d96-bcfb-0443d22ab00c","local_time":"20210204032203","is_ascension_mode":true,"campfire_choices":[{"data":"Catalyst","floor":6,"key":"SMITH"},{"floor":12,"key":"REST"},{"floor":15,"key":"REST"},{"data":"Adrenaline","floor":23,"key":"SMITH"},{"floor":32,"key":"REST"},{"data":"Catalyst","floor":40,"key":"SMITH"},{"data":"Crippling Poison","floor":44,"key":"SMITH"}],"circlet_count":0,"master_deck":["Strike_G","Strike_G","Strike_G","Strike_G","Defend_G","Defend_G","Defend_G","Defend_G","Defend_G","Survivor","Neutralize","Underhanded Strike+1","Catalyst+1","Noxious Fumes","Backflip","Bouncing Flask","Outmaneuver","Prepared","Adrenaline+1","Poisoned Stab","Backflip","Crippling Poison+1","Acrobatics","Catalyst+1","Deadly Poison","Noxious Fumes+1","Heel Hook","Corpse Explosion","Prepared+1","Bouncing Flask","Backstab","Blur+1","Tactician+1","Deflect+1","Tactician"],"relics":["Ring of the Serpent","Torii","Golden Idol","Paper Crane","Darkstone Periapt","White Beast Statue","Pantograph","Incense Burner","MutagenicStrength","Nunchaku","Kunai","Letter Opener","Sozu","Sundial"],"acts_visited":["Exordium","TheCity","TheBeyond"],"potions_floor_usage":[13,13,24,27,30,31,41],"damage_taken":[{"damage":0,"enemies":"Jaw Worm","floor":1,"turns":6},{"damage":1,"enemies":"Small Slimes","floor":5,"turns":4},{"damage":50,"enemies":"Gremlin Nob","floor":7,"turns":7},{"damage":1,"enemies":"2 Louse","floor":8,"turns":3},{"damage":1,"enemies":"2 Fungi Beasts","floor":10,"turns":4},{"damage":2,"enemies":"Large Slime","floor":11,"turns":7},{"damage":27,"enemies":"3 Sentries","floor":13,"turns":9},{"damage":26,"enemies":"Slime Boss","floor":16,"turns":8},{"damage":2,"enemies":"Spheric Guardian","floor":18,"turns":4},{"damage":0,"enemies":"Shell Parasite","floor":20,"turns":3},{"damage":29,"enemies":"Slavers","floor":24,"turns":5},{"damage":9,"enemies":"Shelled Parasite and Fungi","floor":25,"turns":4},{"damage":2,"enemies":"Centurion and Healer","floor":27,"turns":7},{"damage":1,"enemies":"Snecko","floor":29,"turns":4},{"damage":2,"enemies":"Gremlin Leader","floor":30,"turns":4},{"damage":9,"enemies":"3 Cultists","floor":31,"turns":5},{"damage":0,"enemies":"Champ","floor":33,"turns":5},{"damage":7,"enemies":"3 Shapes","floor":35,"turns":3},{"damage":0,"enemies":"Orb Walker","floor":37,"turns":3},{"damage":3,"enemies":"Maw","floor":38,"turns":5},{"damage":0,"enemies":"Nemesis","floor":41,"turns":1},{"damage":15,"enemies":"Jaw Worm Horde","floor":42,"turns":4},{"damage":22,"enemies":"Spire Growth","floor":45,"turns":4},{"damage":19,"enemies":"Reptomancer","floor":47,"turns":2}],"seed_played":"7126027336037190951","potions_obtained":[{"floor":10,"key":"Block Potion"},{"floor":11,"key":"Ancient Potion"},{"floor":16,"key":"Regen Potion"},{"floor":18,"key":"GamblersBrew"},{"floor":20,"key":"EssenceOfSteel"},{"floor":24,"key":"LiquidMemories"},{"floor":25,"key":"SmokeBomb"},{"floor":27,"key":"Swift Potion"},{"floor":29,"key":"Block Potion"},{"floor":30,"key":"Regen Potion"},{"floor":31,"key":"SpeedPotion"}],"is_trial":false,"path_per_floor":["M","?","?","?","M","R","E","M","T","M","M","R","E","T","R","B",null,"M","$","M","$","?","R","E","M","T","M","?","M","E","M","R","B",null,"M","$","M","M","?","R","E","M","T","R","M","?","E"],"character_chosen":"THE_SILENT","items_purchased":["Incense Burner","Crippling Poison","Bane","Bouncing Flask","Backstab"],"campfire_rested":3,"item_purchase_floors":[19,21,21,36,36],"current_hp_per_floor":[70,70,65,65,64,64,14,13,13,12,10,29,2,2,21,20,65,63,63,63,63,63,63,34,25,25,38,38,37,35,40,59,65,65,58,58,58,55,55,55,55,40,40,40,18,18,0,0],"gold":148,"neow_bonus":"ONE_RARE_RELIC","is_daily":false,"chose_seed":false,"campfire_upgraded":4,"win_rate":0.0,"timestamp":1612405323,"path_taken":["M","?","?","?","M","R","E","M","T","M","M","R","E","?","R","BOSS","M","$","M","$","?","R","E","M","T","M","?","M","E","M","R","BOSS","M","$","M","M","?","R","E","M","T","R","M","?","E"],"items_purchased_type":["Relic","Card","Card","Card","Card"],"build_version":"2020-12-22","purchased_purges":0,"victory":false,"max_hp_per_floor":[70,70,65,65,65,65,65,65,65,65,65,65,65,65,65,65,65,65,65,65,65,65,65,65,65,65,65,65,65,65,65,65,65,65,65,65,65,65,65,65,65,65,65,65,65,65,65,65],"card_choices":[{"not_picked":["Backflip","Sucker Punch"],"picked":"Underhanded Strike","floor":1},{"not_picked":["Predator","Bane"],"picked":"Catalyst","floor":5},{"not_picked":["Expertise","Finisher"],"picked":"Noxious Fumes","floor":7},{"not_picked":["Slice","Calculated Gamble"],"picked":"Backflip","floor":8},{"not_picked":["Outmaneuver","Well Laid Plans"],"picked":"Bouncing Flask","floor":10},{"not_picked":["Predator","Choke"],"picked":"Outmaneuver","floor":11},{"not_picked":["Slice","Cloak And Dagger"],"picked":"Prepared","floor":13},{"not_picked":["A Thousand Cuts","Storm of Steel"],"picked":"Adrenaline","floor":16},{"not_picked":["Choke","Dodge and Roll"],"picked":"Poisoned Stab","floor":18},{"not_picked":["Quick Slash","Masterful Stab"],"picked":"Backflip","floor":20},{"not_picked":["Bane","Underhanded Strike"],"picked":"Acrobatics","floor":24},{"not_picked":["Skewer","Acrobatics+1"],"picked":"Catalyst","floor":25},{"not_picked":["Noxious Fumes","Die Die Die"],"picked":"Deadly Poison","floor":27},{"not_picked":["Acrobatics","Sucker Punch"],"picked":"Noxious Fumes+1","floor":29},{"not_picked":["Blade Dance+1","Cloak And Dagger+1"],"picked":"Heel Hook","floor":30},{"not_picked":["Caltrops+1","Dodge and Roll","Blade Dance"],"picked":"SKIP","floor":31},{"not_picked":["Unload","Storm of Steel"],"picked":"Corpse Explosion","floor":33},{"not_picked":["Caltrops","Poisoned Stab"],"picked":"Prepared+1","floor":35},{"not_picked":["Acrobatics","Riddle With Holes+1"],"picked":"Blur+1","floor":37},{"not_picked":["Dagger Throw","Infinite Blades+1"],"picked":"Tactician+1","floor":38},{"not_picked":["Acrobatics","Blade Dance+1"],"picked":"Deflect+1","floor":42},{"not_picked":["Leg Sweep+1","Dodge and Roll"],"picked":"Tactician","floor":45}],"player_experience":84374,"relics_obtained":[{"floor":7,"key":"Paper Crane"},{"floor":9,"key":"Darkstone Periapt"},{"floor":13,"key":"White Beast Statue"},{"floor":14,"key":"Pantograph"},{"floor":24,"key":"Nunchaku"},{"floor":26,"key":"Kunai"},{"floor":30,"key":"Letter Opener"},{"floor":43,"key":"Sundial"}],"event_choices":[{"damage_healed":0,"gold_gain":0,"player_choice":"Grow","damage_taken":0,"max_hp_gain":0,"max_hp_loss":0,"event_name":"Living Wall","floor":2,"gold_loss":0,"cards_upgraded":["Underhanded Strike"]},{"damage_healed":0,"gold_gain":0,"player_choice":"Lose Max HP","damage_taken":0,"relics_obtained":["Golden Idol"],"max_hp_gain":0,"max_hp_loss":5,"event_name":"Golden Idol","floor":3,"gold_loss":0},{"damage_healed":0,"gold_gain":64,"player_choice":"Gained Gold","damage_taken":0,"max_hp_gain":0,"max_hp_loss":0,"event_name":"Golden Wing","floor":4,"gold_loss":0},{"damage_healed":0,"gold_gain":0,"player_choice":"Inject Mutagens","damage_taken":0,"relics_obtained":["MutagenicStrength"],"max_hp_gain":0,"max_hp_loss":0,"event_name":"Drug Dealer","floor":22,"gold_loss":0},{"cards_removed":["Bane"],"damage_healed":0,"gold_gain":0,"player_choice":"Gave Gold","damage_taken":0,"max_hp_gain":0,"max_hp_loss":0,"event_name":"Beggar","floor":28,"gold_loss":75},{"cards_removed":["Strike_G"],"damage_healed":0,"gold_gain":0,"player_choice":"Removed Attack","damage_taken":0,"max_hp_gain":0,"max_hp_loss":0,"event_name":"Falling","floor":39,"gold_loss":0},{"damage_healed":0,"gold_gain":0,"player_choice":"Ignored","damage_taken":0,"max_hp_gain":0,"max_hp_loss":0,"event_name":"SecretPortal","floor":46,"gold_loss":0}],"is_beta":false,"boss_relics":[{"not_picked":["SacredBark","Coffee Dripper"],"picked":"Ring of the Serpent"},{"not_picked":["Velvet Choker","Runic Dome"],"picked":"Sozu"}],"items_purged_floors":[],"is_endless":false,"potions_floor_spawned":[10,11,16,18,20,24,25,27,29,30,31,33,35,37,38,41,42,45],"killed_by":"Reptomancer","ascension_level":1}}