{"host":"qmnyg5dk1o6rw6mz","time":1612457004,"event":{"mods":["2.2 Compatiblity","AchievementEnabler","Act Like it!","Aspiration","Astrologer","BaseMod","Beaked The Cultist","Better Altar","Better Match","Better Note","Better Sensory Stone","Better Skull","Better Third Choice","Better Vampires","Block Reminder","CapriCore","Challenge The Spire","ChefMod","Colored Map","Colored Powertips","Conspire","Defuse TimeMaze Blight","Disable Question Mark Monsters","Displayed Cursed Tome","Downfall","Energized Spire","Gensokyo","GifTheSpireLib","Hermit","Highlight Path","Hubris","Infinite Spire","Jedi Mod","Marisa¡]Ãú«B¡@Å]²z¨F¡^","Minty Spire (QoL Compilation)","Monster B Gone","Pale of the Ancients","Permanent Neow","Quick Restart","Reimu¡]³Õ???¡^","Relic Filter","Relic Sorter","Reliquary","Replay The Spire","Shop Mod","Spicy Shops","StSLib","Stuff the Spire","Synergy Search","The Blue Laboratory","The Construct","The Cursed","The Disciple","The Dragon Tamer","The Gatherer","The Poker Player","The Runesmith","The Sage","The Showman","Unceasing Turn Reminder","Wide Potions","thorton"],"gold_per_floor":[117,117,127,139,139,139,63,97,124,124,124,153,166,184,184,289,289,299,299,259,279,337,362,362,362,362,373,373,406,416,435,435,534,534,547,547,547,547,547],"floor_reached":38,"language":"ENG","playtime":3142,"items_purged":[],"score":497,"play_id":"217f5e33-3745-4601-8189-79c52d315231","local_time":"20210205004324","is_ascension_mode":false,"campfire_choices":[{"data":"StuffTheSpire:Innocence","floor":6.0,"key":"SMITH"},{"data":"theShowman:CardPickup52","floor":11.0,"key":"SMITH"},{"data":"theShowman:VanishingDefend","floor":15.0,"key":"PURGE"},{"data":"ZunPunch:ReiMu","floor":24.0,"key":"SMITH"}],"circlet_count":0,"master_deck":["theShowman:VanishingStrike","theShowman:VanishingStrike","theShowman:VanishingDefend","theShowman:CardPickup52+1","theShowman:StageHook","theShowman:GotYourNose","StuffTheSpire:Innocence+1","theShowman:RazzleDazzle+1","theShowman:WildFlourish","theShowman:BafflingShuffle","theShowman:SleightedFlourish","theShowman:ThrowingCards","theShowman:ObjectPermanence","theShowman:WildFlourish","theShowman:CrashingLights","theShowman:StartlingShowmanship+1","theShowman:StackTheDeck","theShowman:DivertingDisplay","ZunPunch:ReiMu+1","theShowman:KnockThePile+1","ReplayTheSpireMod:Splinters","theShowman:BlackJack+1","theShowman:PerfectedPerformance","Insight","theShowman:DapperFlourish","theShowman:VanDeGraaffsRevenge","Madness","Madness"],"relics":["theShowman:ThirdTimeCharm","Frozen Eye","sagemod:Blowpipe","reliquary:Knoch","jedi:kaleidoscope","Pandora\u0027s Box","Lantern","Bird Faced Urn","hubris:ToyBattleship","hubris:CrystalStatue","StuffTheSpire:EmeraldSignet","energizedSpire:RedRose"],"acts_visited":["Exordium","TheCity","TheBeyond"],"potions_floor_usage":[38,38,38],"damage_taken":[{"damage":0.0,"enemies":"Jaw Worm","floor":1.0,"turns":3.0},{"damage":0.0,"enemies":"conspire:RoseBush","floor":3.0,"turns":4.0},{"damage":2.0,"enemies":"2 Louse","floor":4.0,"turns":2.0},{"damage":20.0,"enemies":"Replay:BlueRogue","floor":8.0,"turns":7.0},{"damage":0.0,"enemies":"Gremlin Nob","floor":12.0,"turns":4.0},{"damage":12.0,"enemies":"conspire:2 RoseBushes","floor":13.0,"turns":2.0},{"damage":0.0,"enemies":"Large Slime","floor":14.0,"turns":5.0},{"damage":0.0,"enemies":"Slime Boss","floor":16.0,"turns":4.0},{"damage":10.0,"enemies":"3 Byrds","floor":18.0,"turns":4.0},{"damage":10.0,"enemies":"Spheric Guardian","floor":21.0,"turns":3.0},{"damage":13.0,"enemies":"conspire:SneckoGhost","floor":23.0,"turns":4.0},{"damage":21.0,"enemies":"Snake Plant","floor":27.0,"turns":3.0},{"damage":1.0,"enemies":"conspire:Head Lice","floor":29.0,"turns":3.0},{"damage":2.0,"enemies":"Sentry and Sphere","floor":30.0,"turns":3.0},{"damage":14.0,"enemies":"Chosen and Byrds","floor":31.0,"turns":3.0},{"damage":19.0,"enemies":"conspire:MysteriousRune","floor":33.0,"turns":4.0},{"damage":46,"enemies":"3 Darklings","floor":35,"turns":3},{"damage":27,"enemies":"3 Shapes","floor":38,"turns":1}],"seed_played":"-4485031332372818765","potions_obtained":[{"floor":8.0,"key":"PowerPotion"},{"floor":14.0,"key":"blueLaboratory:BottleOfVodka"},{"floor":16.0,"key":"PowerPotion"},{"floor":29.0,"key":"Dexterity Potion"},{"floor":30.0,"key":"blueLaboratory:HorrorPotion"},{"floor":33.0,"key":"Elixir"},{"floor":35,"key":"Death Potion"}],"is_trial":false,"path_per_floor":["M","?","M","M","?","R","$","E","T","?","R","E","M","M","R_BF","B",null,"M","?","?","M","?","E","R","?","T","M","T","E","M","M","R_BF","B",null,"M","?","?","M"],"character_chosen":"THE_SHOWMAN","items_purchased":["Frozen Eye"],"campfire_rested":0,"item_purchase_floors":[7],"current_hp_per_floor":[80,73,73,71,71,71,71,51,51,51,51,51,39,39,39,39,80,70,70,70,60,60,47,47,47,47,32,32,41,47,39,63,54,80,36,26,18,0,0],"gold":547,"neow_bonus":"RANDOM_EVENT","is_daily":false,"chose_seed":false,"campfire_upgraded":3,"win_rate":0.0,"timestamp":1612457004,"path_taken":["M","?","M","M","?","R","$","E","T","?","R","E","?","M","R_BF","BOSS","M","?","?","?","?","E","R","?","T","M","?","E","M","M","R_BF","BOSS","M","?","?","?"],"items_purchased_type":["Relic"],"build_version":"2020-12-22","purchased_purges":0,"victory":false,"max_hp_per_floor":[80,80,80,80,80,80,80,80,80,80,80,80,80,80,80,80,80,80,80,80,80,80,80,80,80,80,80,80,80,80,80,80,80,80,80,80,80,80,80],"card_choices":[{"not_picked":["theShowman:NowYouDont","theShowman:MischiefManaged"],"picked":"theShowman:GotYourNose","floor":1.0},{"not_picked":["theShowman:CrashingLights","theShowman:GotYourNose"],"picked":"theShowman:RazzleDazzle","floor":3.0},{"not_picked":["theShowman:PocketSand","theShowman:SybilFlourish"],"picked":"theShowman:WildFlourish","floor":4.0},{"not_picked":["theShowman:ShowOfStrength","theShowman:BlackJack"],"picked":"theShowman:BafflingShuffle","floor":8.0},{"not_picked":["theShowman:NowYouDont","theShowman:RaptMisdirection"],"picked":"theShowman:SleightedFlourish","floor":12.0},{"not_picked":["theShowman:OneUp","theShowman:MaximumDistraction","theShowman:NowYouDont"],"picked":"SKIP","floor":13.0},{"not_picked":["theShowman:PocketSand","theShowman:MirrorMirror"],"picked":"theShowman:ThrowingCards","floor":14.0},{"not_picked":["theShowman:Columbify","theShowman:VanDeGraaffsRevenge"],"picked":"theShowman:ObjectPermanence","floor":16.0},{"not_picked":["theShowman:Prestidigitation","theShowman:ForMyNextTrick"],"picked":"theShowman:DivertingDisplay","floor":18.0},{"not_picked":["theShowman:PropManacles+1","theShowman:SybilFlourish"],"picked":"theShowman:KnockThePile+1","floor":21.0},{"not_picked":["theShowman:FlashyFlourish","theShowman:PocketSand"],"picked":"theShowman:BlackJack+1","floor":22.0},{"not_picked":["theShowman:ThreeCardMonty","theShowman:SleeveAces"],"picked":"theShowman:PerfectedPerformance","floor":23.0},{"not_picked":["theShowman:FullHouse","theShowman:SleightedFlourish+1","theShowman:WildFlourish"],"picked":"SKIP","floor":27.0},{"not_picked":["theShowman:OpenTheCurtain","theShowman:Toro"],"picked":"theShowman:DapperFlourish","floor":29.0},{"not_picked":["theShowman:FullHouse","theShowman:MirrorMirror","theShowman:RazzleDazzle"],"picked":"SKIP","floor":30.0},{"not_picked":["theShowman:GotYourNose","theShowman:CrashingLights","theShowman:FullHouse"],"picked":"SKIP","floor":31.0},{"not_picked":["theShowman:SetTheStage","theShowman:Columbify"],"picked":"theShowman:VanDeGraaffsRevenge","floor":33.0},{"not_picked":["theShowman:MaximumDistraction+1","theShowman:Toro+1","theShowman:DapperFlourish+1"],"picked":"SKIP","floor":35}],"player_experience":234433,"relics_obtained":[{"floor":8.0,"key":"sagemod:Blowpipe"},{"floor":9.0,"key":"reliquary:Knoch"},{"floor":12.0,"key":"jedi:kaleidoscope"},{"floor":22.0,"key":"Lantern"},{"floor":23.0,"key":"Bird Faced Urn"},{"floor":26.0,"key":"hubris:ToyBattleship"},{"floor":28.0,"key":"hubris:CrystalStatue"},{"floor":29.0,"key":"StuffTheSpire:EmeraldSignet"}],"event_choices":[{"damage_healed":0.0,"max_hp_gain":5.0,"max_hp_loss":0.0,"gold_gain":0.0,"event_name":"Big Fish","player_choice":"Donut","floor":0.0,"gold_loss":0.0,"damage_taken":0.0},{"cards_removed":["StuffTheSpire:Innocence"],"damage_healed":0.0,"max_hp_gain":0.0,"max_hp_loss":0.0,"gold_gain":0.0,"event_name":"betterNote:BetterNote","player_choice":"Give","floor":19.0,"gold_loss":0.0,"damage_taken":0.0,"cards_obtained":["None"]},{"damage_healed":0.0,"max_hp_gain":0.0,"max_hp_loss":0.0,"gold_gain":0.0,"event_name":"ZunEvent","player_choice":"Hand rover O-miki","floor":20.0,"relics_lost":["ZunR:ReiMu"],"gold_loss":0.0,"damage_taken":0.0,"cards_obtained":["ZunPunch:ReiMu"]},{"damage_healed":0.0,"max_hp_gain":0.0,"max_hp_loss":0.0,"gold_gain":0.0,"event_name":"betterThird:BetterWriting","player_choice":"Insight","floor":25.0,"gold_loss":0.0,"damage_taken":0.0,"cards_obtained":["Insight"]},{"damage_healed":0,"gold_gain":0,"player_choice":"Embrace Madness","damage_taken":10,"max_hp_gain":0,"max_hp_loss":0,"event_name":"Winding Halls","floor":36,"gold_loss":0,"cards_obtained":["Madness","Madness"]},{"damage_healed":0,"gold_gain":0,"player_choice":"Damaged","damage_taken":8,"max_hp_gain":0,"max_hp_loss":0,"event_name":"Wheel of Change","floor":37,"gold_loss":0}],"is_beta":false,"boss_relics":[{"not_picked":["Abe\u0027s Treasure","Philosopher\u0027s Stone"],"picked":"Pandora\u0027s Box"},{"not_picked":["RedLine:ReiMu","Calling Bell"],"picked":"energizedSpire:RedRose"}],"items_purged_floors":[],"is_endless":false,"potions_floor_spawned":[8,14,16,29,30,31,33,35],"killed_by":"3 Shapes","ascension_level":0}}