{"host":"ox77rn1xcurm2t5a","time":1612454455,"event":{"mods":["2.2 Compatiblity","AchievementEnabler","Act Like it!","Aspiration","BaseMod","Best Route Mod","Better Match","Better Note","Better Sensory Stone","Block Reminder","Colored Map","Colored Powertips","Conjunction","Conspire","Custom Start","Energized Spire","GifTheSpireLib","Gold Saver","Gremlin Skip","Halation","Highlight Path","Hubris","Infinite Spire","Minty Spire (QoL Compilation)","Pale of the Ancients","Quick Restart","Replay The Spire","Reworked Bosses","ShortenTheSpire","Spire Exporter","StSLib","Stuff the Spire","Wandering Minibosses"],"gold_per_floor":[118,118,118,43,63,91,118,50,76,76,76,76],"floor_reached":11,"language":"ENG","playtime":147,"items_purged":["Strike_B"],"score":160,"play_id":"ec0eecff-2eef-4863-a414-fe41e26b9646","local_time":"20210204180055","is_ascension_mode":true,"campfire_choices":[{"floor":10,"key":"RECALL"}],"circlet_count":0,"master_deck":["AscendersBane","Strike_B","Strike_B","Strike_B","Defend_B","Defend_B","Defend_B","Defend_B","Zap","Dualcast","Gash","Glacier","Coolheaded","StuffTheSpire:Synthwave"],"relics":["Cracked Core","NeowsBlessing","hubris:OldNail","Odd Mushroom","PreservedInsect"],"acts_visited":["Exordium"],"potions_floor_usage":[7],"damage_taken":[{"damage":0,"enemies":"Small Slimes","floor":1,"turns":1},{"damage":0,"enemies":"Jaw Worm","floor":5,"turns":1},{"damage":0,"enemies":"Gremlin Nob","floor":6,"turns":1},{"damage":10,"enemies":"The Mushroom Lair","floor":7,"turns":8},{"damage":5,"enemies":"3 Sentries","floor":11,"turns":2}],"seed_played":"-7064144875826972986","potions_obtained":[{"floor":1,"key":"Ancient Potion"},{"floor":7,"key":"Weak Potion"}],"is_trial":false,"path_per_floor":["M","?","?","$","M","E","?","$","T","R","E"],"character_chosen":"DEFECT","items_purchased":["StuffTheSpire:Synthwave"],"campfire_rested":0,"item_purchase_floors":[8],"current_hp_per_floor":[64,64,64,64,64,64,54,54,54,54,49,49],"gold":76,"neow_bonus":"THREE_ENEMY_KILL","is_daily":false,"chose_seed":false,"campfire_upgraded":0,"win_rate":0.0,"timestamp":1612454455,"path_taken":["M","?","?","$","M","E","?","$","T","R","E"],"items_purchased_type":["Card"],"build_version":"2020-12-22","purchased_purges":1,"victory":false,"max_hp_per_floor":[71,71,71,71,71,71,71,71,71,71,71,71],"card_choices":[{"not_picked":["Leap","Sweeping Beam"],"picked":"Gash","floor":1},{"not_picked":["Leap","Sweeping Beam"],"picked":"Glacier","floor":5},{"not_picked":["StuffTheSpire:SnapShoot","ReplaySolidLightProjector"],"picked":"Coolheaded","floor":6}],"player_experience":3002259,"relics_obtained":[{"floor":6,"key":"hubris:OldNail"},{"floor":7,"key":"Odd Mushroom"},{"floor":9,"key":"PreservedInsect"}],"event_choices":[{"damage_healed":0,"gold_gain":0,"player_choice":"Fought Mushrooms","damage_taken":0,"max_hp_gain":0,"max_hp_loss":0,"event_name":"Mushrooms","floor":7,"gold_loss":0}],"is_beta":false,"boss_relics":[],"items_purged_floors":[4],"is_endless":false,"potions_floor_spawned":[1,7],"killed_by":"3 Sentries","ascension_level":14}}