{"host":"jwbw4f4imxd0v0b0","time":1612402035,"event":{"mods":["BaseMod","Colored Map","Highlight Path","Minty Spire (QoL Compilation)","Relic Stats","StSLib"],"gold_per_floor":[115,190,340,24,24,24,58,58,111,130,130,19,53,70,70,70,70],"floor_reached":16,"language":"ENG","playtime":306,"items_purged":["Doubt"],"score":212,"play_id":"fd73a0fb-d2d2-4ecd-be52-8b323eba66cd","local_time":"20210203192715","is_ascension_mode":true,"campfire_choices":[{"data":"Apotheosis","floor":6,"key":"SMITH"},{"data":"Defragment","floor":15,"key":"SMITH"}],"circlet_count":0,"master_deck":["AscendersBane","Strike_B","Strike_B","Strike_B","Defend_B","Defend_B","Defend_B","Defend_B","Zap+1","Dualcast","White Noise","Apotheosis+1","Undo+1","Go for the Eyes","Defragment+1","Compile Driver","Redo","Conserve Battery","Barrage"],"relics":["Cracked Core","NeowsBlessing","Eternal Feather","Pen Nib","Kunai"],"acts_visited":["Exordium"],"potions_floor_usage":[],"damage_taken":[{"damage":0,"enemies":"Small Slimes","floor":1,"turns":1},{"damage":2,"enemies":"3 Sentries","floor":7,"turns":2},{"damage":0,"enemies":"2 Louse","floor":10,"turns":1},{"damage":35,"enemies":"Gremlin Nob","floor":13,"turns":4},{"damage":12,"enemies":"Jaw Worm","floor":14,"turns":2},{"damage":28,"enemies":"The Guardian","floor":16,"turns":2}],"seed_played":"-4848589775180153783","potions_obtained":[{"floor":7,"key":"FairyPotion"}],"is_trial":false,"path_per_floor":["M","?","?","$","?","R","E","?","T","M","?","$","E","M","R","B"],"character_chosen":"DEFECT","items_purchased":["Apotheosis","Undo","Compile Driver","Redo"],"campfire_rested":0,"item_purchase_floors":[4,4,12,12],"current_hp_per_floor":[64,53,53,53,58,58,56,56,56,56,33,33,22,10,19,0,0],"gold":70,"neow_bonus":"THREE_ENEMY_KILL","is_daily":false,"chose_seed":false,"campfire_upgraded":2,"win_rate":0.0,"timestamp":1612402035,"path_taken":["M","?","?","$","?","R","E","?","T","M","?","?","E","?","R","BOSS"],"items_purchased_type":["Card","Card","Card","Card"],"build_version":"2020-12-22","purchased_purges":1,"victory":false,"max_hp_per_floor":[71,71,71,71,76,76,76,76,76,76,76,76,76,76,76,76,76],"relic_stats":{"counters":[6,12],"Eternal Feather":9,"Pen Nib":[1],"Kunai":[0],"obtain_stats":[{"NeowsBlessing":0,"Eternal Feather":7,"Pen Nib":9,"Kunai":13,"Cracked Core":0},{"NeowsBlessing":0,"Eternal Feather":2,"Pen Nib":2,"Kunai":4,"Cracked Core":0},{"NeowsBlessing":0,"Eternal Feather":3,"Pen Nib":3,"Kunai":8,"Cracked Core":0}]},"card_choices":[{"not_picked":["Sweeping Beam","Conserve Battery"],"picked":"White Noise","floor":1},{"not_picked":["Rip and Tear","Redo"],"picked":"Go for the Eyes","floor":7},{"not_picked":["Turbo","Rip and Tear","Go for the Eyes"],"picked":"SKIP","floor":10},{"not_picked":["Blizzard","Streamline"],"picked":"Conserve Battery","floor":13},{"not_picked":["Rebound","Sweeping Beam"],"picked":"Barrage","floor":14}],"player_experience":1198507,"relics_obtained":[{"floor":7,"key":"Eternal Feather"},{"floor":9,"key":"Pen Nib"},{"floor":13,"key":"Kunai"}],"event_choices":[{"damage_healed":0,"gold_gain":75,"player_choice":"Gather Gold","damage_taken":11,"max_hp_gain":0,"max_hp_loss":0,"event_name":"World of Goop","floor":2,"gold_loss":0},{"damage_healed":0,"gold_gain":150,"player_choice":"AGREE","damage_taken":0,"max_hp_gain":0,"max_hp_loss":0,"event_name":"Liars Game","floor":3,"gold_loss":0,"cards_obtained":["Doubt"]},{"damage_healed":0,"gold_gain":0,"player_choice":"Donut","damage_taken":0,"max_hp_gain":5,"max_hp_loss":0,"event_name":"Big Fish","floor":5,"gold_loss":0},{"damage_healed":0,"gold_gain":0,"cards_transformed":["Strike_B"],"player_choice":"Change","damage_taken":0,"max_hp_gain":0,"max_hp_loss":0,"event_name":"Living Wall","floor":8,"gold_loss":0,"cards_obtained":["Defragment"]},{"damage_healed":0,"gold_gain":0,"player_choice":"Entered Light","damage_taken":23,"max_hp_gain":0,"max_hp_loss":0,"event_name":"Shining Light","floor":11,"gold_loss":0,"cards_upgraded":["Undo","Zap"]}],"is_beta":false,"boss_relics":[],"items_purged_floors":[4],"is_endless":false,"potions_floor_spawned":[7],"killed_by":"The Guardian","ascension_level":20}}