{"host":"6qo42zgaknezulyg","time":1612441368,"event":{"mods":["2.2 Compatiblity","BaseMod","Faster Ascension Climbing","Keyboard Shortcuts","Minty Spire (QoL Compilation)","Permanent Neow","Quick Restart","StSLib","SuperFastMode","The Bug Knight"],"gold_per_floor":[114,125,141,101,115,115,115,40,67,86,106,133,133,151,151,151,151],"floor_reached":16,"language":"ENG","playtime":805,"items_purged":["HollowMod:NailStrikeStart"],"score":208,"play_id":"f2c8925b-1419-4d32-8b2e-c26b41a3d8f1","local_time":"20210204212248","is_ascension_mode":true,"campfire_choices":[{"data":"HollowMod:SlysStrikes","floor":6.0,"key":"SMITH"},{"floor":13,"key":"REST"},{"data":"HollowMod:FallenFury","floor":15,"key":"SMITH"}],"circlet_count":0,"master_deck":["AscendersBane","HollowMod:NailStrikeStart","HollowMod:NailStrikeStart","HollowMod:NailStrikeStart","HollowMod:QuickDashStart","HollowMod:QuickDashStart","HollowMod:QuickDashStart","HollowMod:QuickDashStart","HollowMod:FocusHealStart","HollowMod:PogoStrike","HollowMod:SlysStrikes+1","HollowMod:FallenFury+1","HollowMod:HeavyBlow","HollowMod:MantisMark","HollowMod:LifebloodCore"],"relics":["HollowMod:VesselMask","Lantern","Potion Belt"],"acts_visited":["Exordium"],"potions_floor_usage":[12,16,16],"damage_taken":[{"damage":1.0,"enemies":"Cultist","floor":1.0,"turns":3.0},{"damage":9.0,"enemies":"2 Louse","floor":2.0,"turns":3.0},{"damage":5.0,"enemies":"Small Slimes","floor":3.0,"turns":4.0},{"damage":16.0,"enemies":"3 Louse","floor":5.0,"turns":6.0},{"damage":28.0,"enemies":"Exordium Thugs","floor":10.0,"turns":5.0},{"damage":11.0,"enemies":"Large Slime","floor":11.0,"turns":6.0},{"damage":17,"enemies":"Lagavulin","floor":12,"turns":6},{"damage":4,"enemies":"Looter","floor":14,"turns":3},{"damage":33,"enemies":"Slime Boss","floor":16,"turns":8}],"seed_played":"-8204470740220860552","potions_obtained":[{"floor":1.0,"key":"SpeedPotion"},{"floor":2.0,"key":"Energy Potion"},{"floor":4.0,"key":"Regen Potion"},{"floor":10.0,"key":"BlessingOfTheForge"},{"floor":12,"key":"SkillPotion"}],"is_trial":false,"path_per_floor":["M","M","M","?","M","R","$","$","T","M","M","E","R","M","R","B"],"character_chosen":"THE_BUGKNIGHT","items_purchased":[],"campfire_rested":1,"item_purchase_floors":[],"current_hp_per_floor":[55,46,41,41,40,40,40,40,40,22,21,10,32,28,28,1,1],"gold":151,"neow_bonus":"THREE_RARE_CARDS","is_daily":false,"chose_seed":false,"campfire_upgraded":2,"win_rate":0.0,"timestamp":1612441368,"path_taken":["M","M","?","?","M","R","?","$","T","M","?","E","R","M","R","BOSS"],"items_purchased_type":[],"build_version":"2020-12-22","purchased_purges":1,"victory":false,"max_hp_per_floor":[75,75,75,75,75,75,75,75,75,75,75,75,75,75,75,75,75],"card_choices":[{"not_picked":["HollowMod:SoulMaster","HollowMod:theNailsmith"],"picked":"HollowMod:SlysStrikes","floor":0.0},{"not_picked":["HollowMod:SoulStrike","HollowMod:SiblingsSouls"],"picked":"HollowMod:FallenFury","floor":1.0},{"not_picked":["HollowMod:SharpenedShadows","HollowMod:ShadowDash"],"picked":"HollowMod:HeavyBlow","floor":2.0},{"not_picked":["HollowMod:AbyssShriek","HollowMod:HeavyBlow"],"picked":"HollowMod:MantisMark","floor":3.0},{"not_picked":["HollowMod:DashSlash","HollowMod:SoulShaman","HollowMod:HowlingWraiths"],"picked":"SKIP","floor":5.0},{"not_picked":["HollowMod:NewGlowingWomb","HollowMod:ShadowDash","HollowMod:VengefulVoid"],"picked":"SKIP","floor":10.0},{"not_picked":["HollowMod:DesolateDive","HollowMod:CoiledNail","HollowMod:NewGlowingWomb"],"picked":"SKIP","floor":11.0},{"not_picked":["HollowMod:NewLittleFool","HollowMod:MawleksShell"],"picked":"HollowMod:LifebloodCore","floor":12},{"not_picked":["HollowMod:SharpenedNail","HollowMod:NewGlowingWomb","HollowMod:RecoilStrike"],"picked":"SKIP","floor":14}],"player_experience":733411,"relics_obtained":[{"floor":9.0,"key":"Lantern"},{"floor":12,"key":"Potion Belt"}],"event_choices":[{"damage_healed":0.0,"max_hp_gain":0.0,"max_hp_loss":0.0,"gold_gain":0.0,"event_name":"The Woman in Blue","player_choice":"Bought 3 Potions","floor":4.0,"gold_loss":0.0,"damage_taken":0.0}],"is_beta":false,"boss_relics":[],"items_purged_floors":[8],"is_endless":false,"potions_floor_spawned":[1,2,10,12],"killed_by":"Slime Boss","ascension_level":20}}