{"host":"l2dnabsh5e0fsksb","time":1612442199,"event":{"mods":["2.2 Compatiblity","BaseMod","Downfall","Minty Spire (QoL Compilation)","Quick Restart","StSLib"],"gold_per_floor":[99,74,74,74,74,74,74,107,107,136,67,87,87,97,114,191,191,91,106,206,225,325,325,325,339,339,353,338,238,271,271,288,367,367,367,386,314,314,59,76,76,158,198,110,152,164,201,229,258,270,282,294,294,294],"floor_reached":52,"language":"ENG","playtime":2338,"items_purged":[],"score":1387,"play_id":"22159c32-f99b-4ac4-af98-b8ade0791539","local_time":"20210204230639","is_ascension_mode":true,"campfire_choices":[{"floor":1.0,"key":"RECALL"},{"floor":13.0,"key":"REST"},{"data":"bronze:InfiniteBeams","floor":18.0,"key":"SMITH"},{"data":"1","floor":29.0,"key":"LIFT"},{"data":"2","floor":35.0,"key":"LIFT"},{"data":"3","floor":44,"key":"LIFT"},{"data":"bronze:Optimize","floor":46,"key":"SMITH"}],"circlet_count":0,"master_deck":["AscendersBane","bronze:Strike+1","bronze:Strike+1","bronze:Strike+1","bronze:Defend+1","bronze:Defend+1","bronze:Defend+1","bronze:Replicate+1","bronze:Iterate","bronze:WhirlingStrike+1","bronze:Flail","bronze:InfiniteBeams+1","bronze:Replicate","bronze:ForceShield+1","bronze:BitShift+1","bronze:Frontload+1","bronze:Constructor+1","bronze:Invalidate+1","bronze:DelayedGuard+1","bronze:ForceShield+1","bronze:Format+1","bronze:Iterate","bronze:Optimize+1","bronze:Branch","bronze:Invalidate+1","bronze:Repair+1","bronze:FineTuning+1","bronze:WhirlingStrike","bronze:Philosophize+1","bronze:ForceShield+1","bronze:BronzeArmor+1","bronze:ItsAFeature","bronze:Boost+1","bronze:Constructor+1","bronze:Terminator+1","bronze:FineTuning+1","bronze:Fortify","bronze:Iterate+1","bronze:Constructor+1"],"relics":["bronze:PlatinumCore","downfall:HeartsMalice","downfall:ShatteredFragment","Toxic Egg 2","Lantern","WingedGreaves","downfall:HeartBlessingRed","MutagenicStrength","Thread and Needle","Mercury Hourglass","Girya","downfall:HeartBlessingGreen","Gremlin Horn","Runic Pyramid","hexamod:BolsterEngine","Lee\u0027s Waffle","Matryoshka","Blue Candle","Shuriken","MawBank","Du-Vu Doll","downfall:HeartBlessingBlue","Whetstone","Turnip"],"acts_visited":["Exordium","TheCity","TheBeyond","TheEnding"],"potions_floor_usage":[50],"damage_taken":[{"damage":0.0,"enemies":"downfall:FleeingMerchant","floor":2.0,"turns":1.0},{"damage":0.0,"enemies":"Cultist","floor":4.0,"turns":1.0},{"damage":0.0,"enemies":"Jaw Worm","floor":5.0,"turns":1.0},{"damage":25.0,"enemies":"Lagavulin","floor":8.0,"turns":6.0},{"damage":15.0,"enemies":"3 Sentries","floor":10.0,"turns":3.0},{"damage":0.0,"enemies":"downfall:FleeingMerchant","floor":11.0,"turns":4.0},{"damage":0.0,"enemies":"Small Slimes","floor":12.0,"turns":3.0},{"damage":14.0,"enemies":"3 Louse","floor":14.0,"turns":2.0},{"damage":0.0,"enemies":"Blue Slaver","floor":15.0,"turns":3.0},{"damage":26.0,"enemies":"SI_SHIV_ARCHETYPE","floor":16.0,"turns":15.0},{"damage":5.0,"enemies":"Shell Parasite","floor":19.0,"turns":4.0},{"damage":16.0,"enemies":"downfall:Augmenter","floor":20.0,"turns":5.0},{"damage":0.0,"enemies":"Centurion and Healer","floor":21.0,"turns":4.0},{"damage":38.0,"enemies":"DF_ARCHETYPE_STREAMLINE","floor":22.0,"turns":8.0},{"damage":0.0,"enemies":"Snake Plant","floor":25.0,"turns":3.0},{"damage":0.0,"enemies":"Sentry and Sphere","floor":27.0,"turns":4.0},{"damage":0.0,"enemies":"downfall:FleeingMerchant","floor":28.0,"turns":4.0},{"damage":9.0,"enemies":"Book of Stabbing","floor":30.0,"turns":3.0},{"damage":0.0,"enemies":"Shelled Parasite and Fungi","floor":32.0,"turns":2.0},{"damage":47.0,"enemies":"IC_MUSHROOM_ARCHETYPE","floor":33.0,"turns":5.0},{"damage":4.0,"enemies":"3 Shapes","floor":36.0,"turns":4.0},{"damage":0,"enemies":"downfall:FleeingMerchant","floor":37,"turns":3},{"damage":0,"enemies":"3 Darklings","floor":40,"turns":1},{"damage":0,"enemies":"Giant Head","floor":43,"turns":6},{"damage":7,"enemies":"Nemesis","floor":45,"turns":6},{"damage":0,"enemies":"Reptomancer","floor":47,"turns":2},{"damage":0,"enemies":"Jaw Worm Horde","floor":48,"turns":1},{"damage":0,"enemies":"Writhing Mass","floor":49,"turns":5},{"damage":21,"enemies":"DF_ARCHETYPE_ORBS","floor":50,"turns":5},{"damage":87,"enemies":"downfall:CharBossMerchant","floor":52,"turns":8}],"seed_played":"1866004338676048867","potions_obtained":[{"floor":8.0,"key":"EntropicBrew"},{"floor":12.0,"key":"Regen Potion"},{"floor":16.0,"key":"SkillPotion"},{"floor":22.0,"key":"bronze:BurnAndBuffPotion"},{"floor":38,"key":"Slimebound:ThreeZeroPotion"}],"is_trial":false,"path_per_floor":["R","$","?","M","M","?","T","E","?","E","$","M","R","M","M","B",null,"R","M","?","M","?","?","T","M","?","M","$","R","E","?","M","B",null,"R","M","?","?","$","M","T","T","E","R","E","R","E","M","M","B",null,"E"],"character_chosen":"THE_AUTOMATON","items_purchased":["bronze:WhirlingStrike","bronze:Constructor+1","hexamod:BolsterEngine","Lee\u0027s Waffle","bronze:Constructor+1","bronze:Terminator+1","Matryoshka"],"campfire_rested":1,"item_purchase_floors":[2,11,37,37,37,37,39],"current_hp_per_floor":[57,57,36,36,36,36,36,11,32,17,17,17,35,21,21,10,50,50,45,29,29,1,1,1,11,11,21,31,31,32,32,42,5,49,49,55,70,70,70,70,70,70,70,80,80,80,80,80,80,59,75,0,0,0],"gold":294,"neow_bonus":"THREE_ENEMY_KILL","is_daily":false,"chose_seed":false,"campfire_upgraded":2,"win_rate":0.0,"timestamp":1612442199,"path_taken":["R","?","?","M","M","?","T","E","?","E","$","M","R","M","M","BOSS","R","M","?","M","?","?","T","?","?","M","$","R","E","?","M","BOSS","R","M","?","?","$","?","T","?","E","R","E","R","E","M","M","BOSS","E"],"items_purchased_type":["Card","Card","Relic","Relic","Card","Card","Relic"],"build_version":"2020-12-22","purchased_purges":0,"victory":false,"max_hp_per_floor":[63,63,63,63,63,63,63,63,63,63,63,63,63,63,63,63,63,63,63,63,63,63,63,63,63,63,63,63,63,63,63,63,63,63,63,63,70,70,70,70,70,70,70,80,80,80,80,80,80,80,80,80,80,80],"card_choices":[{"not_picked":["bronze:CloningBeam","bronze:DarkDash"],"picked":"bronze:Iterate","floor":2.0},{"not_picked":["bronze:Invalidate","bronze:BugBarrage"],"picked":"bronze:Flail","floor":4.0},{"not_picked":["bronze:Fortify","bronze:FineTuning"],"picked":"bronze:InfiniteBeams","floor":5.0},{"not_picked":["bronze:Constructor+1","bronze:Overheat"],"picked":"bronze:ForceShield+1","floor":8.0},{"not_picked":["bronze:Turbo+1","bronze:ForLoop+1"],"picked":"bronze:BitShift+1","floor":10.0},{"not_picked":["bronze:Overheat","bronze:WhirlingStrike"],"picked":"bronze:Frontload+1","floor":11.0},{"not_picked":["bronze:WildBeam","bronze:ShipIt"],"picked":"bronze:Invalidate+1","floor":12.0},{"not_picked":["bronze:DelayedSlice","bronze:Backtrace"],"picked":"bronze:DelayedGuard+1","floor":14.0},{"not_picked":["bronze:Shield+1","bronze:WhirlingStrike"],"picked":"bronze:ForceShield+1","floor":15.0},{"not_picked":["bronze:ShipIt","bronze:Virus"],"picked":"bronze:Format+1","floor":16.0},{"not_picked":["bronze:Flail","bronze:ChosenStrike"],"picked":"bronze:Iterate","floor":19.0},{"not_picked":["bronze:Frontload+1","bronze:Overheat"],"picked":"bronze:Invalidate+1","floor":20.0},{"not_picked":["bronze:DelayedSlice","bronze:Repulsor"],"picked":"bronze:Repair+1","floor":21.0},{"not_picked":["bronze:Deprecate+1","bronze:NullPointer+1"],"picked":"bronze:FineTuning+1","floor":22.0},{"not_picked":["bronze:Virus","bronze:BugBarrage"],"picked":"bronze:WhirlingStrike","floor":25.0},{"not_picked":["bronze:WildBeam","bronze:Overload+1"],"picked":"bronze:Philosophize+1","floor":27.0},{"not_picked":["bronze:BitShift+1","bronze:Safeguard+1"],"picked":"bronze:ForceShield+1","floor":28.0},{"not_picked":["bronze:Backtrace","bronze:ClassDefault+1"],"picked":"bronze:BronzeArmor+1","floor":30.0},{"not_picked":["bronze:Overheat","bronze:Repulsor"],"picked":"bronze:ItsAFeature","floor":32.0},{"not_picked":["bronze:WildBeam","bronze:Shield+1","bronze:OilSpill"],"picked":"SKIP","floor":36.0},{"not_picked":["bronze:HardenedForm","bronze:Invalidate+1"],"picked":"bronze:Boost+1","floor":37},{"not_picked":["bronze:Shield+1","bronze:ForLoop+1"],"picked":"bronze:FineTuning+1","floor":40},{"not_picked":["bronze:BronzeOrb","bronze:CleanCode"],"picked":"bronze:Fortify","floor":43},{"not_picked":["bronze:OilSpill+1","bronze:CleanCode"],"picked":"bronze:Iterate+1","floor":45},{"not_picked":["bronze:Overheat","bronze:Frontload+1","bronze:DarkDash"],"picked":"SKIP","floor":47},{"not_picked":["bronze:Overheat","bronze:Flail","bronze:Shield+1"],"picked":"SKIP","floor":48},{"not_picked":["bronze:Repair+1","bronze:BitShift+1"],"picked":"bronze:Constructor+1","floor":49}],"player_experience":1900283,"relics_obtained":[{"floor":7.0,"key":"Toxic Egg 2"},{"floor":8.0,"key":"Lantern"},{"floor":10.0,"key":"WingedGreaves"},{"floor":20.0,"key":"MutagenicStrength"},{"floor":22.0,"key":"Thread and Needle"},{"floor":22.0,"key":"Mercury Hourglass"},{"floor":24.0,"key":"Girya"},{"floor":30.0,"key":"Gremlin Horn"},{"floor":41,"key":"Blue Candle"},{"floor":41,"key":"Shuriken"},{"floor":42,"key":"MawBank"},{"floor":43,"key":"Du-Vu Doll"},{"floor":45,"key":"Whetstone"},{"floor":47,"key":"Turnip"}],"event_choices":[{"damage_healed":21.0,"max_hp_gain":0.0,"max_hp_loss":0.0,"gold_gain":0.0,"event_name":"Big Fish","player_choice":"Banana","floor":9.0,"gold_loss":0.0,"damage_taken":0.0},{"damage_healed":0.0,"max_hp_gain":0.0,"max_hp_loss":0.0,"gold_gain":0.0,"event_name":"Vampires","player_choice":"Ignored","floor":31.0,"gold_loss":0.0,"damage_taken":0.0},{"damage_healed":0,"gold_gain":0,"player_choice":"Got Potions","damage_taken":0,"max_hp_gain":0,"max_hp_loss":0,"event_name":"Lab","floor":38,"gold_loss":0}],"is_beta":false,"boss_relics":[{"not_picked":["Coffee Dripper","SlaversCollar"],"picked":"bronze:PlatinumCore"},{"not_picked":["Snecko Eye","Empty Cage"],"picked":"Runic Pyramid"}],"items_purged_floors":[],"is_endless":false,"potions_floor_spawned":[8,12,14,16,22,27,32,43,45,48],"killed_by":"downfall:CharBossMerchant","ascension_level":15}}