{"host":"0tiuc76yumknr6qf","time":1612398277,"event":{"mods":["BaseMod","Bestiary","Colored Map","DeckTracker","Highlight Path","Minty Spire (QoL Compilation)","StSLib"],"gold_per_floor":[112,112,123,183,198,198,223,223,223,241,48,48,74,133,133,133,133],"floor_reached":16,"language":"ENG","playtime":526,"items_purged":["Strike_B"],"score":216,"play_id":"76c64147-a9c3-460e-bf6f-3cf1846a2b3c","local_time":"20210203182437","is_ascension_mode":true,"campfire_choices":[{"data":"Streamline","floor":6,"key":"SMITH"},{"data":"Loop","floor":8,"key":"SMITH"},{"floor":15,"key":"REST"}],"circlet_count":0,"master_deck":["AscendersBane","Strike_B","Strike_B","Strike_B","Defend_B","Defend_B","Defend_B","Defend_B","Zap","Dualcast","Streamline+1","Loop+1","Undo","Conserve Battery","Beam Cell","Coolheaded","Defragment","White Noise","Hologram"],"relics":["Cracked Core","NeowsBlessing","MealTicket","Question Card","Bag of Preparation","PreservedInsect","Ornamental Fan"],"acts_visited":["Exordium"],"potions_floor_usage":[7,16],"damage_taken":[{"damage":0,"enemies":"Cultist","floor":1,"turns":1},{"damage":0,"enemies":"2 Louse","floor":3,"turns":1},{"damage":0,"enemies":"Jaw Worm","floor":5,"turns":1},{"damage":30,"enemies":"Lagavulin","floor":7,"turns":5},{"damage":7,"enemies":"Large Slime","floor":10,"turns":5},{"damage":21,"enemies":"3 Sentries","floor":13,"turns":9},{"damage":0,"enemies":"Gremlin Nob","floor":14,"turns":3},{"damage":46,"enemies":"Slime Boss","floor":16,"turns":7}],"seed_played":"5402307221507683928","potions_obtained":[{"floor":3,"key":"AttackPotion"},{"floor":5,"key":"EssenceOfSteel"},{"floor":10,"key":"Weak Potion"},{"floor":14,"key":"Fruit Juice"}],"is_trial":false,"path_per_floor":["M","T","M","?","M","R","E","R","T","M","$","?","E","?","R","B"],"character_chosen":"DEFECT","items_purchased":["Coolheaded","Defragment"],"campfire_rested":1,"item_purchase_floors":[11,11],"current_hp_per_floor":[64,64,64,64,64,64,34,34,34,27,42,42,21,21,42,0,0],"gold":133,"neow_bonus":"THREE_ENEMY_KILL","is_daily":false,"chose_seed":false,"campfire_upgraded":2,"win_rate":0.0,"timestamp":1612398277,"path_taken":["M","?","M","?","?","R","E","R","T","M","$","?","E","?","R","BOSS"],"items_purchased_type":["Card","Card"],"build_version":"2020-12-22","purchased_purges":1,"victory":false,"max_hp_per_floor":[71,71,71,71,71,71,71,71,71,71,71,71,71,71,71,71,71],"card_choices":[{"not_picked":["Conserve Battery","Leap"],"picked":"Streamline","floor":1},{"not_picked":["Tempest","Leap"],"picked":"Loop","floor":3},{"not_picked":["Redo","Steam"],"picked":"Undo","floor":5},{"not_picked":["Force Field","Tempest"],"picked":"Conserve Battery","floor":7},{"not_picked":["Turbo","Heatsinks","Barrage"],"picked":"Beam Cell","floor":10},{"not_picked":["Sweeping Beam","Reprogram","Coolheaded"],"picked":"White Noise","floor":13},{"not_picked":["White Noise","Static Discharge","Multi-Cast"],"picked":"Hologram","floor":14}],"player_experience":1934092,"relics_obtained":[{"floor":2,"key":"MealTicket"},{"floor":7,"key":"Question Card"},{"floor":9,"key":"Bag of Preparation"},{"floor":13,"key":"PreservedInsect"},{"floor":14,"key":"Ornamental Fan"}],"event_choices":[{"damage_healed":0,"gold_gain":60,"player_choice":"Gained Gold","damage_taken":0,"max_hp_gain":0,"max_hp_loss":0,"event_name":"Golden Wing","floor":4,"gold_loss":0},{"damage_healed":0,"gold_gain":0,"player_choice":"Fled","damage_taken":0,"max_hp_gain":0,"max_hp_loss":0,"event_name":"Scrap Ooze","floor":12,"gold_loss":0},{"damage_healed":0,"gold_gain":30,"player_choice":"Searched \u00273\u0027 times","damage_taken":0,"max_hp_gain":0,"max_hp_loss":0,"event_name":"Dead Adventurer","floor":14,"gold_loss":0}],"is_beta":false,"boss_relics":[],"items_purged_floors":[11],"is_endless":false,"potions_floor_spawned":[3,5,10,14],"killed_by":"Slime Boss","ascension_level":20}}