{"host":"g1qzxxy7a24sg3a3","time":1612418727,"event":{"mods":["ATMod(阿瑾Mod)","Act Like it!","Arknights","BaseMod","Custom Start","Gensokyo","GungeonMod","Hallownest","Lobotomy","LobotomyExtend","Minty Spire (QoL Compilation)","MostiFishMod","Pale of the Ancients","Replay The Spire","SOS（斯巴达之子）","Shop Mod","Spicy Shops","StSLib","TestMod","The Administrix","The Bug Knight","Waifu the Spire","WarShipGirlsR/战舰少女R mod","【遗物卡牌】REMEMod","残留之物"],"gold_per_floor":[110,110,129,144,169,169,169,169],"floor_reached":7,"language":"ZHS","playtime":375,"items_purged":[],"score":43,"play_id":"c8ff82ab-9fbd-4584-9ff6-d7567c178839","local_time":"20210204140527","is_ascension_mode":false,"campfire_choices":[{"floor":6,"key":"RECALL"}],"circlet_count":0,"master_deck":["Strike_G","Strike_G","Strike_G","Strike_G","Strike_G","Defend_G","Defend_G","Defend_G","Defend_G","Defend_G","Survivor","Neutralize","AT_ChampionKick","ParadiseLost"],"relics":["Ring of the Snake","AT_ATBox","DaveBox","testmod-TestBox","REME_ComplimentaryCards","MostiFishMod:AdaptiveDefenses","testmod-EnergyCheck","SynthV:TestCard","Golden Idol","LetterFromLob"],"acts_visited":["Exordium"],"potions_floor_usage":[],"damage_taken":[{"damage":0,"enemies":"Small Slimes","floor":1,"turns":3},{"damage":8,"enemies":"Jaw Worm","floor":3,"turns":3},{"damage":0,"enemies":"Cultist","floor":4,"turns":2},{"damage":17,"enemies":"Large Slime","floor":5,"turns":8},{"damage":62,"enemies":"Gremlin Nob","floor":7,"turns":5}],"seed_played":"-4760482499794851766","potions_obtained":[{"floor":5,"key":"SteroidPotion"}],"is_trial":false,"path_per_floor":["M","?","M","M","M","R","E"],"character_chosen":"THE_SILENT","items_purchased":[],"campfire_rested":0,"item_purchase_floors":[],"current_hp_per_floor":[70,65,58,58,41,41,0,0],"gold":169,"neow_bonus":"THREE_CARDS","is_daily":false,"chose_seed":false,"campfire_upgraded":0,"win_rate":0.0,"timestamp":1612418727,"path_taken":["M","?","M","M","M","R","E"],"items_purchased_type":[],"build_version":"2020-12-22","purchased_purges":0,"victory":false,"max_hp_per_floor":[70,65,65,65,65,65,65,65],"card_choices":[{"not_picked":["Blade Dance","MostiFishMod:PerfectParry","ReplayTheSpireMod:Scrap Shanks"],"picked":"SKIP","floor":1},{"not_picked":["Deflect","MostiFishMod:PerfectParry","ReplayTheSpireMod:Scrap Shanks","Blade Dance","Poisoned Stab"],"picked":"SKIP","floor":3},{"not_picked":["Underhanded Strike","Eviscerate","Calculated Gamble","Dodge and Roll","AT_TwilightShroud"],"picked":"SKIP","floor":4},{"not_picked":["Acrobatics","ReplayTheSpireMod:Scrap Shanks","Tactician","Catalyst","Dagger Spray"],"picked":"SKIP","floor":5}],"player_experience":71332,"relics_obtained":[{"floor":1,"key":"SynthV:TestCard"},{"floor":3,"key":"LetterFromLob"}],"event_choices":[{"damage_healed":0,"gold_gain":0,"player_choice":"Lose Max HP","damage_taken":0,"relics_obtained":["Golden Idol"],"max_hp_gain":0,"max_hp_loss":5,"event_name":"Golden Idol","floor":2,"gold_loss":0}],"is_beta":false,"boss_relics":[],"items_purged_floors":[],"is_endless":false,"potions_floor_spawned":[4,5],"killed_by":"Gremlin Nob","ascension_level":0}}