{"host":"dvpvhz1t6etneyb3","time":1612478288,"event":{"mods":["AchievementEnabler","BaseMod","Colored Map","Highlight Path","Minty Spire (QoL Compilation)","Permanent Neow","Quick Restart"],"gold_per_floor":[115,135,135,9,24,60,60,60,85,85,10,48,48,48,48,48,48],"floor_reached":16,"language":"ENG","playtime":922,"items_purged":["Strike_B"],"score":212,"play_id":"bdf52235-a144-4234-ab21-136b6f9cebe5","local_time":"20210204173808","is_ascension_mode":true,"campfire_choices":[{"floor":8.0,"key":"REST"},{"data":"Electrodynamics","floor":10.0,"key":"SMITH"},{"data":"Undo","floor":15.0,"key":"SMITH"}],"circlet_count":0,"master_deck":["AscendersBane","Strike_B","Strike_B","Defend_B","Defend_B","Defend_B","Defend_B","Zap","Dualcast","Electrodynamics+1","Compile Driver","Barrage","Self Repair","Undo+1","Gash","Hologram+1"],"relics":["Cracked Core","Golden Idol","Bronze Scales","Anchor","StrikeDummy"],"acts_visited":["Exordium"],"potions_floor_usage":[],"damage_taken":[{"damage":4.0,"enemies":"Jaw Worm","floor":1.0,"turns":4.0},{"damage":2.0,"enemies":"2 Louse","floor":2.0,"turns":2.0},{"damage":4.0,"enemies":"Small Slimes","floor":5.0,"turns":4.0},{"damage":42.0,"enemies":"Gremlin Nob","floor":6.0,"turns":4.0},{"damage":10.0,"enemies":"3 Sentries","floor":12.0,"turns":5.0},{"damage":36,"enemies":"The Guardian","floor":16,"turns":2}],"seed_played":"-126224634965866045","potions_obtained":[{"floor":1.0,"key":"LiquidBronze"},{"floor":5.0,"key":"DistilledChaos"}],"is_trial":false,"path_per_floor":["M","M","?","$","M","E","?","R","T","R","$","E","?","?","R","B"],"character_chosen":"DEFECT","items_purchased":["Self Repair","Undo"],"campfire_rested":1,"item_purchase_floors":[4,4],"current_hp_per_floor":[42,40,40,40,43,8,8,27,27,27,27,17,17,10,10,0,0],"gold":48,"neow_bonus":"THREE_RARE_CARDS","is_daily":false,"chose_seed":false,"campfire_upgraded":2,"win_rate":0.0,"timestamp":1612478288,"path_taken":["M","M","?","?","M","E","?","R","T","R","$","E","?","?","R","BOSS"],"items_purchased_type":["Card","Card"],"build_version":"2020-12-22","purchased_purges":1,"victory":false,"max_hp_per_floor":[71,71,64,64,64,64,64,64,64,64,64,64,64,64,64,64,64],"card_choices":[{"not_picked":["Hyperbeam","Multi-Cast"],"picked":"Electrodynamics","floor":0.0},{"not_picked":["Undo","Capacitor"],"picked":"Compile Driver","floor":1.0},{"not_picked":["Chill","Storm"],"picked":"Barrage","floor":2.0},{"not_picked":["Hologram","Rebound"],"picked":"Gash","floor":5.0},{"not_picked":["Barrage","Streamline","Reinforced Body"],"picked":"SKIP","floor":6.0},{"not_picked":["Fusion","Reinforced Body"],"picked":"Hologram","floor":12.0}],"player_experience":2144144,"relics_obtained":[{"floor":6.0,"key":"Bronze Scales"},{"floor":9.0,"key":"Anchor"},{"floor":12.0,"key":"StrikeDummy"}],"event_choices":[{"damage_healed":0.0,"max_hp_gain":0.0,"max_hp_loss":7.0,"gold_gain":0.0,"event_name":"Golden Idol","player_choice":"Lose Max HP","floor":3.0,"gold_loss":0.0,"damage_taken":0.0,"relics_obtained":["Golden Idol"]},{"damage_healed":0.0,"max_hp_gain":0.0,"max_hp_loss":0.0,"gold_gain":0.0,"event_name":"Shining Light","player_choice":"Ignored","floor":7.0,"gold_loss":0.0,"damage_taken":0.0},{"damage_healed":0.0,"max_hp_gain":0.0,"max_hp_loss":0.0,"gold_gain":0.0,"event_name":"Living Wall","player_choice":"Grow","floor":13.0,"gold_loss":0.0,"damage_taken":0.0,"cards_upgraded":["Hologram"]},{"cards_removed":["Strike_B"],"damage_healed":0.0,"max_hp_gain":0.0,"max_hp_loss":0.0,"gold_gain":0.0,"event_name":"Golden Wing","player_choice":"Card Removal","floor":14.0,"gold_loss":0.0,"damage_taken":7.0}],"is_beta":false,"boss_relics":[],"items_purged_floors":[11],"is_endless":false,"potions_floor_spawned":[1,5],"killed_by":"The Guardian","ascension_level":20}}