{"host":"nwd160me4iqdtr8u","time":1612427597,"event":{"mods":["AchievementEnabler","Act Like it!","BaseMod","Colored Map","DeckTracker","Hallownest","Keyboard Shortcuts","Minty Spire (QoL Compilation)","Quick Restart","Rare Cards Sparkle","Smile Girya","StSLib","SuperFastMode","The Bug Knight","everything is the same but u backflip on backflip"],"gold_per_floor":[117,117,133,145,161,161,177,177,177,204,216,44,60,93,93,93,93],"floor_reached":16,"language":"KOR","playtime":592,"items_purged":["Hallownest:curseDreamersLament"],"score":123,"play_id":"713bda7f-14b7-42bb-921a-8f098c1791de","local_time":"20210204173317","is_ascension_mode":true,"campfire_choices":[{"data":"HollowMod:AbyssShriek","floor":6.0,"key":"SMITH"},{"data":"HollowMod:RecoilStrike","floor":15,"key":"SMITH"}],"circlet_count":0,"master_deck":["HollowMod:NailStrikeStart","HollowMod:NailStrikeStart","HollowMod:NailStrikeStart","HollowMod:NailStrikeStart","HollowMod:QuickDashStart","HollowMod:QuickDashStart","HollowMod:QuickDashStart","HollowMod:QuickDashStart","HollowMod:FocusHealStart","HollowMod:PogoStrike","HollowMod:CycloneSlash","HollowMod:AbyssShriek+1","HollowMod:RecoilStrike+1","HollowMod:HornetsHelp","HollowMod:VengefulVoid","HollowMod:HeavyBlow+1","HollowMod:GrimmsGift","HollowMod:NewLittleFool+1","HollowMod:GreatSlash+1"],"relics":["HollowMod:VesselMask","NeowsBlessing","Hallownest:TeacherSealRelic","Molten Egg 2","Anchor","CaptainsWheel"],"acts_visited":["Hallownest:Greenpath"],"potions_floor_usage":[16,16,16,16],"damage_taken":[{"damage":0.0,"enemies":"Hallownest:2_Tiktiks_and_1_Crawlid","floor":1.0,"turns":2.0},{"damage":0.0,"enemies":"Hallownest:monsterHuskWarrior","floor":3.0,"turns":1.0},{"damage":0.0,"enemies":"2_ Uuma","floor":4.0,"turns":1.0},{"damage":3.0,"enemies":"Hallownest:2_Tiktiks_1_Baldur_1_Crawlid","floor":5.0,"turns":2.0},{"damage":12.0,"enemies":"Hallownest:1_Ooma_and_2_Uuma","floor":7.0,"turns":3.0},{"damage":16.0,"enemies":"Hallownest:eliteMossKnight","floor":10.0,"turns":4.0},{"damage":13,"enemies":"Hallownest:1_Baldur_1_Crawlid_1_Warrior","floor":11,"turns":6},{"damage":0,"enemies":"Hallownest:monsterAspidMother","floor":13,"turns":3},{"damage":4,"enemies":"Hallownest:eliteVengeflyKing","floor":14,"turns":7},{"damage":8,"enemies":"Hallownest:BossFalseKnight","floor":16,"turns":6}],"seed_played":"5930338406347158227","potions_obtained":[{"floor":1.0,"key":"PowerPotion"},{"floor":4.0,"key":"Fire Potion"},{"floor":11,"key":"Block Potion"}],"is_trial":false,"path_per_floor":["M","?","M","M","M","R","M","?","T","E","M","$","M","E","R","B"],"character_chosen":"THE_BUGKNIGHT","items_purchased":["EntropicBrew"],"campfire_rested":0,"item_purchase_floors":[12],"current_hp_per_floor":[75,75,75,75,72,72,60,60,60,44,31,31,31,27,27,19,19],"gold":93,"neow_bonus":"THREE_ENEMY_KILL","is_daily":false,"chose_seed":false,"campfire_upgraded":2,"win_rate":0.0,"timestamp":1612427597,"path_taken":["M","?","M","M","M","R","M","?","T","E","M","$","M","E","R","BOSS"],"items_purchased_type":["Potion"],"build_version":"2020-12-22","purchased_purges":1,"victory":false,"max_hp_per_floor":[75,75,75,75,75,75,75,75,75,75,75,75,75,75,75,75,75],"card_choices":[{"not_picked":["HollowMod:HowlingWraiths","HollowMod:GoodIntentions"],"picked":"HollowMod:CycloneSlash","floor":1.0},{"not_picked":["HollowMod:ShadowDash","HollowMod:SiblingsSouls"],"picked":"HollowMod:AbyssShriek","floor":3.0},{"not_picked":["HollowMod:InfectedCysts","HollowMod:DoubleDash"],"picked":"HollowMod:RecoilStrike","floor":4.0},{"not_picked":["HollowMod:DescendingDark","HollowMod:GoodIntentions"],"picked":"HollowMod:HornetsHelp","floor":5.0},{"not_picked":["HollowMod:MantisMark","HollowMod:SoulSplash"],"picked":"HollowMod:VengefulVoid","floor":7.0},{"not_picked":["HollowMod:BaldurShell","HollowMod:WraithStrike+1"],"picked":"HollowMod:HeavyBlow+1","floor":10.0},{"not_picked":["HollowMod:InfectedAttack+1","HollowMod:InfectedCysts+1"],"picked":"HollowMod:GrimmsGift","floor":11},{"not_picked":["HollowMod:InfectionAssault+1","HollowMod:WraithStrike+1"],"picked":"HollowMod:NewLittleFool+1","floor":13},{"not_picked":["HollowMod:DreamGate","HollowMod:HeavyBlow+1"],"picked":"HollowMod:GreatSlash+1","floor":14}],"player_experience":412445,"relics_obtained":[{"floor":9.0,"key":"Molten Egg 2"},{"floor":10.0,"key":"Anchor"},{"floor":14,"key":"CaptainsWheel"}],"event_choices":[],"is_beta":false,"boss_relics":[],"items_purged_floors":[12],"is_endless":false,"potions_floor_spawned":[1,4,11],"killed_by":"Hallownest:BossFalseKnight","ascension_level":2}}