{"host":"w7o06k3e8uel8euj","time":1612417800,"event":{"mods":["AchievementEnabler","BaseMod","Colored Powertips","Custom Start","DeckTracker","Keyboard Shortcuts","Minty Spire (QoL Compilation)","Quick Restart","Relic Stats","StSLib","SuperFastMode","everything is the same but u backflip on backflip"],"gold_per_floor":[119,135,60,76,42,42,69,69,69,69,69],"floor_reached":10,"language":"KOR","playtime":474,"items_purged":["Strike_G"],"score":83,"play_id":"5b9d7011-a993-450b-b844-6b7f3de5b584","local_time":"20210204145000","is_ascension_mode":true,"campfire_choices":[{"data":"Neutralize","floor":6,"key":"SMITH"},{"floor":8,"key":"REST"}],"circlet_count":0,"master_deck":["Strike_G","Strike_G","Strike_G+1","Defend_G","Defend_G","Defend_G","Defend_G","Survivor","Neutralize+1","Heel Hook+1","Reflex","Well Laid Plans+1","After Image+1"],"relics":["Ring of the Snake","Toxic Egg 2","Frozen Egg 2","Molten Egg 2","Mummified Hand","Whetstone"],"acts_visited":["Exordium"],"potions_floor_usage":[],"damage_taken":[{"damage":0,"enemies":"Cultist","floor":1,"turns":4},{"damage":0,"enemies":"Jaw Worm","floor":2,"turns":5},{"damage":2,"enemies":"2 Louse","floor":4,"turns":2},{"damage":42,"enemies":"Lagavulin","floor":7,"turns":10},{"damage":27,"enemies":"Gremlin Nob","floor":10,"turns":5}],"seed_played":"6801392979551322689","potions_obtained":[{"floor":4,"key":"SteroidPotion"},{"floor":7,"key":"EssenceOfSteel"}],"is_trial":false,"path_per_floor":["M","M","$","M","$","R","E","R","T","E"],"character_chosen":"THE_SILENT","items_purchased":["Toxic Egg 2","Frozen Egg 2","Molten Egg 2","Well Laid Plans+1"],"campfire_rested":1,"item_purchase_floors":[3,3,5,5],"current_hp_per_floor":[49,49,49,47,47,47,5,26,26,0,0],"gold":69,"neow_bonus":"REMOVE_TWO","is_daily":false,"chose_seed":false,"campfire_upgraded":1,"win_rate":0.0,"timestamp":1612417800,"path_taken":["M","M","$","?","$","R","E","R","T","E"],"items_purchased_type":["Relic","Relic","Relic","Card"],"build_version":"2020-12-22","purchased_purges":1,"victory":false,"max_hp_per_floor":[70,70,70,70,70,70,70,70,70,70,70],"relic_stats":{"counters":[5,26],"Mummified Hand":[2],"Whetstone":["Strike_G","Heel Hook"],"obtain_stats":[{"Mummified Hand":7,"Molten Egg 2":5,"Whetstone":9,"Toxic Egg 2":3,"Frozen Egg 2":3,"Ring of the Snake":0},{"Mummified Hand":4,"Molten Egg 2":3,"Whetstone":4,"Toxic Egg 2":2,"Frozen Egg 2":2,"Ring of the Snake":0},{"Mummified Hand":21,"Molten Egg 2":11,"Whetstone":21,"Toxic Egg 2":9,"Frozen Egg 2":9,"Ring of the Snake":0}],"Ring of the Snake":[10]},"card_choices":[{"not_picked":["Deflect","Escape Plan"],"picked":"Heel Hook","floor":1},{"not_picked":["Dagger Throw","Deflect"],"picked":"Reflex","floor":2},{"not_picked":["Accuracy+1","Underhanded Strike","Flechettes"],"picked":"SKIP","floor":4},{"not_picked":["Malaise+1","Endless Agony+1"],"picked":"After Image+1","floor":7}],"player_experience":523538,"relics_obtained":[{"floor":7,"key":"Mummified Hand"},{"floor":9,"key":"Whetstone"}],"event_choices":[],"is_beta":false,"boss_relics":[],"items_purged_floors":[3],"is_endless":false,"potions_floor_spawned":[4,7],"killed_by":"Gremlin Nob","ascension_level":5}}