{"host":"6r762osam2bvfm66","time":1612481851,"event":{"mods":["BaseMod","Colored Map","Minty Spire (QoL Compilation)"],"gold_per_floor":[115,129,149,162,162,162,197,213,213,241,241,241,261,336,336,439,439,404,48,63,95,110,141,40,65,116,116,116,146,146,146,146,243,243,257,271,21,21,72,99,99,126,151,179,179,193,193,143,143,143],"floor_reached":51,"language":"ENG","playtime":3325,"items_purged":["Strike_R","Strike_R","Defend_R"],"score":1064,"play_id":"488c863d-0db9-49a9-b4e9-6183a5a275de","local_time":"20210204173731","is_ascension_mode":true,"campfire_choices":[{"data":"Bash","floor":6.0,"key":"SMITH"},{"data":"Pommel Strike","floor":12.0,"key":"SMITH"},{"data":"Intimidate","floor":15.0,"key":"SMITH"},{"data":"Corruption","floor":27.0,"key":"SMITH"},{"data":"Feel No Pain","floor":30,"key":"SMITH"},{"data":"Barricade","floor":32,"key":"SMITH"},{"data":"Inflame","floor":41,"key":"SMITH"},{"data":"Spot Weakness","floor":45,"key":"SMITH"},{"data":"Madness","floor":49,"key":"SMITH"}],"circlet_count":0,"master_deck":["Defend_R+1","Defend_R+1","Defend_R","Bash+1","Shrug It Off","Shrug It Off","Pommel Strike+1","Carnage","Sword Boomerang","Battle Trance","Intimidate+1","Corruption+1","Shrug It Off","Inflame+1","Spot Weakness+1","Shockwave","Shrug It Off","Shrug It Off","Necronomicurse","Feel No Pain+1","Barricade+1","Flame Barrier","Reaper","Dual Wield+1","Dropkick","Offering","Madness+1","Body Slam+1","Spot Weakness+1"],"relics":["Burning Blood","Bottled Flame","InkBottle","Ancient Tea Set","Runic Pyramid","Gremlin Horn","Red Mask","TungstenRod","Vajra","Blood Vial","Necronomicon","Mango","Sozu","Charon\u0027s Ashes","Mummified Hand","Red Skull","Smiling Mask","Calipers"],"acts_visited":["Exordium","TheCity","TheBeyond"],"potions_floor_usage":[50],"damage_taken":[{"damage":4.0,"enemies":"Jaw Worm","floor":1.0,"turns":5.0},{"damage":0.0,"enemies":"2 Louse","floor":2.0,"turns":4.0},{"damage":0.0,"enemies":"Small Slimes","floor":3.0,"turns":4.0},{"damage":2.0,"enemies":"2 Fungi Beasts","floor":4.0,"turns":7.0},{"damage":23.0,"enemies":"Gremlin Nob","floor":7.0,"turns":5.0},{"damage":11.0,"enemies":"Looter","floor":8.0,"turns":2.0},{"damage":13.0,"enemies":"3 Sentries","floor":10.0,"turns":9.0},{"damage":0.0,"enemies":"Blue Slaver","floor":13.0,"turns":2.0},{"damage":27.0,"enemies":"The Guardian","floor":16.0,"turns":15.0},{"damage":6.0,"enemies":"2 Thieves","floor":18.0,"turns":5.0},{"damage":6.0,"enemies":"Shell Parasite","floor":20.0,"turns":5.0},{"damage":15.0,"enemies":"Masked Bandits","floor":21.0,"turns":4.0},{"damage":2.0,"enemies":"Snecko","floor":22.0,"turns":4.0},{"damage":19.0,"enemies":"Book of Stabbing","floor":23.0,"turns":5.0},{"damage":5.0,"enemies":"Gremlin Leader","floor":25.0,"turns":6.0},{"damage":15,"enemies":"Slavers","floor":29,"turns":5},{"damage":26,"enemies":"Collector","floor":33,"turns":7},{"damage":6,"enemies":"3 Darklings","floor":35,"turns":4},{"damage":0,"enemies":"Orb Walker","floor":36,"turns":4},{"damage":28,"enemies":"2 Orb Walkers","floor":39,"turns":4},{"damage":5,"enemies":"Reptomancer","floor":40,"turns":4},{"damage":5,"enemies":"Giant Head","floor":42,"turns":4},{"damage":29,"enemies":"Nemesis","floor":44,"turns":5},{"damage":5,"enemies":"Maw","floor":46,"turns":4},{"damage":11,"enemies":"Donu and Deca","floor":50,"turns":4}],"seed_played":"5196893736213834888","potions_obtained":[{"floor":2.0,"key":"Block Potion"},{"floor":7.0,"key":"EntropicBrew"},{"floor":10.0,"key":"Block Potion"},{"floor":13.0,"key":"Block Potion"},{"floor":21.0,"key":"Swift Potion"},{"floor":23.0,"key":"Swift Potion"},{"floor":25.0,"key":"Regen Potion"}],"is_trial":false,"path_per_floor":["M","M","M","M","?","R","E","M","T","E","?","R","M","?","R","B",null,"M","$","M","?","M","E","$","E","T","R","?","E","R","?","R","B",null,"M","M","$","?","?","E","R","E","T","E","R","M","?","$","R","B",null],"character_chosen":"IRONCLAD","items_purchased":["Gremlin Horn","Inflame","Spot Weakness","Shrug It Off","Dropkick","Offering"],"campfire_rested":0,"item_purchase_floors":[19,19,19,24,37,37],"current_hp_per_floor":[88,88,88,88,70,70,53,48,48,41,34,34,40,29,29,8,88,88,88,88,79,83,70,70,71,71,71,59,66,66,66,66,48,102,102,102,102,93,102,102,102,102,102,102,102,102,102,102,102,102],"gold":143,"neow_bonus":"TEN_PERCENT_HP_BONUS","is_daily":false,"chose_seed":false,"campfire_upgraded":9,"win_rate":0.0,"timestamp":1612481851,"path_taken":["M","M","M","M","?","R","E","M","T","E","?","R","M","?","R","BOSS","M","$","M","?","M","E","$","E","T","R","?","E","R","?","R","BOSS","M","M","$","?","?","E","R","E","T","E","R","M","?","$","R","BOSS"],"items_purchased_type":["Relic","Card","Card","Card","Card","Card"],"build_version":"2020-12-22","purchased_purges":3,"victory":true,"max_hp_per_floor":[88,88,88,88,88,88,88,88,88,88,88,88,88,88,88,88,88,88,88,88,88,88,88,88,88,88,88,88,102,102,102,102,102,102,102,102,102,102,102,102,102,102,102,102,102,102,102,102,102,102],"card_choices":[{"not_picked":["Iron Wave","Warcry"],"picked":"Shrug It Off","floor":1.0},{"not_picked":["Anger","Bloodletting","Evolve"],"picked":"SKIP","floor":2.0},{"not_picked":["Fire Breathing","Dual Wield"],"picked":"Shrug It Off","floor":3.0},{"not_picked":["Metallicize","Havoc"],"picked":"Pommel Strike","floor":4.0},{"not_picked":["Perfected Strike","Shrug It Off"],"picked":"Carnage","floor":7.0},{"not_picked":["Twin Strike","Blood for Blood"],"picked":"Sword Boomerang","floor":8.0},{"not_picked":["Wild Strike","Evolve"],"picked":"Battle Trance","floor":10.0},{"not_picked":["Cleave","Dark Embrace"],"picked":"Intimidate","floor":13.0},{"not_picked":["Barricade","Double Tap"],"picked":"Corruption","floor":16.0},{"not_picked":["Twin Strike","Battle Trance"],"picked":"Shrug It Off","floor":18.0},{"not_picked":["Twin Strike+1","Pommel Strike","Wild Strike"],"picked":"SKIP","floor":20.0},{"not_picked":["Armaments","Sword Boomerang"],"picked":"Shockwave","floor":21.0},{"not_picked":["Warcry","Armaments","Rage"],"picked":"SKIP","floor":22.0},{"not_picked":["Juggernaut","Perfected Strike","Rampage"],"picked":"SKIP","floor":23.0},{"not_picked":["Clash+1","Iron Wave"],"picked":"Shrug It Off","floor":25.0},{"not_picked":["Headbutt+1","Shrug It Off+1"],"picked":"Feel No Pain","floor":29},{"not_picked":["Offering","Limit Break"],"picked":"Reaper","floor":33},{"not_picked":["True Grit+1","Clothesline"],"picked":"Dual Wield+1","floor":35},{"not_picked":["Headbutt","Flex+1","Armaments"],"picked":"SKIP","floor":36},{"not_picked":["Mind Blast","HandOfGreed"],"picked":"Madness","floor":38},{"not_picked":["Transmutation","Finesse"],"picked":"Dark Shackles","floor":38},{"not_picked":["Clash+1","Pommel Strike"],"picked":"Body Slam+1","floor":39},{"not_picked":["Dark Embrace+1","Anger+1"],"picked":"Spot Weakness+1","floor":40},{"not_picked":["Warcry","Clothesline","Burning Pact"],"picked":"SKIP","floor":42},{"not_picked":["Blood for Blood+1","Perfected Strike","Havoc"],"picked":"SKIP","floor":44},{"not_picked":["Bloodletting+1","True Grit+1","Flex"],"picked":"SKIP","floor":46}],"player_experience":42975,"relics_obtained":[{"floor":7.0,"key":"Bottled Flame"},{"floor":9.0,"key":"InkBottle"},{"floor":10.0,"key":"Ancient Tea Set"},{"floor":21.0,"key":"Red Mask"},{"floor":23.0,"key":"TungstenRod"},{"floor":25.0,"key":"Vajra"},{"floor":26.0,"key":"Blood Vial"},{"floor":28,"key":"Necronomicon"},{"floor":29,"key":"Mango"},{"floor":39,"key":"Charon\u0027s Ashes"},{"floor":40,"key":"Mummified Hand"},{"floor":42,"key":"Red Skull"},{"floor":43,"key":"Smiling Mask"},{"floor":44,"key":"Calipers"}],"event_choices":[{"damage_healed":0.0,"max_hp_gain":0.0,"max_hp_loss":0.0,"gold_gain":0.0,"event_name":"Shining Light","player_choice":"Entered Light","floor":5.0,"gold_loss":0.0,"damage_taken":18.0,"cards_upgraded":["Defend_R","Defend_R"]},{"cards_removed":["Strike_R"],"damage_healed":0.0,"max_hp_gain":0.0,"max_hp_loss":0.0,"gold_gain":0.0,"event_name":"Golden Wing","player_choice":"Card Removal","floor":11.0,"gold_loss":0.0,"damage_taken":7.0},{"damage_healed":0.0,"max_hp_gain":0.0,"max_hp_loss":0.0,"gold_gain":75.0,"event_name":"World of Goop","player_choice":"Gather Gold","floor":14.0,"gold_loss":0.0,"damage_taken":11.0},{"damage_healed":0.0,"max_hp_gain":0.0,"max_hp_loss":0.0,"gold_gain":0.0,"event_name":"Masked Bandits","player_choice":"Fought Bandits","floor":21.0,"gold_loss":0.0,"damage_taken":0.0},{"damage_healed":0,"gold_gain":0,"player_choice":"Obtained Book","damage_taken":16,"max_hp_gain":0,"max_hp_loss":0,"event_name":"Cursed Tome","floor":28,"gold_loss":0},{"damage_healed":0,"gold_gain":0,"cards_transformed":["Strike_R","Strike_R"],"player_choice":"Became Test Subject","damage_taken":0,"max_hp_gain":0,"max_hp_loss":0,"event_name":"Drug Dealer","floor":31,"gold_loss":0,"cards_obtained":["Barricade","Flame Barrier"]},{"damage_healed":0,"gold_gain":0,"player_choice":"Memory 3","damage_taken":10,"max_hp_gain":0,"max_hp_loss":0,"event_name":"SensoryStone","floor":38,"gold_loss":0},{"damage_healed":0,"gold_gain":0,"player_choice":"Fight","damage_taken":0,"max_hp_gain":0,"max_hp_loss":0,"event_name":"Mysterious Sphere","floor":39,"gold_loss":0},{"cards_removed":["Dark Shackles"],"damage_healed":0,"gold_gain":0,"player_choice":"Removed Skill","damage_taken":0,"max_hp_gain":0,"max_hp_loss":0,"event_name":"Falling","floor":47,"gold_loss":0}],"is_beta":false,"boss_relics":[{"not_picked":["SlaversCollar","Empty Cage"],"picked":"Runic Pyramid"},{"not_picked":["Snecko Eye","Astrolabe"],"picked":"Sozu"}],"items_purged_floors":[24,37,48],"is_endless":false,"potions_floor_spawned":[2,7,8,10,13,21,23,25,29,33,36,39,42,44],"ascension_level":4}}