{"host":"ktg5lwritr12xyhv","time":1612413899,"event":{"mods":["ATMod(阿瑾Mod)","Act Like it!","Aspiration","BaseMod","Challenge The Spire","Conspire","Downfall","Gensokyo","Hermit","Koishi","KomeijiMod","Minty Spire (QoL Compilation)","Quick Restart","Relic Stats","Robot Space Explorer","RumiaBox-露米娅的神秘盒子","SIMod","Spicy Shops","StSLib","The Alterego","The Dragon Tamer","篝火指南"],"gold_per_floor":[99,99,99,99,99,99,177,177,177,205,274,84,84,84,179,308,308,308,347,13,48,112,112,137,137,288,29,29,189,189,224,286,336,336,336],"floor_reached":33,"language":"ZHS","playtime":1921,"items_purged":["Guardian:Strike_Guardian","Guardian:Strike_Guardian","Guardian:Defend_Guardian"],"score":332,"play_id":"a82fe2cd-9a6d-48d3-a39b-01812d4ae9a7","local_time":"20210204124459","is_ascension_mode":true,"campfire_choices":[{"data":"Guardian:CurlUp","floor":1.0,"key":"SMITH"},{"data":"Guardian:Planning","floor":6,"key":"SMITH"},{"data":"Guardian:BodySlam","floor":13,"key":"SMITH"},{"data":"Guardian:FastForward","floor":18,"key":"SMITH"},{"data":"Guardian:BronzeArmor","floor":23,"key":"SMITH"},{"floor":25,"key":"REST"},{"data":"Guardian:Emergency","floor":28,"key":"SMITH"},{"floor":30,"key":"REST"}],"circlet_count":0,"master_deck":["Guardian:Defend_Guardian+1","Guardian:Defend_Guardian","Guardian:CurlUp+1","Guardian:TwinSlam","Guardian:Planning+1","Guardian:BodySlam+1","Guardian:SpikerProtocol","Guardian:FuturePlans","Guardian:ChargeUp","Guardian:ChargeCore","Guardian:FastForward+1","Guardian:Harden+1","Guardian:Orbwalk+1","Guardian:Recover+1","Guardian:BronzeArmor+1","Guardian:TimeCapacitor","Guardian:DonusPower+1","Guardian:Gem_Blue","Guardian:Emergency+1","Guardian:SpikerProtocol","Guardian:Gem_Synthetic"],"relics":["Guardian:ModeShifter","AT_ATBox","downfall:HeartsMalice","Matryoshka","AT_MibuBalloonWealth","Pyrelight","Astrolabe","Potion Belt","Bronze Scales","ZombieArmy","Toy Ornithopter"],"acts_visited":["Exordium","TheCity"],"potions_floor_usage":[16,26,29,32,33,33],"damage_taken":[{"damage":0.0,"enemies":"2 Louse","floor":2.0,"turns":1.0},{"damage":0,"enemies":"conspire:RoseBush","floor":8,"turns":1},{"damage":0,"enemies":"Small Slimes","floor":9,"turns":1},{"damage":9,"enemies":"Gremlin Nob","floor":10,"turns":5},{"damage":1,"enemies":"2 Fungi Beasts","floor":11,"turns":3},{"damage":2,"enemies":"downfall:FleeingMerchant","floor":12,"turns":4},{"damage":9,"enemies":"3 Louse","floor":15,"turns":2},{"damage":26,"enemies":"IC_STATUS_ARCHETYPE","floor":16,"turns":10},{"damage":14,"enemies":"Shell Parasite","floor":19,"turns":4},{"damage":0,"enemies":"downfall:FleeingMerchant","floor":20,"turns":4},{"damage":35,"enemies":"Snecko","floor":21,"turns":8},{"damage":23,"enemies":"Chosen and Byrds","floor":22,"turns":10},{"damage":12,"enemies":"conspire:Head Lice","floor":26,"turns":5},{"damage":0,"enemies":"downfall:FleeingMerchant","floor":27,"turns":4},{"damage":11,"enemies":"Gremlin Leader","floor":29,"turns":7},{"damage":24,"enemies":"Snake Plant","floor":31,"turns":2},{"damage":6,"enemies":"Centurion and Healer","floor":32,"turns":7},{"damage":26,"enemies":"DF_ARCHETYPE_CLAW","floor":33,"turns":5}],"seed_played":"-7585334077957501182","potions_obtained":[{"floor":10,"key":"Weak Potion"},{"floor":11,"key":"Dexterity Potion"},{"floor":15,"key":"LiquidBronze"},{"floor":19,"key":"Swift Potion"},{"floor":21,"key":"champ:CounterPotion"},{"floor":29,"key":"Energy Potion"},{"floor":31,"key":"Block Potion"}],"is_trial":false,"path_per_floor":["R","M","?","?","?","R","T","M","M","E","M","$","R","?","M","B",null,"R","M","$","M","M","R","T","R","E","$","R","E","R","M","M","B"],"character_chosen":"GUARDIAN","items_purchased":["Guardian:TimeCapacitor","Guardian:Gem_Green","Guardian:Gem_Orange","Guardian:SpikerProtocol"],"campfire_rested":2,"item_purchase_floors":[20,20,20,27],"current_hp_per_floor":[80,80,80,80,80,80,80,80,80,71,70,68,68,68,59,33,80,80,66,66,31,8,8,8,32,20,20,20,9,33,9,8,0,0,0],"gold":336,"neow_bonus":"THREE_ENEMY_KILL","is_daily":false,"chose_seed":false,"campfire_upgraded":6,"win_rate":0.0,"timestamp":1612413899,"path_taken":["R","M","?","?","?","R","T","M","M","E","M","$","R","?","M","BOSS","R","M","$","M","M","R","T","R","E","$","R","E","R","M","M","BOSS"],"items_purchased_type":["Card","Card","Card","Card"],"build_version":"2020-12-22","purchased_purges":3,"victory":false,"max_hp_per_floor":[80,80,80,80,80,80,80,80,80,80,80,80,80,80,80,80,80,80,80,80,80,80,80,80,80,80,80,80,80,80,80,80,80,80,80],"relic_stats":{"counters":[18,80],"Astrolabe":["Guardian:Harden","Guardian:Orbwalk","Guardian:Recover"],"Bronze Scales":[77],"obtain_stats":[{"Potion Belt":24,"AT_ATBox":0,"Matryoshka":7,"AT_MibuBalloonWealth":10,"Astrolabe":17,"Bronze Scales":24,"Guardian:ModeShifter":0,"downfall:HeartsMalice":0,"Pyrelight":14,"Toy Ornithopter":29,"ZombieArmy":26},{"Potion Belt":12,"AT_ATBox":0,"Matryoshka":1,"AT_MibuBalloonWealth":4,"Astrolabe":8,"Bronze Scales":12,"Guardian:ModeShifter":0,"downfall:HeartsMalice":0,"Pyrelight":6,"Toy Ornithopter":15,"ZombieArmy":13},{"Potion Belt":50,"AT_ATBox":0,"Matryoshka":0,"AT_MibuBalloonWealth":5,"Astrolabe":24,"Bronze Scales":50,"Guardian:ModeShifter":0,"downfall:HeartsMalice":0,"Pyrelight":12,"Toy Ornithopter":66,"ZombieArmy":55}],"Toy Ornithopter":15},"card_choices":[{"not_picked":["Guardian:Incinerate","Guardian:FuturePlans"],"picked":"Guardian:Planning","floor":2.0},{"not_picked":["Guardian:Incinerate","Guardian:ShieldCharger"],"picked":"Guardian:BodySlam","floor":8},{"not_picked":["Guardian:PrimingBeam","Guardian:Reroute"],"picked":"Guardian:SpikerProtocol","floor":9},{"not_picked":["Guardian:TimeBomb","Guardian:Orbwalk"],"picked":"Guardian:FuturePlans","floor":10},{"not_picked":["Guardian:FloatingOrbs","Guardian:MultiBeam"],"picked":"Guardian:Gem_Yellow","floor":11},{"not_picked":["Guardian:Suspension","Guardian:PrismaticBarrier"],"picked":"Guardian:ChargeUp","floor":12},{"not_picked":["Guardian:WalkerClaw","Guardian:ShieldCharger"],"picked":"Guardian:ChargeCore","floor":15},{"not_picked":["Guardian:Gem_Orange","Guardian:ExploitGems"],"picked":"Guardian:FastForward","floor":16},{"not_picked":["Guardian:Incinerate","Guardian:Reroute+1"],"picked":"Guardian:BronzeArmor","floor":19},{"not_picked":["Guardian:ShieldCharger+1","Guardian:PrimingBeam"],"picked":"Guardian:Gem_Green","floor":20},{"not_picked":["Guardian:Planning","Guardian:PolyBeam","Guardian:PrimingBeam+1"],"picked":"SKIP","floor":21},{"not_picked":["Guardian:TimeCapacitor","Guardian:Clone"],"picked":"Guardian:DonusPower+1","floor":22},{"not_picked":["Guardian:Recover","Guardian:FuturePlans"],"picked":"Guardian:Gem_Blue","floor":26},{"not_picked":["Guardian:RollAttack","Guardian:TimeBomb"],"picked":"Guardian:Emergency","floor":27},{"not_picked":["Guardian:TemporalShield","Guardian:MultiBeam","Guardian:CrystalBeam"],"picked":"SKIP","floor":29},{"not_picked":["Guardian:Gem_Green","Guardian:WalkerClaw+1"],"picked":"Guardian:Gem_Synthetic","floor":31},{"not_picked":["Guardian:Gem_Fragmented","Guardian:VentSteam+1","Guardian:Emergency"],"picked":"SKIP","floor":32}],"player_experience":409493,"relics_obtained":[{"floor":7,"key":"Matryoshka"},{"floor":10,"key":"AT_MibuBalloonWealth"},{"floor":24,"key":"Potion Belt"},{"floor":24,"key":"Bronze Scales"},{"floor":26,"key":"ZombieArmy"},{"floor":29,"key":"Toy Ornithopter"}],"event_choices":[{"damage_healed":0.0,"max_hp_gain":0.0,"max_hp_loss":0.0,"gold_gain":0.0,"event_name":"conspire:LoneGhost","player_choice":"Disagree","floor":3.0,"gold_loss":0.0,"damage_taken":0.0}],"is_beta":false,"boss_relics":[{"not_picked":["aspiration:RunicSpoon","Philosopher\u0027s Stone"],"picked":"Astrolabe"}],"items_purged_floors":[12,12,27],"is_endless":false,"potions_floor_spawned":[10,11,15,19,21,29,31],"killed_by":"DF_ARCHETYPE_CLAW","ascension_level":2}}