{"host":"Alvar","time":1612449560,"event":{"mods":["AchievementEnabler","BaseMod","Minty Spire (QoL Compilation)","StSLib"],"gold_per_floor":[112,33,33,33,52,52,79,101,140,185,197,236,266,308,320,403,415,437,449,461,491,503,503],"floor_reached":22,"language":"ENG","playtime":847,"items_purged":[],"score":454,"play_id":"6c0bde5c-ea97-4a1c-988f-8cc5448fb92a","local_time":"20210204213920","is_ascension_mode":true,"campfire_choices":[{"data":"Envenom","floor":6.0,"key":"SMITH"},{"floor":15.0,"key":"REST"}],"circlet_count":0,"master_deck":["AscendersBane","Survivor","Neutralize","Dagger Throw","Leg Sweep","Malaise","Poisoned Stab","Envenom+1","Venomology","Dodge and Roll","Calculated Gamble","Blade Dance","Skewer","Dagger Throw","Terror","Caltrops","Poisoned Stab","Dash","Catalyst","Burst","Escape Plan","Dagger Spray","RitualDagger"],"relics":["Pandora\u0027s Box","MawBank","Ancient Tea Set","Bottled Lightning","Dream Catcher","Bag of Marbles","Philosopher\u0027s Stone"],"acts_visited":["Exordium","TheCity"],"potions_floor_usage":[18,21],"damage_taken":[{"damage":9.0,"enemies":"Jaw Worm","floor":1.0,"turns":6.0},{"damage":0.0,"enemies":"Cultist","floor":5.0,"turns":3.0},{"damage":13.0,"enemies":"Lagavulin","floor":7.0,"turns":7.0},{"damage":0.0,"enemies":"Small Slimes","floor":8.0,"turns":3.0},{"damage":20.0,"enemies":"3 Sentries","floor":10.0,"turns":7.0},{"damage":0.0,"enemies":"Gremlin Nob","floor":12.0,"turns":3.0},{"damage":0.0,"enemies":"Exordium Wildlife","floor":13.0,"turns":4.0},{"damage":16.0,"enemies":"Slime Boss","floor":16.0,"turns":8.0},{"damage":16,"enemies":"2 Thieves","floor":18,"turns":4},{"damage":14,"enemies":"Spheric Guardian","floor":21,"turns":4}],"seed_played":"7967446574541741720","potions_obtained":[{"floor":13.0,"key":"Fire Potion"}],"is_trial":false,"path_per_floor":["M","$","?","$","M","R","E","M","T","E","T","E","M","?","R","B",null,"M","?","?","M","$"],"character_chosen":"THE_SILENT","items_purchased":["Fire Potion","Dagger Throw"],"campfire_rested":1,"item_purchase_floors":[2,2],"current_hp_per_floor":[50,50,50,50,50,50,37,37,37,17,17,17,17,17,36,20,55,39,39,33,19,19,19],"gold":503,"neow_bonus":"BOSS_RELIC","is_daily":false,"chose_seed":false,"campfire_upgraded":1,"win_rate":0.0,"timestamp":1612449560,"path_taken":["M","$","?","?","M","R","E","M","T","E","?","E","M","?","R","BOSS","M","?","?","M","$"],"items_purchased_type":["Potion","Card"],"build_version":"2020-12-18","purchased_purges":0,"victory":false,"max_hp_per_floor":[66,66,66,66,66,66,66,66,66,66,66,66,66,66,66,66,66,66,66,66,66,66,66],"card_choices":[{"not_picked":["Cloak And Dagger","Deflect"],"picked":"Skewer","floor":1.0},{"not_picked":["Concentrate","Heel Hook"],"picked":"Caltrops","floor":5.0},{"not_picked":["Poisoned Stab","Caltrops","Prepared"],"picked":"SKIP","floor":7.0},{"not_picked":["Caltrops","Prepared"],"picked":"Poisoned Stab","floor":7.0},{"not_picked":["Dagger Throw","Backstab"],"picked":"Dash","floor":8.0},{"not_picked":["Quick Slash","Backflip"],"picked":"Catalyst","floor":10.0},{"not_picked":["Catalyst","Quick Slash"],"picked":"Burst","floor":12.0},{"not_picked":["Prepared","Underhanded Strike","Backflip"],"picked":"SKIP","floor":13.0},{"not_picked":["Deflect","Quick Slash"],"picked":"Escape Plan","floor":15.0},{"not_picked":["Prepared","Masterful Stab"],"picked":"Dagger Spray","floor":18},{"not_picked":["Dagger Throw+1","Bane","Flying Knee"],"picked":"SKIP","floor":21}],"player_experience":799681,"relics_obtained":[{"floor":7.0,"key":"MawBank"},{"floor":9.0,"key":"Ancient Tea Set"},{"floor":10.0,"key":"Bottled Lightning"},{"floor":11.0,"key":"Dream Catcher"},{"floor":12.0,"key":"Bag of Marbles"}],"event_choices":[{"damage_healed":0.0,"max_hp_gain":0.0,"max_hp_loss":0.0,"gold_gain":0.0,"cards_transformed":["Distraction"],"event_name":"Transmorgrifier","player_choice":"Transformed","floor":3.0,"gold_loss":0.0,"damage_taken":0.0,"cards_obtained":["Terror"]},{"damage_healed":0.0,"max_hp_gain":0.0,"max_hp_loss":0.0,"gold_gain":30.0,"event_name":"Dead Adventurer","player_choice":"Searched \u00271\u0027 times","floor":14.0,"gold_loss":0.0,"damage_taken":0.0},{"damage_healed":0,"gold_gain":0,"player_choice":"Ignored","damage_taken":0,"max_hp_gain":0,"max_hp_loss":0,"event_name":"The Mausoleum","floor":19,"gold_loss":0},{"damage_healed":0,"gold_gain":0,"player_choice":"Joined the Cult","damage_taken":6,"max_hp_gain":0,"max_hp_loss":0,"event_name":"Nest","floor":20,"gold_loss":0,"cards_obtained":["RitualDagger"]}],"is_beta":true,"boss_relics":[{"not_picked":["WristBlade","Busted Crown"],"picked":"Philosopher\u0027s Stone"}],"items_purged_floors":[],"is_endless":false,"potions_floor_spawned":[5,8,13,16,21],"ascension_level":20}}