{"host":"dw8ij7emqco3quom","time":1612479945,"event":{"mods":["BaseMod","Minty Spire (QoL Compilation)"],"gold_per_floor":[112,123,53,63,77,77,93,113,113,138,138,168,168,168,168,264,264,250,268,268,193,193,222,222,322,322,322,337,337,337,337,337,437,437,448,448,271,371,384,384,410,410,410,330,361,361,178,178,178,178,178],"floor_reached":50,"language":"FRA","playtime":5882,"items_purged":[],"score":697,"play_id":"5981034a-dc25-4786-b52b-5278e265358f","local_time":"20210205000545","is_ascension_mode":true,"campfire_choices":[{"floor":6.0,"key":"REST"},{"floor":11.0,"key":"REST"},{"data":"Eviscerate","floor":13.0,"key":"SMITH"},{"floor":15.0,"key":"RECALL"},{"floor":24.0,"key":"REST"},{"floor":27.0,"key":"REST"},{"data":"Venomology","floor":29.0,"key":"SMITH"},{"data":"After Image","floor":32.0,"key":"SMITH"},{"data":"Venomology","floor":40.0,"key":"SMITH"},{"floor":42,"key":"REST"},{"data":"Dash","floor":49,"key":"SMITH"}],"circlet_count":0,"master_deck":["Strike_G","Strike_G","Defend_G","Survivor","Neutralize","Eviscerate+1","Dagger Spray","Venomology+1","Underhanded Strike","Dodge and Roll","PiercingWail","Dagger Throw","Backflip","After Image+1","Dodge and Roll+1","Acrobatics+1","Leg Sweep+1","Outmaneuver","Slice","Expertise","PiercingWail","Skewer+1","Setup+1","Venomology+1","Flying Knee+1","Eviscerate","Infinite Blades+1","Reflex+1","Heel Hook","Footwork","Dash+1","Madness","Madness"],"relics":["Ring of the Serpent","Omamori","Bottled Lightning","Toy Ornithopter","Astrolabe","Du-Vu Doll","Turnip","Potion Belt","Gremlin Horn","Lantern","Lee\u0027s Waffle"],"acts_visited":["Exordium","TheCity","TheBeyond"],"potions_floor_usage":[41,41,41,41,41,41,41,45,45,50,50,50,50],"damage_taken":[{"damage":0.0,"enemies":"Cultist","floor":1.0,"turns":4.0},{"damage":7.0,"enemies":"Jaw Worm","floor":2.0,"turns":5.0},{"damage":11.0,"enemies":"2 Louse","floor":4.0,"turns":2.0},{"damage":6.0,"enemies":"2 Fungi Beasts","floor":5.0,"turns":3.0},{"damage":9.0,"enemies":"Exordium Thugs","floor":7.0,"turns":6.0},{"damage":0.0,"enemies":"3 Louse","floor":8.0,"turns":3.0},{"damage":15.0,"enemies":"3 Sentries","floor":10.0,"turns":6.0},{"damage":28.0,"enemies":"Gremlin Nob","floor":12.0,"turns":4.0},{"damage":0.0,"enemies":"Lagavulin","floor":14.0,"turns":1.0},{"damage":98.0,"enemies":"Hexaghost","floor":16.0,"turns":17.0},{"damage":22.0,"enemies":"2 Thieves","floor":18.0,"turns":4.0},{"damage":0.0,"enemies":"3 Byrds","floor":19.0,"turns":4.0},{"damage":55.0,"enemies":"Gremlin Leader","floor":23.0,"turns":8.0},{"damage":12.0,"enemies":"Snecko","floor":28.0,"turns":7.0},{"damage":0.0,"enemies":"Centurion and Healer","floor":31.0,"turns":1.0},{"damage":57.0,"enemies":"Collector","floor":33.0,"turns":13.0},{"damage":8.0,"enemies":"3 Darklings","floor":35.0,"turns":9.0},{"damage":0.0,"enemies":"Orb Walker","floor":36.0,"turns":1.0},{"damage":35.0,"enemies":"Spire Growth","floor":39.0,"turns":6.0},{"damage":24,"enemies":"Reptomancer","floor":41,"turns":7},{"damage":33,"enemies":"Nemesis","floor":45,"turns":7},{"damage":100,"enemies":"Awakened One","floor":50,"turns":22}],"seed_played":"-5505838383518845077","potions_obtained":[{"floor":4.0,"key":"Regen Potion"},{"floor":10.0,"key":"Explosive Potion"},{"floor":16.0,"key":"Ancient Potion"},{"floor":18.0,"key":"GamblersBrew"},{"floor":23.0,"key":"SkillPotion"},{"floor":35.0,"key":"SmokeBomb"},{"floor":39.0,"key":"BlessingOfTheForge"}],"is_trial":false,"path_per_floor":["M","M","$","M","M","R","M","M","T","E","R","E","R","E","R","B",null,"M","M","?","?","?","E","R","?","T","R","M","R","?","M","R","B",null,"M","M","$","?","M","R","E","R","T","$","E","?","$","?","R","B"],"character_chosen":"THE_SILENT","items_purchased":["Venomology","Potion Belt","Eviscerate","Heel Hook","Lee\u0027s Waffle","Dash"],"campfire_rested":5,"item_purchase_floors":[3,37,37,44,47,47],"current_hp_per_floor":[70,63,63,52,46,69,73,73,73,58,77,49,49,54,54,9,60,38,43,68,68,68,22,45,45,45,68,61,61,61,66,66,24,64,61,66,66,66,41,41,52,75,75,75,44,44,84,73,73,0,0],"gold":178,"neow_bonus":"TEN_PERCENT_HP_BONUS","is_daily":false,"chose_seed":false,"campfire_upgraded":5,"win_rate":0.0,"timestamp":1612479945,"path_taken":["M","M","?","?","M","R","?","M","T","E","R","E","R","E","R","BOSS","M","M","?","?","?","E","R","?","T","R","?","R","?","M","R","BOSS","M","M","$","?","M","R","E","R","T","?","E","?","$","?","R","BOSS"],"items_purchased_type":["Card","Relic","Card","Card","Relic","Card"],"build_version":"2020-12-22","purchased_purges":0,"victory":false,"max_hp_per_floor":[77,77,77,77,77,77,77,77,77,77,77,77,77,77,77,77,77,77,77,77,77,77,77,77,77,77,77,77,77,77,77,77,77,77,77,77,77,77,77,77,77,77,77,77,77,77,84,84,84,84,84],"card_choices":[{"not_picked":["Bane","Dodge and Roll"],"picked":"Eviscerate","floor":1.0},{"not_picked":["Cloak And Dagger","Escape Plan"],"picked":"Dagger Spray","floor":2.0},{"not_picked":["Predator","Distraction"],"picked":"Underhanded Strike","floor":4.0},{"not_picked":["Predator","Deflect"],"picked":"Dodge and Roll","floor":5.0},{"not_picked":["Heel Hook","Dagger Spray"],"picked":"PiercingWail","floor":7.0},{"not_picked":["Prepared","Backflip"],"picked":"Dagger Throw","floor":8.0},{"not_picked":["Crippling Poison","Finisher"],"picked":"Backflip","floor":10.0},{"not_picked":["Envenom","Quick Slash","Riddle With Holes"],"picked":"SKIP","floor":12.0},{"not_picked":["Malaise","Die Die Die"],"picked":"After Image","floor":16.0},{"not_picked":["Dagger Spray","Blade Dance"],"picked":"Outmaneuver","floor":18.0},{"not_picked":["Endless Agony","Sucker Punch"],"picked":"Slice","floor":19.0},{"not_picked":["Heel Hook+1","Dagger Spray+1"],"picked":"Skewer+1","floor":23.0},{"not_picked":["Bane","Slice"],"picked":"Setup+1","floor":28.0},{"not_picked":["Glass Knife","Doppelganger"],"picked":"Venomology","floor":33.0},{"not_picked":["Poisoned Stab","PiercingWail+1"],"picked":"Flying Knee+1","floor":35.0},{"not_picked":["Setup","Blade Dance+1"],"picked":"Infinite Blades+1","floor":39.0},{"not_picked":["Crippling Poison","Bouncing Flask+1"],"picked":"Reflex+1","floor":41},{"not_picked":["Backflip","Escape Plan+1"],"picked":"Footwork","floor":45}],"player_experience":699051,"relics_obtained":[{"floor":9.0,"key":"Omamori"},{"floor":10.0,"key":"Bottled Lightning"},{"floor":12.0,"key":"Toy Ornithopter"},{"floor":23.0,"key":"Du-Vu Doll"},{"floor":26.0,"key":"Turnip"},{"floor":41,"key":"Gremlin Horn"},{"floor":45,"key":"Lantern"}],"event_choices":[{"damage_healed":25.0,"max_hp_gain":0.0,"max_hp_loss":0.0,"gold_gain":0.0,"event_name":"The Library","player_choice":"Heal","floor":20.0,"gold_loss":0.0,"damage_taken":0.0},{"cards_removed":["Defend_G"],"damage_healed":0.0,"max_hp_gain":0.0,"max_hp_loss":0.0,"gold_gain":0.0,"event_name":"Beggar","player_choice":"Gave Gold","floor":21.0,"gold_loss":75.0,"damage_taken":0.0},{"damage_healed":0.0,"max_hp_gain":0.0,"max_hp_loss":0.0,"gold_gain":0.0,"cards_transformed":["Strike_G","Defend_G"],"event_name":"Drug Dealer","player_choice":"Became Test Subject","floor":22.0,"gold_loss":0.0,"damage_taken":0.0,"cards_obtained":["Expertise","PiercingWail"]},{"damage_healed":0.0,"max_hp_gain":0.0,"max_hp_loss":0.0,"gold_gain":100.0,"event_name":"Golden Shrine","player_choice":"Pray","floor":25.0,"gold_loss":0.0,"damage_taken":0.0},{"cards_removed":["Defend_G"],"damage_healed":0.0,"max_hp_gain":0.0,"max_hp_loss":0.0,"gold_gain":0.0,"event_name":"Purifier","player_choice":"Purged","floor":30.0,"gold_loss":0.0,"damage_taken":0.0},{"damage_healed":0.0,"max_hp_gain":0.0,"max_hp_loss":0.0,"gold_gain":100.0,"event_name":"Golden Shrine","player_choice":"Pray","floor":38.0,"gold_loss":0.0,"damage_taken":0.0},{"damage_healed":0,"gold_gain":0,"player_choice":"Ignored","damage_taken":0,"max_hp_gain":0,"max_hp_loss":0,"event_name":"Tomb of Lord Red Mask","floor":46,"gold_loss":0},{"damage_healed":0,"gold_gain":0,"player_choice":"Embrace Madness","damage_taken":11,"max_hp_gain":0,"max_hp_loss":0,"event_name":"Winding Halls","floor":48,"gold_loss":0,"cards_obtained":["Madness","Madness"]}],"is_beta":false,"boss_relics":[{"not_picked":["Snecko Eye","Empty Cage"],"picked":"Astrolabe"},{"not_picked":["Sozu","Velvet Choker"],"picked":"Ring of the Serpent"}],"items_purged_floors":[],"is_endless":false,"potions_floor_spawned":[4,5,10,14,16,18,19,23,35,39],"killed_by":"Awakened One","ascension_level":6}}