{"host":"pq8o62wp0h1hflf3","time":1612467410,"event":{"mods":["BaseMod","Colored Map","Minty Spire (QoL Compilation)","Relic Stats","ojb\u0027s Info Mod"],"gold_per_floor":[119,119,130,130,140,171,171,197,197,197,209,223,19,19,19,96,96,115,133,58,58,58,58,71,82,82,96,96,127,141,241,241,319,319,335,335,355,367,367,395,395,409,462,462,462,462,475,503,503,503,503,503,503,41,41,41],"floor_reached":55,"language":"ENG","playtime":4850,"items_purged":["Strike_R","Rupture+1"],"score":1813,"play_id":"21b1ee92-a9c2-46e0-b872-5c876595bb94","local_time":"20210204143650","is_ascension_mode":true,"campfire_choices":[{"data":"Inflame","floor":7,"key":"SMITH"},{"data":"Bash","floor":10,"key":"SMITH"},{"data":"Combust","floor":15,"key":"SMITH"},{"floor":23,"key":"REST"},{"data":"Immolate","floor":28,"key":"SMITH"},{"data":"Rupture","floor":32,"key":"SMITH"},{"floor":41,"key":"RECALL"},{"data":"Shrug It Off","floor":44,"key":"SMITH"},{"data":"Limit Break","floor":49,"key":"SMITH"},{"data":"Shockwave","floor":53,"key":"SMITH"}],"circlet_count":0,"master_deck":["AscendersBane","Strike_R","Strike_R+1","Strike_R","Defend_R","Defend_R","Defend_R","Defend_R","Bash+1","Cleave+1","Inflame+1","Shrug It Off+1","Pummel+1","Shockwave","Clothesline+1","Combust+1","Feed","True Grit","Shockwave+1","Immolate+1","Pommel Strike","Shrug It Off+1","Reaper","Battle Trance","Deep Breath","Shrug It Off+1","Limit Break+1","Whirlwind"],"relics":["Burning Blood","NeowsBlessing","Torii","TungstenRod","FossilizedHelix","Philosopher\u0027s Stone","Nilry\u0027s Codex","Gremlin Horn","Orichalcum","Incense Burner","Self Forming Clay","Coffee Dripper","Spirit Poop","Toy Ornithopter","Eternal Feather","Whetstone","Ornamental Fan"],"acts_visited":["Exordium","TheCity","TheBeyond","TheEnding"],"potions_floor_usage":[6,16,18,19,27,38,47,48,51],"damage_taken":[{"damage":0,"enemies":"2 Louse","floor":1,"turns":1},{"damage":0,"enemies":"Small Slimes","floor":3,"turns":1},{"damage":0,"enemies":"Cultist","floor":5,"turns":1},{"damage":32,"enemies":"Lagavulin","floor":6,"turns":7},{"damage":32,"enemies":"Gremlin Nob","floor":8,"turns":4},{"damage":0,"enemies":"Gremlin Gang","floor":11,"turns":2},{"damage":0,"enemies":"2 Fungi Beasts","floor":12,"turns":2},{"damage":7,"enemies":"Slime Boss","floor":16,"turns":7},{"damage":15,"enemies":"3 Byrds","floor":18,"turns":3},{"damage":27,"enemies":"Spheric Guardian","floor":19,"turns":6},{"damage":0,"enemies":"Centurion and Healer","floor":24,"turns":5},{"damage":0,"enemies":"3 Cultists","floor":25,"turns":4},{"damage":5,"enemies":"Snecko","floor":27,"turns":5},{"damage":28,"enemies":"Gremlin Leader","floor":29,"turns":7},{"damage":9,"enemies":"Centurion and Healer","floor":30,"turns":6},{"damage":0,"enemies":"Colosseum Slavers","floor":31,"turns":3},{"damage":0,"enemies":"Colosseum Nobs","floor":31,"turns":4},{"damage":45,"enemies":"Automaton","floor":33,"turns":10},{"damage":5,"enemies":"3 Darklings","floor":35,"turns":7},{"damage":0,"enemies":"3 Shapes","floor":37,"turns":2},{"damage":22,"enemies":"Maw","floor":38,"turns":8},{"damage":68,"enemies":"Nemesis","floor":40,"turns":11},{"damage":24,"enemies":"Sphere and 2 Shapes","floor":42,"turns":4},{"damage":30,"enemies":"Spire Growth","floor":47,"turns":5},{"damage":25,"enemies":"Reptomancer","floor":48,"turns":5},{"damage":66,"enemies":"Awakened One","floor":50,"turns":9},{"damage":85,"enemies":"Donu and Deca","floor":51,"turns":8},{"damage":92,"enemies":"Shield and Spear","floor":55,"turns":8}],"seed_played":"6274253790190178619","potions_obtained":[{"floor":4,"key":"FearPotion"},{"floor":4,"key":"Explosive Potion"},{"floor":11,"key":"Swift Potion"},{"floor":16,"key":"ColorlessPotion"},{"floor":18,"key":"Block Potion"},{"floor":24,"key":"Energy Potion"},{"floor":27,"key":"SmokeBomb"},{"floor":37,"key":"SkillPotion"},{"floor":40,"key":"AttackPotion"},{"floor":48,"key":"Weak Potion"}],"is_trial":false,"path_per_floor":["M","?","M","?","M","E","R","E","T","R","M","M","$","?","R","B",null,"M","M","$","?","?","R","M","M","T","M","R","E","M","?","R","B",null,"M","?","M","M","?","E","R","M","T","R","?","T","M","E","R","B","B",null,"R","$","E"],"character_chosen":"IRONCLAD","items_purchased":["Feed","True Grit","Ornamental Fan","Weak Potion","Whirlwind"],"campfire_rested":1,"item_purchase_floors":[13,13,54,54,54],"current_hp_per_floor":[74,51,57,57,63,37,37,11,11,11,17,23,23,23,23,25,65,56,35,35,18,18,41,50,59,59,63,63,44,44,62,62,23,80,81,81,102,89,80,22,22,21,21,21,89,89,80,92,92,92,55,83,92,92,0,0],"gold":41,"neow_bonus":"THREE_ENEMY_KILL","is_daily":false,"chose_seed":false,"campfire_upgraded":8,"win_rate":0.0,"timestamp":1612467410,"path_taken":["M","?","M","?","?","E","R","E","T","R","M","?","$","?","R","BOSS","M","M","$","?","?","R","M","?","T","M","R","E","M","?","R","BOSS","M","?","?","M","?","E","R","M","T","R","?","?","M","E","R","BOSS","BOSS","R","$","E"],"items_purchased_type":["Card","Card","Relic","Potion","Card"],"build_version":"2020-12-22","purchased_purges":2,"victory":false,"max_hp_per_floor":[75,75,75,75,75,75,75,75,75,75,75,75,75,75,75,78,78,78,78,78,78,78,78,81,84,84,87,87,90,93,99,99,99,99,99,99,102,105,105,105,105,108,108,108,89,89,89,92,92,92,92,92,92,92,92,92],"relic_stats":{"Torii":40,"Gremlin Horn":[25,28],"counters":[28,145],"Self Forming Clay":[120],"Ornamental Fan":[4],"Eternal Feather":9,"Whetstone":["Pummel","Clothesline"],"Orichalcum":[138],"obtain_stats":[{"NeowsBlessing":0,"Torii":6,"Gremlin Horn":26,"Nilry\u0027s Codex":21,"Self Forming Clay":31,"Spirit Poop":36,"Eternal Feather":46,"Incense Burner":31,"Whetstone":48,"Orichalcum":29,"Burning Blood":0,"Ornamental Fan":54,"Philosopher\u0027s Stone":17,"Coffee Dripper":34,"TungstenRod":8,"FossilizedHelix":9,"Toy Ornithopter":40},{"NeowsBlessing":0,"Torii":4,"Gremlin Horn":12,"Nilry\u0027s Codex":10,"Self Forming Clay":17,"Spirit Poop":19,"Eternal Feather":23,"Incense Burner":17,"Whetstone":25,"Orichalcum":14,"Burning Blood":0,"Ornamental Fan":27,"Philosopher\u0027s Stone":8,"Coffee Dripper":18,"TungstenRod":5,"FossilizedHelix":5,"Toy Ornithopter":22},{"NeowsBlessing":0,"Torii":10,"Gremlin Horn":43,"Nilry\u0027s Codex":34,"Self Forming Clay":68,"Spirit Poop":85,"Eternal Feather":110,"Incense Burner":68,"Whetstone":120,"Orichalcum":55,"Burning Blood":0,"Ornamental Fan":137,"Philosopher\u0027s Stone":25,"Coffee Dripper":78,"TungstenRod":14,"FossilizedHelix":14,"Toy Ornithopter":106}],"Burning Blood":150,"TungstenRod":120,"Toy Ornithopter":15},"card_choices":[{"not_picked":["Armaments","Pommel Strike"],"picked":"Cleave","floor":1},{"not_picked":["Dual Wield","Perfected Strike"],"picked":"Inflame","floor":3},{"not_picked":["Warcry","Perfected Strike"],"picked":"Shrug It Off","floor":5},{"not_picked":["Flex","Body Slam"],"picked":"Pummel","floor":6},{"not_picked":["Reckless Charge","Thunderclap"],"picked":"Shockwave","floor":8},{"not_picked":["Dark Embrace","Burning Pact"],"picked":"Clothesline","floor":11},{"not_picked":["Shockwave","Perfected Strike"],"picked":"Combust","floor":12},{"not_picked":["Fiend Fire","Impervious"],"picked":"Immolate","floor":16},{"not_picked":["Twin Strike","Clash","Body Slam+1"],"picked":"SKIP","floor":18},{"not_picked":["Blood for Blood","Dual Wield"],"picked":"Pommel Strike","floor":19},{"not_picked":["Twin Strike","Perfected Strike+1","Fire Breathing"],"picked":"SKIP","floor":24},{"not_picked":["Iron Wave","Wild Strike"],"picked":"Shrug It Off+1","floor":25},{"not_picked":["True Grit","Havoc","Wild Strike"],"picked":"SKIP","floor":27},{"not_picked":["True Grit","Havoc","Wild Strike"],"picked":"SKIP","floor":27},{"not_picked":["Clash","Power Through","Ghostly Armor"],"picked":"SKIP","floor":29},{"not_picked":["Clash","Power Through","Ghostly Armor"],"picked":"SKIP","floor":29},{"not_picked":["Infernal Blade","Heavy Blade","True Grit"],"picked":"SKIP","floor":30},{"not_picked":["Sentinel","Limit Break"],"picked":"Rupture","floor":31},{"not_picked":["Limit Break","Feed"],"picked":"Reaper","floor":33},{"not_picked":["Clothesline","Flex","Infernal Blade+1"],"picked":"SKIP","floor":35},{"not_picked":["Heavy Blade+1","Reckless Charge+1"],"picked":"Battle Trance","floor":37},{"not_picked":["Iron Wave","Clothesline+1","Sever Soul"],"picked":"SKIP","floor":38},{"not_picked":["Good Instincts","Bandage Up"],"picked":"Deep Breath","floor":39},{"not_picked":["Perfected Strike","Sentinel+1","Heavy Blade"],"picked":"SKIP","floor":40},{"not_picked":["True Grit","Clash"],"picked":"Shrug It Off+1","floor":42},{"not_picked":["Rage","Dropkick","Seeing Red"],"picked":"SKIP","floor":47},{"not_picked":["Metallicize","True Grit+1"],"picked":"Limit Break","floor":48}],"player_experience":1181617,"relics_obtained":[{"floor":6,"key":"Torii"},{"floor":8,"key":"TungstenRod"},{"floor":9,"key":"FossilizedHelix"},{"floor":21,"key":"Nilry\u0027s Codex"},{"floor":26,"key":"Gremlin Horn"},{"floor":29,"key":"Orichalcum"},{"floor":31,"key":"Incense Burner"},{"floor":31,"key":"Self Forming Clay"},{"floor":40,"key":"Toy Ornithopter"},{"floor":46,"key":"Eternal Feather"},{"floor":48,"key":"Whetstone"}],"event_choices":[{"damage_healed":0,"gold_gain":0,"player_choice":"Entered Light","damage_taken":23,"max_hp_gain":0,"max_hp_loss":0,"event_name":"Shining Light","floor":2,"gold_loss":0,"cards_upgraded":["Cleave","Strike_R"]},{"damage_healed":0,"gold_gain":0,"player_choice":"Got Potions","damage_taken":0,"max_hp_gain":0,"max_hp_loss":0,"event_name":"Lab","floor":4,"gold_loss":0},{"damage_healed":0,"gold_gain":0,"cards_transformed":["Strike_R"],"player_choice":"Change","damage_taken":0,"max_hp_gain":0,"max_hp_loss":0,"event_name":"Living Wall","floor":14,"gold_loss":0,"cards_obtained":["Shockwave"]},{"damage_healed":0,"gold_gain":0,"player_choice":"Obtained Book","damage_taken":21,"max_hp_gain":0,"max_hp_loss":0,"event_name":"Cursed Tome","floor":21,"gold_loss":0},{"damage_healed":0,"gold_gain":0,"player_choice":"Cursed","damage_taken":0,"max_hp_gain":0,"max_hp_loss":0,"event_name":"Wheel of Change","floor":22,"gold_loss":0,"cards_obtained":["Decay"]},{"damage_healed":0,"gold_gain":0,"player_choice":"Fight","damage_taken":0,"max_hp_gain":0,"max_hp_loss":0,"event_name":"Colosseum","floor":31,"gold_loss":0},{"damage_healed":0,"gold_gain":0,"player_choice":"Fought Nobs","damage_taken":0,"max_hp_gain":0,"max_hp_loss":0,"event_name":"Colosseum","floor":31,"gold_loss":0},{"cards_removed":["Decay"],"damage_healed":0,"gold_gain":0,"player_choice":"Offered Curse","damage_taken":0,"relics_obtained":["Spirit Poop"],"max_hp_gain":0,"max_hp_loss":0,"event_name":"Bonfire Elementals","floor":36,"gold_loss":0},{"damage_healed":0,"gold_gain":0,"player_choice":"Memory 3","damage_taken":10,"max_hp_gain":0,"max_hp_loss":0,"event_name":"SensoryStone","floor":39,"gold_loss":0},{"damage_healed":89,"gold_gain":0,"player_choice":"Heal","damage_taken":0,"max_hp_gain":0,"max_hp_loss":19,"event_name":"The Moai Head","floor":45,"gold_loss":0}],"is_beta":false,"boss_relics":[{"not_picked":["Runic Cube","Runic Pyramid"],"picked":"Philosopher\u0027s Stone"},{"not_picked":["Tiny House","Astrolabe"],"picked":"Coffee Dripper"}],"items_purged_floors":[20,54],"is_endless":false,"potions_floor_spawned":[11,16,18,24,27,29,37,40,48],"killed_by":"Shield and Spear","ascension_level":20}}