{"host":"xcuflocadasoaqda","time":1612464336,"event":{"mods":["BaseMod","Bestiary","Filter the Spire","Minty Spire (QoL Compilation)","Relic Stats"],"gold_per_floor":[111,36,36,52,52,52,81,81,81,81,94,122,141,141,141,212,212,230,230,241,241,241,241,274,274,320,320,336,366,376,133,133,210,210,230,120,20,31,51,79,91,91,91,91,91,104,133,133,133,133,133,133,133,8,38,38],"floor_reached":57,"language":"ENG","playtime":3990,"items_purged":["Outmaneuver","Bane","Skewer"],"score":2812,"play_id":"040cd238-eeda-41ec-b6ab-22a20dc638fc","local_time":"20210204124536","is_ascension_mode":true,"campfire_choices":[{"floor":6.0,"key":"REST"},{"floor":10.0,"key":"REST"},{"data":"Noxious Fumes","floor":15.0,"key":"SMITH"},{"data":"Ghostly","floor":23.0,"key":"SMITH"},{"data":"Ghostly","floor":25.0,"key":"SMITH"},{"data":"Ghostly","floor":27.0,"key":"SMITH"},{"data":"Well Laid Plans","floor":32.0,"key":"SMITH"},{"data":"Setup","floor":42,"key":"SMITH"},{"floor":44,"key":"RECALL"},{"data":"Catalyst","floor":49,"key":"SMITH"},{"data":"Tactician","floor":53,"key":"SMITH"}],"circlet_count":0,"master_deck":["AscendersBane","Survivor","Neutralize","Underhanded Strike","After Image","Setup+1","Bouncing Flask+1","Noxious Fumes+1","Backflip","Wraith Form v2+1","Tools of the Trade+1","CurseOfTheBell","PiercingWail","Grand Finale","Ghostly+1","Ghostly+1","Ghostly+1","Calculated Gamble","Adrenaline","Tactician+1","After Image+1","Prepared+1","Reflex+1","Catalyst+1"],"relics":["Pandora\u0027s Box","Regal Pillow","Gambling Chip","Frozen Egg 2","Gremlin Horn","Centennial Puzzle","Calling Bell","Snake Skull","Meat on the Bone","Pocketwatch","Nilry\u0027s Codex","Prayer Wheel","Omamori","ClockworkSouvenir","Runic Pyramid","Eternal Feather","Ornamental Fan","Bronze Scales","Vajra"],"acts_visited":["Exordium","TheCity","TheBeyond","TheEnding"],"potions_floor_usage":[56,56],"damage_taken":[{"damage":5.0,"enemies":"Cultist","floor":1.0,"turns":4.0},{"damage":4.0,"enemies":"Jaw Worm","floor":4.0,"turns":3.0},{"damage":37.0,"enemies":"3 Sentries","floor":7.0,"turns":9.0},{"damage":6.0,"enemies":"2 Louse","floor":11.0,"turns":3.0},{"damage":0.0,"enemies":"Lagavulin","floor":12.0,"turns":6.0},{"damage":3.0,"enemies":"2 Fungi Beasts","floor":13.0,"turns":3.0},{"damage":10.0,"enemies":"The Guardian","floor":16.0,"turns":8.0},{"damage":0.0,"enemies":"Spheric Guardian","floor":18.0,"turns":5.0},{"damage":5.0,"enemies":"Shell Parasite","floor":20.0,"turns":5.0},{"damage":0.0,"enemies":"Gremlin Leader","floor":24.0,"turns":6.0},{"damage":0.0,"enemies":"Snake Plant","floor":28.0,"turns":5.0},{"damage":8.0,"enemies":"Slavers","floor":29.0,"turns":7.0},{"damage":1.0,"enemies":"Cultist and Chosen","floor":30.0,"turns":7.0},{"damage":14.0,"enemies":"Champ","floor":33.0,"turns":11.0},{"damage":0,"enemies":"3 Shapes","floor":35,"turns":5},{"damage":0,"enemies":"Orb Walker","floor":38,"turns":5},{"damage":0,"enemies":"Spire Growth","floor":39,"turns":6},{"damage":0,"enemies":"Giant Head","floor":40,"turns":8},{"damage":0,"enemies":"Maw","floor":41,"turns":7},{"damage":2,"enemies":"4 Shapes","floor":46,"turns":4},{"damage":2,"enemies":"Nemesis","floor":47,"turns":11},{"damage":5,"enemies":"Donu and Deca","floor":50,"turns":9},{"damage":2,"enemies":"Awakened One","floor":51,"turns":10},{"damage":9,"enemies":"Shield and Spear","floor":55,"turns":8},{"damage":6,"enemies":"The Heart","floor":56,"turns":8}],"seed_played":"1061745164116877568","potions_obtained":[{"floor":4.0,"key":"SmokeBomb"},{"floor":12.0,"key":"Explosive Potion"},{"floor":13.0,"key":"Energy Potion"},{"floor":16.0,"key":"Ancient Potion"},{"floor":28.0,"key":"LiquidMemories"}],"is_trial":false,"path_per_floor":["M","?","?","M","$","R","E","T","T","R","M","E","M","?","R","B",null,"M","?","M","?","?","R","E","R","T","R","M","E","M","$","R","B",null,"M","?","$","M","M","E","M","R","T","R","$","M","E","?","R","B","B",null,"R","$","E","B",null],"character_chosen":"THE_SILENT","items_purchased":["ClockworkSouvenir"],"campfire_rested":2,"item_purchase_floors":[31],"current_hp_per_floor":[54,54,9,5,5,39,2,2,2,36,30,30,27,27,27,17,54,54,33,40,40,33,33,33,33,33,33,33,25,24,24,24,22,30,30,30,30,30,30,30,30,33,33,33,33,31,29,29,33,28,26,31,33,33,24,18],"gold":38,"neow_bonus":"BOSS_RELIC","is_daily":false,"chose_seed":false,"campfire_upgraded":8,"win_rate":0.0,"timestamp":1612464336,"path_taken":["M","?","?","M","$","R","E","?","T","R","M","E","M","?","R","BOSS","M","?","M","?","?","R","E","R","T","R","M","E","M","$","R","BOSS","M","?","?","M","?","E","M","R","T","R","$","M","E","?","R","BOSS","BOSS","R","$","E","BOSS"],"items_purchased_type":["Relic"],"build_version":"2020-12-22","purchased_purges":3,"victory":true,"max_hp_per_floor":[66,66,66,66,66,66,66,66,66,66,66,66,66,66,66,66,66,66,66,66,66,33,33,33,33,33,33,33,33,33,33,33,33,33,33,33,33,33,33,33,33,33,33,33,33,33,33,33,33,33,33,33,33,33,33,33],"relic_stats":{"Regal Pillow":30,"Gremlin Horn":[19,19],"counters":[25,163],"Eternal Feather":9,"Snake Skull":[298],"Centennial Puzzle":[36],"Ornamental Fan":[36],"Gambling Chip":[60],"Bronze Scales":[221],"Pandora\u0027s Box":["Underhanded Strike","After Image","Setup","Outmaneuver","Endless Agony","Storm of Steel","Bouncing Flask","Setup","Outmaneuver","Noxious Fumes"],"Prayer Wheel":7,"obtain_stats":[{"Regal Pillow":3,"Gremlin Horn":9,"Nilry\u0027s Codex":19,"Vajra":55,"Eternal Feather":40,"Snake Skull":17,"Omamori":29,"Frozen Egg 2":8,"ClockworkSouvenir":31,"Calling Bell":17,"Centennial Puzzle":12,"Ornamental Fan":43,"Gambling Chip":7,"Bronze Scales":47,"Pandora\u0027s Box":0,"Prayer Wheel":24,"Ring of the Snake":0,"Meat on the Bone":17,"Pocketwatch":17,"Runic Pyramid":34},{"Regal Pillow":1,"Gremlin Horn":3,"Nilry\u0027s Codex":8,"Vajra":24,"Eternal Feather":18,"Snake Skull":7,"Omamori":12,"Frozen Egg 2":3,"ClockworkSouvenir":13,"Calling Bell":7,"Centennial Puzzle":5,"Ornamental Fan":19,"Gambling Chip":3,"Bronze Scales":21,"Pandora\u0027s Box":0,"Prayer Wheel":10,"Ring of the Snake":0,"Meat on the Bone":7,"Pocketwatch":7,"Runic Pyramid":14},{"Regal Pillow":4,"Gremlin Horn":16,"Nilry\u0027s Codex":41,"Vajra":155,"Eternal Feather":106,"Snake Skull":36,"Omamori":64,"Frozen Egg 2":16,"ClockworkSouvenir":71,"Calling Bell":36,"Centennial Puzzle":25,"Ornamental Fan":113,"Gambling Chip":16,"Bronze Scales":128,"Pandora\u0027s Box":0,"Prayer Wheel":52,"Ring of the Snake":0,"Meat on the Bone":36,"Pocketwatch":36,"Runic Pyramid":82}],"Meat on the Bone":24,"Pocketwatch":[79]},"card_choices":[{"not_picked":["Prepared","Flying Knee"],"picked":"Well Laid Plans","floor":1.0},{"not_picked":["Prepared","Endless Agony"],"picked":"Bane","floor":4.0},{"not_picked":["Deflect","Sucker Punch"],"picked":"Dodge and Roll","floor":7.0},{"not_picked":["Outmaneuver","Crippling Poison"],"picked":"Backflip","floor":11.0},{"not_picked":["Masterful Stab","A Thousand Cuts+1"],"picked":"Wraith Form v2+1","floor":12.0},{"not_picked":["Sucker Punch","Deflect","Tactician"],"picked":"SKIP","floor":13.0},{"not_picked":["Grand Finale","After Image+1"],"picked":"Tools of the Trade+1","floor":16.0},{"not_picked":["Dagger Spray","Flying Knee+1","Bane"],"picked":"SKIP","floor":18.0},{"not_picked":["Distraction+1","Dodge and Roll"],"picked":"PiercingWail","floor":20.0},{"not_picked":["Escape Plan","Backflip"],"picked":"Calculated Gamble","floor":24.0},{"not_picked":["Sucker Punch","Poisoned Stab"],"picked":"Adrenaline","floor":28.0},{"not_picked":["Choke","Sucker Punch","Accuracy+1"],"picked":"SKIP","floor":28.0},{"not_picked":["Eviscerate","Concentrate","Quick Slash"],"picked":"SKIP","floor":29.0},{"not_picked":["Deflect+1","Slice"],"picked":"Tactician","floor":30.0},{"not_picked":["Prepared+1","Deadly Poison","Riddle With Holes+1"],"picked":"SKIP","floor":30.0},{"not_picked":["Glass Knife","Phantasmal Killer"],"picked":"After Image+1","floor":33.0},{"not_picked":["Deadly Poison","Bane","Underhanded Strike"],"picked":"SKIP","floor":35},{"not_picked":["Bane","Dagger Throw","Poisoned Stab+1"],"picked":"SKIP","floor":35},{"not_picked":["Dash","Flying Knee+1","Masterful Stab+1"],"picked":"SKIP","floor":38},{"not_picked":["Bane+1","Cloak And Dagger","Deadly Poison"],"picked":"SKIP","floor":38},{"not_picked":["Dash","Underhanded Strike"],"picked":"Prepared+1","floor":39},{"not_picked":["Flying Knee","Poisoned Stab","Bane+1"],"picked":"SKIP","floor":39},{"not_picked":["All Out Attack+1","Bane","PiercingWail"],"picked":"SKIP","floor":40},{"not_picked":["Flechettes","Finisher"],"picked":"Reflex+1","floor":41},{"not_picked":["Predator","Flying Knee","Underhanded Strike+1"],"picked":"SKIP","floor":41},{"not_picked":["Quick Slash","Footwork+1","A Thousand Cuts+1"],"picked":"SKIP","floor":46},{"not_picked":["All Out Attack","Dagger Throw","Crippling Poison+1"],"picked":"SKIP","floor":46},{"not_picked":["Backflip","Sucker Punch"],"picked":"Catalyst","floor":47},{"not_picked":["Reflex+1","Bane","Dodge and Roll"],"picked":"SKIP","floor":55}],"player_experience":1898230,"relics_obtained":[{"floor":7.0,"key":"Gambling Chip"},{"floor":8.0,"key":"Frozen Egg 2"},{"floor":9.0,"key":"Gremlin Horn"},{"floor":12.0,"key":"Centennial Puzzle"},{"floor":17.0,"key":"Snake Skull"},{"floor":17.0,"key":"Meat on the Bone"},{"floor":17.0,"key":"Pocketwatch"},{"floor":19.0,"key":"Nilry\u0027s Codex"},{"floor":24.0,"key":"Prayer Wheel"},{"floor":29.0,"key":"Omamori"},{"floor":40,"key":"Eternal Feather"},{"floor":43,"key":"Ornamental Fan"},{"floor":47,"key":"Bronze Scales"},{"floor":55,"key":"Vajra"}],"event_choices":[{"cards_removed":["Setup"],"damage_healed":0.0,"max_hp_gain":0.0,"max_hp_loss":0.0,"gold_gain":0.0,"event_name":"The Cleric","player_choice":"Card Removal","floor":2.0,"gold_loss":75.0,"damage_taken":0.0},{"damage_healed":0.0,"max_hp_gain":0.0,"max_hp_loss":0.0,"gold_gain":0.0,"event_name":"Scrap Ooze","player_choice":"Success","floor":3.0,"gold_loss":0.0,"damage_taken":45.0,"relics_obtained":["Regal Pillow"]},{"cards_removed":["Outmaneuver"],"damage_healed":0.0,"max_hp_gain":0.0,"max_hp_loss":0.0,"gold_gain":0.0,"event_name":"Living Wall","player_choice":"Forget","floor":14.0,"gold_loss":0.0,"damage_taken":0.0},{"damage_healed":0.0,"max_hp_gain":0.0,"max_hp_loss":0.0,"gold_gain":0.0,"event_name":"Cursed Tome","player_choice":"Obtained Book","floor":19.0,"gold_loss":0.0,"damage_taken":21.0},{"damage_healed":0.0,"max_hp_gain":0.0,"max_hp_loss":0.0,"gold_gain":0.0,"cards_transformed":["Storm of Steel","Endless Agony"],"event_name":"Drug Dealer","player_choice":"Became Test Subject","floor":21.0,"gold_loss":0.0,"damage_taken":0.0,"cards_obtained":["Skewer","Grand Finale"]},{"damage_healed":0.0,"max_hp_gain":0.0,"max_hp_loss":33.0,"gold_gain":0.0,"event_name":"Ghosts","player_choice":"Became a Ghost","floor":22.0,"gold_loss":0.0,"damage_taken":0.0,"cards_obtained":["Ghostly","Ghostly","Ghostly"]},{"cards_removed":["Well Laid Plans"],"damage_healed":0,"gold_gain":0,"player_choice":"Upgrade and Remove","damage_taken":0,"max_hp_gain":0,"max_hp_loss":0,"event_name":"Designer","floor":36,"gold_loss":110,"cards_upgraded":["Bouncing Flask"]},{"cards_removed":["Dodge and Roll"],"damage_healed":0,"gold_gain":0,"player_choice":"Card Removal","damage_taken":0,"max_hp_gain":0,"max_hp_loss":0,"event_name":"Wheel of Change","floor":48,"gold_loss":0}],"is_beta":false,"boss_relics":[{"not_picked":["Snecko Eye","Tiny House"],"picked":"Calling Bell"},{"not_picked":["SlaversCollar","Cursed Key"],"picked":"Runic Pyramid"}],"items_purged_floors":[31,37,54],"is_endless":false,"potions_floor_spawned":[4,12,13,16,18,28,30,35,40,41,47],"ascension_level":20}}