{"host":"6azrrw3tf7wb0f4b","time":1612420018,"event":{"mods":["BaseMod","DeckTracker","Minty Spire (QoL Compilation)","SuperFastMode"],"gold_per_floor":[119,119,119,137,147,147,147,181,207,232,232,262,187,199,199,277,277,287,298,298,213,263,295,33,65,65,65,81,113,125,144,144,144,144],"floor_reached":33,"language":"KOR","playtime":1563,"items_purged":["Strike_B","Clumsy"],"score":626,"play_id":"b3f9d695-71db-4ebe-a01c-0a012fc2ebd8","local_time":"20210204152658","is_ascension_mode":true,"campfire_choices":[{"data":"Hello World","floor":6,"key":"SMITH"},{"data":"Tempest","floor":11,"key":"SMITH"},{"floor":15,"key":"REST"},{"floor":32,"key":"REST"}],"circlet_count":0,"master_deck":["AscendersBane","Zap+1","Dualcast+1","Undo","Chill+1","Hello World+1","Reinforced Body","Tempest+1","BootSequence","Melter","Seek","Static Discharge","Loop","Doom and Gloom","Rainbow","Biased Cognition","Genetic Algorithm","Coolheaded","Leap","Loop","Machine Learning"],"relics":["Cursed Key","War Paint","Mercury Hourglass","Omamori","Regal Pillow","Ancient Tea Set","Pandora\u0027s Box","Orichalcum","Pocketwatch","DataDisk","StrikeDummy","Mummified Hand","Girya","Vajra"],"acts_visited":["Exordium","TheCity"],"potions_floor_usage":[8,10,10],"damage_taken":[{"damage":4,"enemies":"2 Louse","floor":1,"turns":3},{"damage":1,"enemies":"Small Slimes","floor":4,"turns":3},{"damage":9,"enemies":"Jaw Worm","floor":5,"turns":4},{"damage":3,"enemies":"Lagavulin","floor":8,"turns":8},{"damage":0,"enemies":"3 Sentries","floor":10,"turns":4},{"damage":2,"enemies":"Lagavulin","floor":12,"turns":5},{"damage":0,"enemies":"Blue Slaver","floor":14,"turns":4},{"damage":1,"enemies":"The Guardian","floor":16,"turns":9},{"damage":0,"enemies":"Chosen","floor":18,"turns":3},{"damage":0,"enemies":"Shell Parasite","floor":19,"turns":3},{"damage":20,"enemies":"Book of Stabbing","floor":23,"turns":5},{"damage":8,"enemies":"Gremlin Leader","floor":25,"turns":6},{"damage":0,"enemies":"3 Cultists","floor":28,"turns":4},{"damage":15,"enemies":"Slavers","floor":29,"turns":4},{"damage":0,"enemies":"Cultist and Chosen","floor":30,"turns":4},{"damage":12,"enemies":"Centurion and Healer","floor":31,"turns":3},{"damage":51,"enemies":"Collector","floor":33,"turns":7}],"seed_played":"-2407951165248696976","potions_obtained":[{"floor":1,"key":"FocusPotion"},{"floor":5,"key":"AttackPotion"},{"floor":8,"key":"SkillPotion"},{"floor":16,"key":"SkillPotion"},{"floor":19,"key":"SmokeBomb"}],"is_trial":false,"path_per_floor":["M","?","?","M","M","R","?","E","T","E","R","E","$","M","R","B",null,"M","M","?","?","?","E","$","E","T","?","M","E","M","M","R","B"],"character_chosen":"DEFECT","items_purchased":["DataDisk"],"campfire_rested":2,"item_purchase_floors":[24],"current_hp_per_floor":[60,60,39,38,29,29,24,21,21,21,21,19,19,19,55,54,67,67,67,67,67,67,47,47,39,39,39,39,24,24,12,48,0,0],"gold":144,"neow_bonus":"BOSS_RELIC","is_daily":false,"chose_seed":false,"campfire_upgraded":2,"win_rate":0.0,"timestamp":1612420018,"path_taken":["M","?","?","M","M","R","?","E","T","E","R","E","?","M","R","BOSS","M","M","?","?","?","E","$","E","T","?","M","E","M","?","R","BOSS"],"items_purchased_type":["Relic"],"build_version":"2020-12-22","purchased_purges":2,"victory":false,"max_hp_per_floor":[71,71,71,71,71,71,71,71,71,71,71,71,71,71,71,71,71,71,71,71,71,71,71,71,71,71,71,71,71,71,71,71,71,71],"card_choices":[{"not_picked":["Auto Shields","Rebound"],"picked":"Undo","floor":1},{"not_picked":["Beam Cell","Storm"],"picked":"Hello World","floor":4},{"not_picked":["Chill","Cold Snap"],"picked":"Reinforced Body","floor":5},{"not_picked":["Sweeping Beam","Barrage"],"picked":"Tempest","floor":8},{"not_picked":["Leap","Blizzard"],"picked":"BootSequence","floor":10},{"not_picked":["Leap","Tempest"],"picked":"Melter","floor":12},{"not_picked":["Stack","Force Field","Redo"],"picked":"SKIP","floor":14},{"not_picked":["Machine Learning","Multi-Cast"],"picked":"Seek","floor":16},{"not_picked":["Skim","Gash"],"picked":"Coolheaded","floor":18},{"not_picked":["Reprogram","Compile Driver","Sweeping Beam"],"picked":"SKIP","floor":19},{"not_picked":["Redo","Steam","Reinforced Body"],"picked":"SKIP","floor":23},{"not_picked":["Scrape","Steam","Steam Power"],"picked":"SKIP","floor":25},{"not_picked":["Conserve Battery","Reprogram"],"picked":"Leap","floor":28},{"not_picked":["Turbo","Sunder","Hologram"],"picked":"SKIP","floor":29},{"not_picked":["Compile Driver","Beam Cell"],"picked":"Loop","floor":30},{"not_picked":["Steam Power","Barrage"],"picked":"Machine Learning","floor":31}],"player_experience":758126,"relics_obtained":[{"floor":8,"key":"Mercury Hourglass"},{"floor":9,"key":"Omamori"},{"floor":10,"key":"Regal Pillow"},{"floor":12,"key":"Ancient Tea Set"},{"floor":23,"key":"Pocketwatch"},{"floor":25,"key":"StrikeDummy"},{"floor":26,"key":"Mummified Hand"},{"floor":29,"key":"Vajra"}],"event_choices":[{"damage_healed":0,"gold_gain":0,"cards_transformed":["Strike_B"],"player_choice":"Change","damage_taken":0,"max_hp_gain":0,"max_hp_loss":0,"event_name":"Living Wall","floor":2,"gold_loss":0,"cards_obtained":["Chill"]},{"damage_healed":0,"gold_gain":0,"player_choice":"Entered Light","damage_taken":21,"max_hp_gain":0,"max_hp_loss":0,"event_name":"Shining Light","floor":3,"gold_loss":0,"cards_upgraded":["Zap","Defend_B"]},{"damage_healed":0,"gold_gain":0,"player_choice":"Success","damage_taken":5,"relics_obtained":["War Paint"],"max_hp_gain":0,"max_hp_loss":0,"event_name":"Scrap Ooze","floor":7,"gold_loss":0},{"damage_healed":0,"gold_gain":0,"player_choice":"Ignored","damage_taken":0,"max_hp_gain":0,"max_hp_loss":0,"event_name":"Ghosts","floor":20,"gold_loss":0},{"damage_healed":0,"gold_gain":0,"player_choice":"Obtained Relic","damage_taken":0,"relics_obtained":["Orichalcum"],"max_hp_gain":0,"max_hp_loss":0,"event_name":"Addict","floor":21,"gold_loss":85},{"damage_healed":0,"gold_gain":50,"player_choice":"Stole From Cult","damage_taken":0,"max_hp_gain":0,"max_hp_loss":0,"event_name":"Nest","floor":22,"gold_loss":0},{"damage_healed":0,"gold_gain":0,"player_choice":"Opened","damage_taken":0,"relics_obtained":["Girya"],"max_hp_gain":0,"max_hp_loss":0,"event_name":"The Mausoleum","floor":27,"gold_loss":0,"cards_obtained":["Writhe"]}],"is_beta":false,"boss_relics":[{"not_picked":["Runic Pyramid","Snecko Eye"],"picked":"Pandora\u0027s Box"}],"items_purged_floors":[13,24],"is_endless":false,"potions_floor_spawned":[1,5,8,16,19,23,28,31],"killed_by":"Collector","ascension_level":16}}