{"host":"c35j6tsoy7cxzn43","time":1612401891,"event":{"mods":["BaseMod","Better Third Choice","BetterRewards","Colored Map","Colored Powertips","Conspire","Highlight Path","Hubris","Infinite Spire","Minty Spire (QoL Compilation)","Quick Restart","Replay The Spire","Shop Mod","StSLib"],"gold_per_floor":[114,133,146,77,119,119,153,153,153,168,168,168,168,179,179,179,179],"floor_reached":16,"language":"ENG","playtime":635,"items_purged":[],"score":100,"play_id":"0345e54e-30a5-4a6b-9490-26d6a4fd560d","local_time":"20210204022451","is_ascension_mode":false,"campfire_choices":[{"data":"Tempest","floor":6,"key":"SMITH"},{"data":"Crystallizer","floor":8,"key":"SMITH"},{"data":"Genetic Algorithm","floor":12,"key":"SMITH"},{"data":"Dualcast","floor":15,"key":"SMITH"}],"circlet_count":0,"master_deck":["Strike_B","Strike_B","Strike_B","Strike_B","Defend_B","Defend_B","Defend_B","Zap+1","Dualcast+1","Genetic Algorithm+1","Tempest+1","Crystallizer+1","ReplayTheSpireMod:Reroute Power+1"],"relics":["Cracked Core","Replay:Accelerometer","conspire:TopHat"],"acts_visited":["Exordium"],"potions_floor_usage":[7,7],"damage_taken":[{"damage":1,"enemies":"2 Louse","floor":1,"turns":2},{"damage":0,"enemies":"Small Slimes","floor":2,"turns":2},{"damage":6,"enemies":"Jaw Worm","floor":3,"turns":2},{"damage":16,"enemies":"Gremlin Nob","floor":7,"turns":3},{"damage":14,"enemies":"Looter","floor":10,"turns":3},{"damage":6,"enemies":"Blue Slaver","floor":14,"turns":3},{"damage":23,"enemies":"Slime Boss","floor":16,"turns":6}],"seed_played":"-6651416623326652535","potions_obtained":[{"floor":1,"key":"AttackPotion"},{"floor":3,"key":"Fire Potion"},{"floor":10,"key":"Elixir"}],"is_trial":false,"path_per_floor":["M","M","M","$","?","R","E","R","T","M","?","R","?","M","R","B"],"character_chosen":"DEFECT","items_purchased":["Tempest"],"campfire_rested":0,"item_purchase_floors":[4],"current_hp_per_floor":[74,74,68,68,50,50,34,34,34,20,20,20,20,14,14,0,0],"gold":179,"neow_bonus":"UPGRADE_CARD","is_daily":false,"chose_seed":false,"campfire_upgraded":4,"win_rate":0.0,"timestamp":1612401891,"path_taken":["M","M","M","$","?","R","E","R","T","M","?","R","?","M","R","BOSS"],"items_purchased_type":["Card"],"build_version":"2020-12-22","purchased_purges":0,"victory":false,"max_hp_per_floor":[75,75,75,75,75,75,75,75,75,75,75,75,75,75,75,75,75],"card_choices":[{"not_picked":["Barrage","Streamline","Redo"],"picked":"SKIP","floor":1},{"not_picked":["Static Discharge","Compile Driver","Redo"],"picked":"SKIP","floor":2},{"not_picked":["Conserve Battery","Tempest"],"picked":"Genetic Algorithm","floor":3},{"not_picked":["Hello World","Gash"],"picked":"Crystallizer","floor":5},{"not_picked":["Hyperbeam","BasicCrystalCard"],"picked":"Auto Shields","floor":5},{"not_picked":["Melter","Rebound","Skim"],"picked":"SKIP","floor":7},{"not_picked":["Force Field","Streamline","Panic Button"],"picked":"SKIP","floor":10},{"not_picked":["Steam","Redo","Cold Snap"],"picked":"SKIP","floor":14}],"player_experience":453974,"relics_obtained":[{"floor":5,"key":"Replay:Accelerometer"},{"floor":7,"key":"conspire:TopHat"}],"event_choices":[],"is_beta":false,"boss_relics":[],"items_purged_floors":[],"is_endless":false,"potions_floor_spawned":[1,3,10],"killed_by":"Slime Boss","ascension_level":0}}