{"host":"lne8wiuoeo5kx55p","time":1612402646,"event":{"mods":["BaseMod","Colored Map","Colored Powertips","Googly Eyes","Minty Spire (QoL Compilation)","Replay The Spire","StSLib"],"gold_per_floor":[9999,9243,9258,9272,9272,9301,9281,9281,9281,9049,9066,9080,9113,9132,9132,9227,9227,9227,9227],"floor_reached":18,"language":"ZHS","playtime":1485,"items_purged":["Strike_R","Defend_R"],"score":181,"play_id":"56309996-7321-4f15-87cb-f5b25545e511","local_time":"20210204093726","is_ascension_mode":true,"campfire_choices":[{"floor":8,"key":"RECALL"},{"data":"Offering","floor":15,"key":"SMITH"}],"circlet_count":0,"master_deck":["Strike_R","Strike_R","Strike_R","Strike_R","Defend_R","Defend_R","Bash","Intimidate","Pommel Strike","Offering+1","Defy Death","Inflame","Dark Embrace+1","Armaments","Feel No Pain","Thunderclap","Infernal Blade","Pommel Strike","Limit Break"],"relics":["Burning Blood","Blood Vial","TheAbacus","King of Hearts","Pear","Torii","Membership Card","Prayer Wheel","Replay:Bronze Core"],"acts_visited":["Exordium","TheCity"],"potions_floor_usage":[6,11,13,16,16],"damage_taken":[{"damage":6,"enemies":"Cultist","floor":1,"turns":3},{"damage":4,"enemies":"2 Louse","floor":3,"turns":3},{"damage":8,"enemies":"Jaw Worm","floor":4,"turns":2},{"damage":39,"enemies":"3 Sentries","floor":6,"turns":10},{"damage":7,"enemies":"Exordium Thugs","floor":11,"turns":3},{"damage":7,"enemies":"Blue Slaver","floor":12,"turns":3},{"damage":19,"enemies":"Lagavulin","floor":13,"turns":5},{"damage":6,"enemies":"Looter","floor":14,"turns":2},{"damage":47,"enemies":"Fading Forest","floor":16,"turns":11},{"damage":0,"enemies":"2 Thieves","floor":18,"turns":1}],"seed_played":"7556190272713696117","potions_obtained":[{"floor":1,"key":"Toxic Potion"},{"floor":7,"key":"Adrenaline Potion"},{"floor":11,"key":"Explosive Potion"},{"floor":12,"key":"Strength Potion"},{"floor":13,"key":"Milkshake"},{"floor":16,"key":"Weak Potion"}],"is_trial":false,"path_per_floor":["M","$","M","M","?","E","?","R","T","$","M","M","E","M","R","B",null,"M"],"character_chosen":"IRONCLAD","items_purchased":["TheAbacus","King of Hearts","Pear","Block Potion","Ancient Potion","Membership Card","Dark Embrace+1"],"campfire_rested":0,"item_purchase_floors":[2,2,2,2,2,10,10],"current_hp_per_floor":[80,90,90,88,88,57,57,57,57,57,58,59,48,50,50,27,90,90,90],"gold":9227,"neow_bonus":"RANDOM_COMMON_RELIC","is_daily":false,"chose_seed":false,"campfire_upgraded":1,"win_rate":0.0,"timestamp":1612402646,"path_taken":["M","$","M","?","?","E","?","R","T","$","M","M","E","?","R","BOSS","M"],"items_purchased_type":["Relic","Relic","Relic","Potion","Potion","Relic","Card"],"build_version":"2020-12-22","purchased_purges":2,"victory":false,"max_hp_per_floor":[80,90,90,90,90,90,90,90,90,90,90,90,90,90,90,90,90,90,90],"card_choices":[{"not_picked":["Iron Wave","Wild Strike"],"picked":"Intimidate","floor":1},{"not_picked":["Twin Strike","Headbutt"],"picked":"Pommel Strike","floor":3},{"not_picked":["Sword Boomerang","Inflame"],"picked":"Offering","floor":4},{"not_picked":["Infernal Blade","Anger"],"picked":"Inflame","floor":6},{"not_picked":["Clash","Flame Barrier"],"picked":"Armaments","floor":11},{"not_picked":["Clash","Carnage"],"picked":"Feel No Pain","floor":12},{"not_picked":["Clothesline","Pummel"],"picked":"Thunderclap","floor":13},{"not_picked":["Clothesline","Abandon"],"picked":"Infernal Blade","floor":14},{"not_picked":["Armaments","Sword Boomerang"],"picked":"Pommel Strike","floor":14},{"not_picked":["Demonic Infusion","Impervious"],"picked":"Limit Break","floor":16}],"player_experience":36031,"relics_obtained":[{"floor":6,"key":"Torii"},{"floor":13,"key":"Prayer Wheel"}],"event_choices":[{"damage_healed":0,"gold_gain":0,"cards_transformed":["Defend_R"],"player_choice":"Change","damage_taken":0,"max_hp_gain":0,"max_hp_loss":0,"event_name":"Living Wall","floor":5,"gold_loss":0,"cards_obtained":["Defy Death"]},{"damage_healed":0,"gold_gain":0,"player_choice":"Bought 1 Potion","damage_taken":0,"max_hp_gain":0,"max_hp_loss":0,"event_name":"The Woman in Blue","floor":7,"gold_loss":0}],"is_beta":false,"boss_relics":[{"not_picked":["Replay:Wanted Poster","Mark of Pain"],"picked":"Replay:Bronze Core"}],"items_purged_floors":[2,10],"is_endless":false,"potions_floor_spawned":[1,11,12,13,16],"killed_by":"2 Thieves","ascension_level":1}}