{"host":"g907ck67u7c3hrs6","time":1612400311,"event":{"mods":["BaseMod","Colored Map","DeckTracker","Highlight Path","Keyboard Shortcuts","Minty Spire (QoL Compilation)","Permanent Neow","Say the Spire","SuperFastMode"],"gold_per_floor":[144,189,234,279,324,369,119,209,209,254,344,344,389,434,434,734,734,779,824,655,655,700,790,790,880,930,930,975,1020,1065,1110,1110,1410,1410,1455,1500,699,744,744,834,879,540,540,540,61,151,151,196,196,196],"floor_reached":51,"language":"KOR","playtime":1487,"items_purged":["Decay"],"score":1042,"play_id":"4b3e3e6f-390e-487a-a540-227b65245d42","local_time":"20210204095831","daily_mods":["Insanity","Red Cards","Midas"],"is_ascension_mode":false,"campfire_choices":[{"floor":12,"key":"REST"},{"floor":15,"key":"REST"},{"floor":24,"key":"REST"},{"floor":27,"key":"REST"},{"floor":32,"key":"REST"},{"floor":49,"key":"REST"}],"circlet_count":0,"master_deck":["Stack","Flex","Shrug It Off","Fire Breathing","Rip and Tear","Havoc","Bloodletting","Disarm","Anger","Flex","Barrage","Warcry","Barrage","Go for the Eyes","Hello World","Dual Wield","Steam","Leap","Warcry","Metallicize","Shrug It Off","Flame Barrier","Shrug It Off","Reckless Charge","Conserve Battery","Clothesline","Clothesline","Barrage","Wild Strike","Genetic Algorithm","Shrug It Off","Hologram","Cleave","Cold Snap","Force Field","Loop","Scrape","Whirlwind","Undo","Chaos","Chaos","Warcry","Gash","Ball Lightning","Heavy Blade","Tempest","Clash","Double Energy","Warcry","Wild Strike","Stack","Disarm","Self Repair","Power Through","Capacitor","Machine Learning","Tempest","Mind Blast","Capacitor","Melter+1","Sever Soul+1","Turbo","Coolheaded+1","Leap+1","Echo Form","Wild Strike","Combust","Defragment","Mind Blast","BootSequence","Capacitor","Demon Form","Consume","Heatsinks","Steam Power","Apotheosis","Mind Blast","Finesse","Thinking Ahead","Metallicize+1","Pommel Strike+1"],"relics":["Cracked Core","Eternal Feather","Gremlin Horn","Cables","Orichalcum","Runic Dome","Happy Flower","Ornamental Fan","Bronze Scales","Nuclear Battery","Bag of Marbles","Toolbox","Shuriken","InkBottle","Anchor","The Courier","Emotion Chip"],"acts_visited":["Exordium","TheCity","TheBeyond"],"potions_floor_usage":[50,50,50,50],"damage_taken":[{"damage":3,"enemies":"Small Slimes","floor":1,"turns":2},{"damage":0,"enemies":"Cultist","floor":2,"turns":2},{"damage":0,"enemies":"2 Louse","floor":3,"turns":2},{"damage":15,"enemies":"Exordium Thugs","floor":4,"turns":3},{"damage":0,"enemies":"Looter","floor":5,"turns":2},{"damage":0,"enemies":"Large Slime","floor":6,"turns":4},{"damage":16,"enemies":"3 Sentries","floor":8,"turns":6},{"damage":0,"enemies":"Exordium Wildlife","floor":10,"turns":3},{"damage":7,"enemies":"Lagavulin","floor":11,"turns":7},{"damage":2,"enemies":"3 Louse","floor":13,"turns":2},{"damage":6,"enemies":"Large Slime","floor":14,"turns":4},{"damage":0,"enemies":"Hexaghost","floor":16,"turns":11},{"damage":4,"enemies":"Shell Parasite","floor":18,"turns":6},{"damage":0,"enemies":"3 Byrds","floor":19,"turns":2},{"damage":16,"enemies":"Snake Plant","floor":22,"turns":3},{"damage":9,"enemies":"Slavers","floor":23,"turns":4},{"damage":10,"enemies":"Book of Stabbing","floor":25,"turns":3},{"damage":0,"enemies":"Sentry and Sphere","floor":28,"turns":2},{"damage":4,"enemies":"Chosen and Byrds","floor":29,"turns":3},{"damage":8,"enemies":"Shelled Parasite and Fungi","floor":30,"turns":2},{"damage":0,"enemies":"Snake Plant","floor":31,"turns":1},{"damage":43,"enemies":"Collector","floor":33,"turns":10},{"damage":0,"enemies":"Orb Walker","floor":35,"turns":2},{"damage":1,"enemies":"3 Shapes","floor":36,"turns":3},{"damage":0,"enemies":"Jaw Worm Horde","floor":38,"turns":2},{"damage":0,"enemies":"Reptomancer","floor":40,"turns":1},{"damage":0,"enemies":"Sphere and 2 Shapes","floor":41,"turns":1},{"damage":0,"enemies":"Nemesis","floor":46,"turns":1},{"damage":0,"enemies":"Spire Growth","floor":48,"turns":1},{"damage":12,"enemies":"Time Eater","floor":50,"turns":8}],"seed_played":"2514053361250750194","potions_obtained":[{"floor":4,"key":"Weak Potion"},{"floor":5,"key":"Dexterity Potion"},{"floor":8,"key":"EntropicBrew"},{"floor":48,"key":"FocusPotion"}],"is_trial":false,"path_per_floor":["M","M","M","M","M","M","$","E","T","M","E","R","M","M","R","B",null,"M","M","$","?","M","E","R","E","T","R","M","M","M","M","R","B",null,"M","M","$","M","?","E","M","$","T","?","$","E","?","M","R","B",null],"character_chosen":"DEFECT","items_purchased":["Eternal Feather","Mind Blast","Capacitor","Bag of Marbles","Defragment","Mind Blast","Toolbox","Shuriken","BootSequence","Heatsinks","Steam Power","Anchor","Strength Potion","Apotheosis","Mind Blast","Finesse","Thinking Ahead"],"campfire_rested":6,"item_purchase_floors":[7,20,20,37,37,37,37,37,37,42,42,42,42,45,45,45,45],"current_hp_per_floor":[72,72,72,57,57,57,57,48,48,48,48,75,73,67,75,75,75,71,71,71,65,56,47,75,72,72,75,75,75,67,67,75,32,75,75,74,74,74,75,75,75,75,75,75,75,75,75,75,75,70],"gold":196,"neow_bonus":"","is_daily":true,"chose_seed":false,"campfire_upgraded":0,"win_rate":0.0,"timestamp":1612400311,"path_taken":["M","M","M","M","M","M","$","E","T","M","E","R","M","M","R","BOSS","M","M","$","?","M","E","R","E","T","R","M","?","M","M","R","BOSS","M","M","$","?","?","E","?","$","T","?","?","E","?","M","R","BOSS"],"items_purchased_type":["Relic","Card","Card","Relic","Card","Card","Relic","Relic","Card","Card","Card","Relic","Potion","Card","Card","Card","Card"],"build_version":"2020-12-22","purchased_purges":1,"victory":true,"max_hp_per_floor":[75,75,75,75,75,75,75,75,75,75,75,75,75,75,75,75,75,75,75,75,75,75,75,75,75,75,75,75,75,75,75,75,75,75,75,75,75,75,75,75,75,75,75,75,75,75,75,75,75,75],"card_choices":[{"not_picked":["Rebound","Havoc","Barrage"],"picked":"SKIP","floor":1},{"not_picked":["Heavy Blade","Thunderclap"],"picked":"Wild Strike","floor":2},{"not_picked":["Armaments","Sweeping Beam"],"picked":"Stack","floor":3},{"not_picked":["Dual Wield","Searing Blow","True Grit"],"picked":"SKIP","floor":4},{"not_picked":["Leap","Spot Weakness"],"picked":"Disarm","floor":5},{"not_picked":["Clash","Wild Strike"],"picked":"Self Repair","floor":6},{"not_picked":["Auto Shields","Berserk"],"picked":"Power Through","floor":8},{"not_picked":["Coolheaded","Hologram","Sword Boomerang"],"picked":"SKIP","floor":10},{"not_picked":["Self Repair","FTL"],"picked":"Capacitor","floor":11},{"not_picked":["Wild Strike","Perfected Strike"],"picked":"Capacitor","floor":13},{"not_picked":["Rage","Sword Boomerang","Streamline"],"picked":"SKIP","floor":14},{"not_picked":["Rainbow","Bludgeon"],"picked":"Machine Learning","floor":16},{"not_picked":["Steam","Warcry"],"picked":"Tempest","floor":18},{"not_picked":["Scrape","Perfected Strike","Flex"],"picked":"SKIP","floor":19},{"not_picked":["Sweeping Beam","Anger+1"],"picked":"Melter+1","floor":22},{"not_picked":["Beam Cell+1","Clash","Twin Strike"],"picked":"SKIP","floor":23},{"not_picked":["Havoc+1","Coolheaded"],"picked":"Sever Soul+1","floor":25},{"not_picked":["Coolheaded","Clash"],"picked":"Turbo","floor":28},{"not_picked":["Metallicize","Hello World"],"picked":"Coolheaded+1","floor":29},{"not_picked":["True Grit","Twin Strike","Perfected Strike"],"picked":"SKIP","floor":30},{"not_picked":["Go for the Eyes+1","Cold Snap"],"picked":"Leap+1","floor":31},{"not_picked":["Feed","Immolate"],"picked":"Echo Form","floor":33},{"not_picked":["Thunderclap","Body Slam"],"picked":"Wild Strike","floor":35},{"not_picked":["Heavy Blade+1","Sword Boomerang+1"],"picked":"Combust","floor":36},{"not_picked":["Go for the Eyes+1","Loop"],"picked":"Capacitor","floor":38},{"not_picked":["Perfected Strike+1","Iron Wave+1"],"picked":"Demon Form","floor":40},{"not_picked":["Rebound+1","Iron Wave+1"],"picked":"Consume","floor":41},{"not_picked":["Flex+1","Iron Wave+1"],"picked":"Metallicize+1","floor":46},{"not_picked":["Leap","Clothesline+1"],"picked":"Pommel Strike+1","floor":48}],"player_experience":255472,"relics_obtained":[{"floor":8,"key":"Gremlin Horn"},{"floor":9,"key":"Cables"},{"floor":11,"key":"Orichalcum"},{"floor":23,"key":"Happy Flower"},{"floor":25,"key":"Ornamental Fan"},{"floor":26,"key":"Bronze Scales"},{"floor":40,"key":"InkBottle"},{"floor":43,"key":"The Courier"},{"floor":46,"key":"Emotion Chip"}],"event_choices":[{"damage_healed":0,"gold_gain":0,"player_choice":"","damage_taken":6,"max_hp_gain":0,"max_hp_loss":0,"event_name":"Knowing Skull","floor":21,"potions_obtained":[],"gold_loss":0,"cards_obtained":[]},{"cards_removed":["Capacitor"],"damage_healed":1,"gold_gain":0,"player_choice":"Offered Uncommon","damage_taken":0,"max_hp_gain":0,"max_hp_loss":0,"event_name":"Bonfire Elementals","floor":39,"gold_loss":0},{"damage_healed":0,"gold_gain":0,"player_choice":"Cursed","damage_taken":0,"max_hp_gain":0,"max_hp_loss":0,"event_name":"Wheel of Change","floor":44,"gold_loss":0,"cards_obtained":["Decay"]},{"cards_removed":["Blood for Blood"],"damage_healed":0,"gold_gain":0,"player_choice":"Removed Attack","damage_taken":0,"max_hp_gain":0,"max_hp_loss":0,"event_name":"Falling","floor":47,"gold_loss":0}],"is_beta":false,"boss_relics":[{"not_picked":["Empty Cage","Philosopher\u0027s Stone"],"picked":"Runic Dome"},{"not_picked":["Sozu","SacredBark"],"picked":"Nuclear Battery"}],"items_purged_floors":[45],"is_endless":false,"potions_floor_spawned":[4,5,8,11,13,19,23,30,33,36,38,46,48],"ascension_level":0}}