{"host":"l4am8ae7vj09bp0g","time":1612443495,"event":{"mods":["Act Like it!","BaseMod","Colored Powertips","Conspire","LagranYue(¿≠∏Ò¿ °§‘¬)","Minty Spire (QoL Compilation)","Quick Restart","Relic Filter","Reliquary","Replay The Spire","Shop Mod","StSLib","SuperFastMode","TestMod"],"gold_per_floor":[110,110,110,121,134,164,164,189,189,189,199,217,15,50,50,50,50],"floor_reached":16,"language":"ZHS","playtime":842,"items_purged":[],"score":205,"play_id":"5337ad3a-8cf2-4fac-9efc-52917c22ce5e","local_time":"20210204205815","daily_mods":["SealedDeck","Heirloom","DeadlyEvents","Elite Swarm","Uncertain Future"],"is_ascension_mode":true,"campfire_choices":[{"data":"Body Slam","floor":7.0,"key":"SMITH"},{"data":"Berserk","floor":10.0,"key":"SMITH"},{"data":"True Grit","floor":15.0,"key":"SMITH"}],"circlet_count":0,"master_deck":["True Grit+1","Thunderclap","Clash","Pommel Strike","Shrug It Off","Twin Strike","Uppercut","ReplayTheSpireMod:Stacked","True Grit","Cleave","Body Slam+1","Berserk+1","Shrug It Off","Seek"],"relics":["Burning Blood","testmod-TestBox","LagranYue:RandomDrawCardRelic","testmod-AscensionHeart","Art of War","Gremlin Horn","MerchantsRug","PrismaticShard"],"acts_visited":["Exordium"],"potions_floor_usage":[16],"damage_taken":[{"damage":0.0,"enemies":"Jaw Worm","floor":1.0,"turns":1.0},{"damage":0.0,"enemies":"Cultist","floor":4.0,"turns":2.0},{"damage":0.0,"enemies":"Small Slimes","floor":5.0,"turns":1.0},{"damage":0.0,"enemies":"3 Sentries","floor":6.0,"turns":2.0},{"damage":0.0,"enemies":"Lagavulin","floor":8.0,"turns":2.0},{"damage":0.0,"enemies":"Exordium Wildlife","floor":11.0,"turns":1.0},{"damage":0.0,"enemies":"2 Fungi Beasts","floor":12.0,"turns":1.0},{"damage":0.0,"enemies":"Gremlin Nob","floor":14.0,"turns":3.0},{"damage":0,"enemies":"Slime Boss","floor":16,"turns":4}],"seed_played":"4867989711518502828","potions_obtained":[{"floor":1.0,"key":"SteroidPotion"},{"floor":2.0,"key":"Weak Potion"},{"floor":2.0,"key":"SkillPotion"},{"floor":11.0,"key":"Swift Potion"},{"floor":12.0,"key":"Swift Potion"}],"is_trial":true,"path_per_floor":["M","?","$","M","M","E","R","E","T","R","M","M","$","E","R","B"],"character_chosen":"IRONCLAD","items_purchased":["MerchantsRug","PrismaticShard"],"campfire_rested":0,"item_purchase_floors":[13,13],"current_hp_per_floor":[1,1,1,1,1,1,1,1,1,1,1,1,1,1,1,1,1],"gold":50,"neow_bonus":"","is_daily":false,"chose_seed":false,"campfire_upgraded":3,"win_rate":0.0,"timestamp":1612443495,"path_taken":["M","?","?","M","M","E","R","E","T","R","?","M","$","E","R","BOSS"],"items_purchased_type":["Relic","Relic"],"build_version":"2020-12-22","purchased_purges":0,"victory":false,"max_hp_per_floor":[1,1,1,1,1,1,1,1,1,1,1,1,1,1,1,1,1],"card_choices":[{"not_picked":["ReplayTheSpireMod:Limb From Limb","Pommel Strike","Havoc"],"picked":"SKIP","floor":1.0},{"not_picked":["Carnage","Replay:Undeath\u0027s Touch","Flame Barrier"],"picked":"SKIP","floor":4.0},{"not_picked":["Anger","Flex"],"picked":"Body Slam","floor":5.0},{"not_picked":["Brutality","Limit Break","Eclipse"],"picked":"SKIP","floor":6.0},{"not_picked":["Limit Break","Barricade"],"picked":"Berserk","floor":8.0},{"not_picked":["Second Wind","Heavy Blade"],"picked":"Shrug It Off","floor":11.0},{"not_picked":["Sword Boomerang","Run Through","Clothesline"],"picked":"SKIP","floor":12.0},{"not_picked":["ReplayTheSpireMod:Brewmster","Panache"],"picked":"Seek","floor":14.0}],"player_experience":60205,"relics_obtained":[{"floor":8.0,"key":"Art of War"},{"floor":9.0,"key":"Gremlin Horn"}],"event_choices":[{"damage_healed":0.0,"max_hp_gain":0.0,"max_hp_loss":0.0,"gold_gain":0.0,"event_name":"Lab","player_choice":"Got Potions","floor":2.0,"gold_loss":0.0,"damage_taken":0.0}],"is_beta":false,"boss_relics":[],"items_purged_floors":[],"is_endless":true,"potions_floor_spawned":[1,6,11,12],"killed_by":"Slime Boss","ascension_level":1}}