{"host":"p0hktren06injwdf","time":1612399939,"event":{"mods":["AchievementEnabler","BaseMod","Colored Map","DeckTracker","Minty Spire (QoL Compilation)","Permanent Neow","StSLib","SuperFastMode"],"gold_per_floor":[114,134,134,146,166,193,65,92,92,110,126,145,172,172,172,244,244,258,268,298,47,62,62,90,90,90,105,132,145,45,45,45,45,45],"floor_reached":33,"language":"KOR","playtime":840,"items_purged":["Defend_P","Strike_P"],"score":718,"play_id":"4ba4afd8-0efe-43f9-8c93-27064e3cc5c7","local_time":"20210204095219","is_ascension_mode":true,"campfire_choices":[{"floor":15.0,"key":"REST"},{"floor":23,"key":"REST"},{"floor":25,"key":"REST"},{"floor":32,"key":"REST"}],"circlet_count":0,"master_deck":["AscendersBane","Strike_P","Strike_P","Strike_P","Defend_P","Defend_P","Eruption+1","Vigilance","ThirdEye","TalkToTheHand","Tantrum","Conclude","WheelKick","Consecrate","DeusExMachina","MentalFortress","FlurryOfBlows","EmptyBody+1","FearNoEvil"],"relics":["PureWater","Juzu Bracelet","Anchor","Ancient Tea Set","Frozen Egg 2","TeardropLocket","Sozu","Red Mask","TheAbacus","Shuriken","Eternal Feather","Lantern","SsserpentHead"],"acts_visited":["Exordium","TheCity"],"potions_floor_usage":[],"damage_taken":[{"damage":2.0,"enemies":"Jaw Worm","floor":1.0,"turns":8.0},{"damage":0.0,"enemies":"Cultist","floor":2.0,"turns":4.0},{"damage":0.0,"enemies":"2 Louse","floor":4.0,"turns":2.0},{"damage":36.0,"enemies":"Exordium Thugs","floor":5.0,"turns":4.0},{"damage":0.0,"enemies":"Gremlin Nob","floor":6.0,"turns":2.0},{"damage":25.0,"enemies":"Lagavulin","floor":8.0,"turns":5.0},{"damage":0.0,"enemies":"Looter","floor":10.0,"turns":2.0},{"damage":0.0,"enemies":"Gremlin Gang","floor":11.0,"turns":2.0},{"damage":0.0,"enemies":"3 Louse","floor":12.0,"turns":2.0},{"damage":0.0,"enemies":"3 Sentries","floor":13.0,"turns":3.0},{"damage":28.0,"enemies":"The Guardian","floor":16.0,"turns":11.0},{"damage":3.0,"enemies":"3 Byrds","floor":18.0,"turns":4.0},{"damage":0.0,"enemies":"2 Thieves","floor":19.0,"turns":3.0},{"damage":14,"enemies":"Masked Bandits","floor":20,"turns":3},{"damage":29,"enemies":"Shelled Parasite and Fungi","floor":22,"turns":4},{"damage":19,"enemies":"Gremlin Leader","floor":24,"turns":4},{"damage":3,"enemies":"3 Cultists","floor":27,"turns":3},{"damage":5,"enemies":"Book of Stabbing","floor":28,"turns":4},{"damage":7,"enemies":"Snake Plant","floor":29,"turns":4},{"damage":69,"enemies":"Automaton","floor":33,"turns":6}],"seed_played":"4524313419372352364","potions_obtained":[{"floor":2.0,"key":"Regen Potion"},{"floor":5.0,"key":"Dexterity Potion"},{"floor":6.0,"key":"StancePotion"},{"floor":11.0,"key":"PowerPotion"},{"floor":12.0,"key":"Weak Potion"}],"is_trial":false,"path_per_floor":["M","M","?","M","M","E","$","E","T","M","M","M","E","?","R","B",null,"M","M","?","$","M","R","E","R","T","M","E","M","$","?","R","B"],"character_chosen":"WATCHER","items_purchased":["Consecrate","TheAbacus","FearNoEvil"],"campfire_rested":4,"item_purchase_floors":[7,21,21],"current_hp_per_floor":[59,59,59,59,23,23,23,12,12,12,12,12,12,12,32,4,52,49,49,35,35,6,26,7,27,27,24,19,12,12,12,41,0,0],"gold":45,"neow_bonus":"UPGRADE_CARD","is_daily":false,"chose_seed":false,"campfire_upgraded":0,"win_rate":0.0,"timestamp":1612399939,"path_taken":["M","M","?","M","M","E","?","E","T","M","M","M","E","?","R","BOSS","M","M","?","$","M","R","E","R","T","M","E","M","?","?","R","BOSS"],"items_purchased_type":["Card","Relic","Card"],"build_version":"2020-12-22","purchased_purges":2,"victory":false,"max_hp_per_floor":[68,68,68,68,68,68,68,68,68,68,68,68,68,68,68,68,68,68,68,68,68,68,68,68,68,68,68,68,68,68,68,68,68,68],"card_choices":[{"not_picked":["Crescendo","CrushJoints"],"picked":"ThirdEye","floor":1.0},{"not_picked":["CrushJoints","WaveOfTheHand"],"picked":"TalkToTheHand","floor":2.0},{"not_picked":["CutThroughFate","Evaluate"],"picked":"Tantrum","floor":4.0},{"not_picked":["Evaluate","SashWhip"],"picked":"Conclude","floor":5.0},{"not_picked":["CutThroughFate","Ragnarok"],"picked":"WheelKick","floor":6.0},{"not_picked":["Swivel","Blasphemy"],"picked":"DeusExMachina","floor":8.0},{"not_picked":["WreathOfFlame","Consecrate"],"picked":"MentalFortress","floor":10.0},{"not_picked":["Consecrate","Prostrate","Weave"],"picked":"SKIP","floor":11.0},{"not_picked":["Perseverance","Scrawl"],"picked":"FlurryOfBlows","floor":12.0},{"not_picked":["CrushJoints","Meditate","ReachHeaven"],"picked":"SKIP","floor":13.0},{"not_picked":["Consecrate+1","Vengeance","EmptyMind"],"picked":"SKIP","floor":18.0},{"not_picked":["EmptyFist","FlyingSleeves"],"picked":"EmptyBody+1","floor":19.0},{"not_picked":["JustLucky","Protect","Crescendo"],"picked":"SKIP","floor":22},{"not_picked":["Crescendo","Evaluate","FlyingSleeves"],"picked":"SKIP","floor":24},{"not_picked":["SpiritShield","FollowUp","PathToVictory"],"picked":"SKIP","floor":27},{"not_picked":["ClearTheMind","ThirdEye","Fasting2+1"],"picked":"SKIP","floor":28},{"not_picked":["WreathOfFlame","Crescendo+1","JustLucky"],"picked":"SKIP","floor":29}],"player_experience":1008882,"relics_obtained":[{"floor":6.0,"key":"Juzu Bracelet"},{"floor":8.0,"key":"Anchor"},{"floor":9.0,"key":"Ancient Tea Set"},{"floor":13.0,"key":"Frozen Egg 2"},{"floor":20,"key":"Red Mask"},{"floor":24,"key":"Shuriken"},{"floor":26,"key":"Eternal Feather"},{"floor":28,"key":"Lantern"}],"event_choices":[{"cards_removed":["Defend_P"],"damage_healed":0.0,"max_hp_gain":0.0,"max_hp_loss":0.0,"gold_gain":0.0,"event_name":"Bonfire Elementals","player_choice":"Offered Basic","floor":3.0,"gold_loss":0.0,"damage_taken":0.0},{"damage_healed":0.0,"max_hp_gain":0.0,"max_hp_loss":0.0,"gold_gain":0.0,"event_name":"Dead Adventurer","player_choice":"Searched \u00271\u0027 times","floor":14.0,"gold_loss":0.0,"damage_taken":0.0,"relics_obtained":["TeardropLocket"]},{"damage_healed":0,"gold_gain":0,"player_choice":"Fought Bandits","damage_taken":0,"max_hp_gain":0,"max_hp_loss":0,"event_name":"Masked Bandits","floor":20,"gold_loss":0},{"damage_healed":0,"gold_gain":0,"player_choice":"Trade","damage_taken":0,"relics_obtained":["SsserpentHead"],"max_hp_gain":0,"max_hp_loss":0,"event_name":"FaceTrader","floor":31,"gold_loss":0}],"is_beta":false,"boss_relics":[{"not_picked":["SlaversCollar","Fusion Hammer"],"picked":"Sozu"}],"items_purged_floors":[7,30],"is_endless":false,"potions_floor_spawned":[2,5,6,11,12,24,29],"killed_by":"Automaton","ascension_level":20}}