{"host":"8f5cu9y0fpol72qs","time":1612423461,"event":{"mods":["AlwaysNeverKeys","BaseMod","Colored Map","Colored Powertips","Curses Come First","Highlight Path","Key Reminder","Minty Spire (QoL Compilation)","StSLib"],"gold_per_floor":[15,31,44,64,114,140,140,151,197,197,232,232,112,112,112,183,183,201,201,220,135,147,176,176,208,208,225,245,260,260,289,289,364,364,377,389,406,426,7,40,86,86,86,116,131,157,9,40,40,40,40,40,40,74,74],"floor_reached":56,"language":"ENG","playtime":19150,"items_purged":["Defend_P","Defend_P"],"score":2415,"play_id":"36ea5473-3999-4ba0-a478-aa9db6b67416","local_time":"20210203232421","is_ascension_mode":true,"campfire_choices":[{"data":"CrushJoints","floor":7.0,"key":"SMITH"},{"data":"Scrawl","floor":10.0,"key":"SMITH"},{"data":"Judgement","floor":15.0,"key":"SMITH"},{"floor":24.0,"key":"REST"},{"data":"Blasphemy","floor":32.0,"key":"SMITH"},{"data":"Wireheading","floor":42.0,"key":"SMITH"},{"floor":49.0,"key":"RECALL"},{"data":"DevaForm","floor":52.0,"key":"SMITH"}],"circlet_count":0,"master_deck":["AscendersBane","Strike_P+1","Strike_P+1","Defend_P","Eruption","Vigilance","Protect","CutThroughFate","CrushJoints+1","FearNoEvil","Scrawl+1","Judgement+1","Indignation","FlurryOfBlows","Vault","CutThroughFate+1","DevaForm+1","WheelKick","Vengeance+1","Protect","WaveOfTheHand+1","Blasphemy+1","Ragnarok","CutThroughFate","Wallop","Wireheading+1","Adaptation","Ragnarok"],"relics":["PureWater","Whetstone","Ancient Tea Set","Sundial","Centennial Puzzle","Snecko Eye","Enchiridion","Question Card","FossilizedHelix","CloakClasp","Turnip","CaptainsWheel","Busted Crown","Kunai","Darkstone Periapt","Mango","Regal Pillow","Anchor","Unceasing Top","Incense Burner"],"acts_visited":["Exordium","TheCity","TheBeyond","TheEnding"],"potions_floor_usage":[55],"damage_taken":[{"damage":2.0,"enemies":"Jaw Worm","floor":1.0,"turns":5.0},{"damage":0.0,"enemies":"Cultist","floor":2.0,"turns":3.0},{"damage":0.0,"enemies":"Small Slimes","floor":3.0,"turns":3.0},{"damage":6.0,"enemies":"Exordium Thugs","floor":4.0,"turns":5.0},{"damage":8.0,"enemies":"Gremlin Nob","floor":6.0,"turns":3.0},{"damage":1.0,"enemies":"Blue Slaver","floor":8.0,"turns":3.0},{"damage":0.0,"enemies":"Lagavulin","floor":11.0,"turns":3.0},{"damage":6.0,"enemies":"The Guardian","floor":16.0,"turns":8.0},{"damage":0.0,"enemies":"Spheric Guardian","floor":18.0,"turns":1.0},{"damage":0.0,"enemies":"Shell Parasite","floor":20.0,"turns":2.0},{"damage":0.0,"enemies":"Centurion and Healer","floor":22.0,"turns":2.0},{"damage":0.0,"enemies":"Gremlin Leader","floor":23.0,"turns":4.0},{"damage":0.0,"enemies":"Book of Stabbing","floor":25.0,"turns":3.0},{"damage":8.0,"enemies":"Snake Plant","floor":27.0,"turns":2.0},{"damage":0.0,"enemies":"Shelled Parasite and Fungi","floor":28.0,"turns":2.0},{"damage":0.0,"enemies":"Snecko","floor":29.0,"turns":3.0},{"damage":3.0,"enemies":"Slavers","floor":31.0,"turns":5.0},{"damage":0.0,"enemies":"Champ","floor":33.0,"turns":7.0},{"damage":0.0,"enemies":"3 Shapes","floor":35.0,"turns":3.0},{"damage":0.0,"enemies":"3 Darklings","floor":36.0,"turns":3.0},{"damage":0.0,"enemies":"4 Shapes","floor":37.0,"turns":5.0},{"damage":0.0,"enemies":"Transient","floor":38.0,"turns":5.0},{"damage":0.0,"enemies":"Reptomancer","floor":40.0,"turns":3.0},{"damage":0.0,"enemies":"2 Orb Walkers","floor":41.0,"turns":4.0},{"damage":0.0,"enemies":"Nemesis","floor":44.0,"turns":3.0},{"damage":0.0,"enemies":"Jaw Worm Horde","floor":45.0,"turns":1.0},{"damage":0.0,"enemies":"Giant Head","floor":46.0,"turns":5.0},{"damage":0.0,"enemies":"Reptomancer","floor":48.0,"turns":4.0},{"damage":27.0,"enemies":"Time Eater","floor":50.0,"turns":7.0},{"damage":21.0,"enemies":"Shield and Spear","floor":54.0,"turns":5.0},{"damage":46,"enemies":"The Heart","floor":55,"turns":11}],"seed_played":"-9008274204136630622","potions_obtained":[{"floor":1.0,"key":"Ambrosia"},{"floor":2.0,"key":"AttackPotion"},{"floor":16.0,"key":"StancePotion"},{"floor":27.0,"key":"StancePotion"},{"floor":28.0,"key":"BottledMiracle"},{"floor":31.0,"key":"Energy Potion"},{"floor":40.0,"key":"Explosive Potion"},{"floor":46.0,"key":"SneckoOil"},{"floor":48.0,"key":"Energy Potion"},{"floor":54.0,"key":"StancePotion"}],"is_trial":false,"path_per_floor":["M","M","M","M","?","E","R","M","T","R","E","?","$","?","R","B",null,"M","?","M","?","M","E","R","E","T","M","M","M","?","E","R","B",null,"M","M","M","M","$","E","?","R","T","E","M","E","$","E","R","B",null,"R","$","E","B",null],"character_chosen":"WATCHER","items_purchased":["FlurryOfBlows","Kunai","Wallop","Adaptation","Ragnarok"],"campfire_rested":1,"item_purchase_floors":[13,39,39,47,47],"current_hp_per_floor":[59,59,59,53,53,45,45,44,44,44,44,44,44,33,33,27,58,58,37,37,37,37,37,57,57,57,49,49,49,49,46,46,46,63,63,63,63,63,63,63,77,77,77,77,77,77,77,77,77,50,74,74,74,53,7],"gold":74,"neow_bonus":"REMOVE_TWO","is_daily":false,"chose_seed":false,"campfire_upgraded":6,"win_rate":0.0,"timestamp":1612423461,"path_taken":["M","M","M","M","?","E","R","?","T","R","E","?","?","?","R","BOSS","M","?","M","?","M","E","R","E","T","M","M","M","?","E","R","BOSS","M","?","M","M","$","E","?","R","T","E","M","E","?","E","R","BOSS","R","$","E","BOSS"],"items_purchased_type":["Card","Relic","Card","Card","Card"],"build_version":"2020-12-22","purchased_purges":2,"victory":true,"max_hp_per_floor":[68,68,68,68,68,68,68,68,68,68,68,68,68,68,68,68,68,68,68,68,68,68,68,68,68,68,68,68,68,68,68,68,68,68,68,68,68,68,68,68,82,82,82,82,82,82,82,82,82,82,82,82,82,82,82],"card_choices":[{"not_picked":["Fasting2","ClearTheMind"],"picked":"Protect","floor":1.0},{"not_picked":["Evaluate","Meditate"],"picked":"CutThroughFate","floor":2.0},{"not_picked":["JustLucky","Evaluate"],"picked":"CrushJoints","floor":3.0},{"not_picked":["ThirdEye","Vengeance"],"picked":"FearNoEvil","floor":4.0},{"not_picked":["DeusExMachina","Consecrate"],"picked":"Scrawl","floor":6.0},{"not_picked":["SashWhip","Crescendo","Evaluate"],"picked":"SKIP","floor":8.0},{"not_picked":["SashWhip","PathToVictory"],"picked":"Judgement","floor":11.0},{"not_picked":["Alpha","SpiritShield"],"picked":"Vault","floor":16.0},{"not_picked":["BowlingBash","LikeWater","Halt"],"picked":"SKIP","floor":18.0},{"not_picked":["Vengeance","PathToVictory"],"picked":"CutThroughFate+1","floor":20.0},{"not_picked":["WreathOfFlame","FlyingSleeves","DeceiveReality","Tantrum"],"picked":"SKIP","floor":22.0},{"not_picked":["Ragnarok","Perseverance","DeceiveReality+1"],"picked":"DevaForm","floor":23.0},{"not_picked":["Tantrum","Brilliance","WindmillStrike"],"picked":"WheelKick","floor":25.0},{"not_picked":["Consecrate+1","BowlingBash","PathToVictory"],"picked":"Vengeance+1","floor":27.0},{"not_picked":["CrushJoints","JustLucky","Nirvana"],"picked":"Protect","floor":28.0},{"not_picked":["Adaptation","FollowUp","ClearTheMind"],"picked":"WaveOfTheHand","floor":29.0},{"not_picked":["WreathOfFlame","Prostrate","CrushJoints"],"picked":"Blasphemy","floor":31.0},{"not_picked":["DeusExMachina","LessonLearned","Blasphemy"],"picked":"Ragnarok","floor":33.0},{"not_picked":["SashWhip","CarveReality"],"picked":"SKIP","floor":35.0},{"not_picked":["EmptyBody","Halt"],"picked":"SKIP","floor":36.0},{"not_picked":["SandsOfTime+1"],"picked":"CutThroughFate","floor":37.0},{"not_picked":["SashWhip","Perseverance"],"picked":"SKIP","floor":38.0},{"not_picked":["LessonLearned"],"picked":"Wireheading","floor":40.0},{"not_picked":["Prostrate","FlyingSleeves"],"picked":"SKIP","floor":44.0},{"not_picked":["WindmillStrike","FlyingSleeves"],"picked":"SKIP","floor":45.0},{"not_picked":["FlyingSleeves","PathToVictory"],"picked":"SKIP","floor":46.0},{"not_picked":["FlurryOfBlows+1","Prostrate"],"picked":"SKIP","floor":48.0},{"not_picked":["DeceiveReality","Vengeance"],"picked":"SKIP","floor":54.0}],"player_experience":987968,"relics_obtained":[{"floor":6.0,"key":"Whetstone"},{"floor":9.0,"key":"Ancient Tea Set"},{"floor":11.0,"key":"Sundial"},{"floor":19.0,"key":"Enchiridion"},{"floor":23.0,"key":"FossilizedHelix"},{"floor":25.0,"key":"CloakClasp"},{"floor":26.0,"key":"Turnip"},{"floor":31.0,"key":"CaptainsWheel"},{"floor":40.0,"key":"Darkstone Periapt"},{"floor":41.0,"key":"Mango"},{"floor":44.0,"key":"Regal Pillow"},{"floor":46.0,"key":"Anchor"},{"floor":48.0,"key":"Unceasing Top"},{"floor":54.0,"key":"Incense Burner"}],"event_choices":[{"damage_healed":0.0,"max_hp_gain":0.0,"max_hp_loss":0.0,"gold_gain":50.0,"event_name":"Golden Shrine","player_choice":"Pray","floor":5.0,"gold_loss":0.0,"damage_taken":0.0},{"damage_healed":0.0,"max_hp_gain":0.0,"max_hp_loss":0.0,"gold_gain":0.0,"cards_transformed":["Strike_P"],"event_name":"Transmorgrifier","player_choice":"Transformed","floor":12.0,"gold_loss":0.0,"damage_taken":0.0,"cards_obtained":["Indignation"]},{"damage_healed":0.0,"max_hp_gain":0.0,"max_hp_loss":0.0,"gold_gain":0.0,"event_name":"Scrap Ooze","player_choice":"Success","floor":14.0,"gold_loss":0.0,"damage_taken":11.0,"relics_obtained":["Centennial Puzzle"]},{"damage_healed":0.0,"max_hp_gain":0.0,"max_hp_loss":0.0,"gold_gain":0.0,"event_name":"Cursed Tome","player_choice":"Obtained Book","floor":19.0,"gold_loss":0.0,"damage_taken":21.0},{"damage_healed":0.0,"max_hp_gain":0.0,"max_hp_loss":0.0,"gold_gain":0.0,"event_name":"Addict","player_choice":"Obtained Relic","floor":21.0,"gold_loss":85.0,"damage_taken":0.0,"relics_obtained":["Question Card"]},{"damage_healed":0.0,"max_hp_gain":0.0,"max_hp_loss":0.0,"gold_gain":0.0,"event_name":"Upgrade Shrine","player_choice":"Upgraded","floor":30.0,"gold_loss":0.0,"damage_taken":0.0,"cards_upgraded":["WaveOfTheHand"]},{"damage_healed":0.0,"max_hp_gain":0.0,"max_hp_loss":0.0,"gold_gain":0.0,"event_name":"Mysterious Sphere","player_choice":"Fight","floor":41.0,"gold_loss":0.0,"damage_taken":0.0}],"is_beta":false,"boss_relics":[{"not_picked":["Empty Cage","Philosopher\u0027s Stone"],"picked":"Snecko Eye"},{"not_picked":["Velvet Choker","Calling Bell"],"picked":"Busted Crown"}],"items_purged_floors":[13,39],"is_endless":false,"potions_floor_spawned":[1,2,16,27,28,29,31,38,40,46,48,54],"ascension_level":15}}