{"host":"ipy8buq3e4d47khg","time":1612428020,"event":{"mods":["BaseMod","Colored Map","Colored Powertips","Minty Spire (QoL Compilation)","Quick Restart","Replay The Spire","Shop Mod","StSLib"],"gold_per_floor":[109,34,34,68,85,116,133,133,133],"floor_reached":8,"language":"ENG","playtime":567,"items_purged":["Strike_P"],"score":81,"play_id":"926b2256-804d-4a61-9faf-ddd59d8ddc75","local_time":"20210204004020","is_ascension_mode":false,"campfire_choices":[],"circlet_count":0,"master_deck":["Strike_P","Strike_P","Strike_P","Defend_P","Defend_P","Defend_P","Defend_P","Eruption","Vigilance","Conclude","Regret","Replay:AtTheReady","FlurryOfBlows","JustLucky","DeceiveReality"],"relics":["PureWater","NeowsBlessing","Girya","Pocketwatch","Ancient Tea Set"],"acts_visited":["Exordium"],"potions_floor_usage":[],"damage_taken":[{"damage":0,"enemies":"Jaw Worm","floor":1,"turns":1},{"damage":0,"enemies":"2 Louse","floor":5,"turns":1},{"damage":0,"enemies":"3 Sentries","floor":6,"turns":1},{"damage":0,"enemies":"Small Slimes","floor":7,"turns":2},{"damage":51,"enemies":"Replay:BlueRogue","floor":8,"turns":7}],"seed_played":"1981245905943625183","potions_obtained":[{"floor":1,"key":"BottledMiracle"},{"floor":6,"key":"ColorlessPotion"}],"is_trial":false,"path_per_floor":["M","$","?","?","M","E","M","E"],"character_chosen":"WATCHER","items_purchased":[],"campfire_rested":0,"item_purchase_floors":[],"current_hp_per_floor":[72,72,72,44,44,44,44,0,0],"gold":133,"neow_bonus":"THREE_ENEMY_KILL","is_daily":false,"chose_seed":false,"campfire_upgraded":0,"win_rate":0.0,"timestamp":1612428020,"path_taken":["M","$","?","?","?","E","M","E"],"items_purchased_type":[],"build_version":"2020-12-22","purchased_purges":1,"victory":false,"max_hp_per_floor":[72,72,72,72,72,72,72,72,72],"card_choices":[{"not_picked":["BattleHymn","SignatureMove"],"picked":"Conclude","floor":1},{"not_picked":["Replay:ManipulateFuture","BowlingBash"],"picked":"Replay:AtTheReady","floor":4},{"not_picked":["WreathOfFlame","SashWhip"],"picked":"FlurryOfBlows","floor":5},{"not_picked":["Prostrate","EmptyFist"],"picked":"JustLucky","floor":6},{"not_picked":["SignatureMove","Vengeance"],"picked":"DeceiveReality","floor":7}],"player_experience":233626,"relics_obtained":[{"floor":4,"key":"Pocketwatch"},{"floor":6,"key":"Ancient Tea Set"}],"event_choices":[{"damage_healed":0,"gold_gain":0,"player_choice":"Box","damage_taken":0,"relics_obtained":["Girya"],"max_hp_gain":0,"max_hp_loss":0,"event_name":"Big Fish","floor":3,"gold_loss":0,"cards_obtained":["Regret"]}],"is_beta":false,"boss_relics":[],"items_purged_floors":[2],"is_endless":false,"potions_floor_spawned":[1,6],"killed_by":"Replay:BlueRogue","ascension_level":0}}