{"host":"5w7hw1ne5h7avrl9","time":1612421108,"event":{"mods":["AchievementEnabler","BaseMod","Colored Map","Colored Powertips","Displayed Cursed Tome","Googly Eyes","Minty Spire (QoL Compilation)","SuperFastMode"],"gold_per_floor":[111,129,129,197,207,207,237,254,254,272,129,149,149,165,165,268,268,281,3,18,33,47,47,47,59,59,59,59,59,78,78,78],"floor_reached":31,"language":"ENG","playtime":1567,"items_purged":["Defend_B","Strike_B"],"score":265,"play_id":"6b30a813-aba3-4db6-9ec4-eb72e8e9b827","local_time":"20210203224508","is_ascension_mode":true,"campfire_choices":[{"data":"Loop","floor":6,"key":"SMITH"},{"floor":13,"key":"REST"},{"data":"Scrape","floor":15,"key":"SMITH"},{"data":"Streamline","floor":23,"key":"SMITH"},{"data":"Self Repair","floor":27,"key":"SMITH"}],"circlet_count":0,"master_deck":["Strike_B","Strike_B","Strike_B+1","Defend_B","Defend_B","Defend_B","Zap","Dualcast+1","Loop+1","Gash","Streamline+1","Leap","Conserve Battery","Amplify","Self Repair+1","Scrape+1","All For One","Scrape+1","Gash","Rebound+1","Doom and Gloom+1","Self Repair","RitualDagger","Gash","Clumsy","Heatsinks+1"],"relics":["Cracked Core","NeowsBlessing","Shuriken","Bottled Flame","FossilizedHelix","Cursed Key","Happy Flower"],"acts_visited":["Exordium","TheCity"],"potions_floor_usage":[14,16,16,20,20,22,22,31],"damage_taken":[{"damage":0,"enemies":"Jaw Worm","floor":1,"turns":1},{"damage":0,"enemies":"Cultist","floor":2,"turns":1},{"damage":0,"enemies":"2 Louse","floor":5,"turns":1},{"damage":31,"enemies":"Lagavulin","floor":7,"turns":5},{"damage":16,"enemies":"Exordium Thugs","floor":8,"turns":4},{"damage":0,"enemies":"3 Louse","floor":10,"turns":2},{"damage":0,"enemies":"2 Fungi Beasts","floor":12,"turns":2},{"damage":5,"enemies":"Gremlin Gang","floor":14,"turns":3},{"damage":43,"enemies":"The Guardian","floor":16,"turns":13},{"damage":16,"enemies":"Shell Parasite","floor":18,"turns":4},{"damage":0,"enemies":"Chosen","floor":20,"turns":3},{"damage":14,"enemies":"3 Cultists","floor":21,"turns":5},{"damage":40,"enemies":"Snake Plant","floor":22,"turns":4},{"damage":22,"enemies":"Sentry and Sphere","floor":25,"turns":4},{"damage":8,"enemies":"Snecko","floor":30,"turns":5},{"damage":12,"enemies":"3 Cultists","floor":31,"turns":2}],"seed_played":"1426863399062574718","potions_obtained":[{"floor":1,"key":"Strength Potion"},{"floor":5,"key":"CultistPotion"},{"floor":7,"key":"LiquidBronze"},{"floor":10,"key":"Strength Potion"},{"floor":18,"key":"Regen Potion"},{"floor":20,"key":"PotionOfCapacity"},{"floor":21,"key":"ColorlessPotion"}],"is_trial":false,"path_per_floor":["M","M","?","T","M","R","E","M","T","M","$","M","R","M","R","B",null,"M","$","M","M","M","R","?","M","T","R","$","?","M","M"],"character_chosen":"DEFECT","items_purchased":["Self Repair","Gash","Block Potion","Regen Potion"],"campfire_rested":1,"item_purchase_floors":[11,19,19,19],"current_hp_per_floor":[75,75,60,60,60,60,29,13,13,13,13,13,35,44,44,15,75,59,59,68,68,51,51,45,30,30,30,30,16,8,0,0],"gold":78,"neow_bonus":"THREE_ENEMY_KILL","is_daily":false,"chose_seed":false,"campfire_upgraded":4,"win_rate":0.0,"timestamp":1612421108,"path_taken":["M","M","?","?","M","R","E","?","T","M","$","M","R","M","R","BOSS","M","$","?","?","M","R","?","M","T","R","$","?","M","M"],"items_purchased_type":["Card","Card","Potion","Potion"],"build_version":"2020-12-22","purchased_purges":2,"victory":false,"max_hp_per_floor":[75,75,75,75,75,75,75,75,75,75,75,75,75,75,75,75,75,75,75,75,75,75,75,75,75,75,75,75,80,80,80,80],"card_choices":[{"not_picked":["Force Field","Rebound"],"picked":"Loop","floor":1},{"not_picked":["Beam Cell","Compile Driver"],"picked":"Gash","floor":2},{"not_picked":["Consume","Force Field"],"picked":"Streamline","floor":5},{"not_picked":["Hello World","Steam"],"picked":"Leap","floor":7},{"not_picked":["Compile Driver","Cold Snap"],"picked":"Conserve Battery","floor":8},{"not_picked":["Go for the Eyes","Beam Cell"],"picked":"Amplify","floor":10},{"not_picked":["Streamline","Rebound"],"picked":"Scrape","floor":12},{"not_picked":["Sweeping Beam","Skim","Streamline"],"picked":"SKIP","floor":14},{"not_picked":["Electrodynamics","Biased Cognition"],"picked":"All For One","floor":16},{"not_picked":["Steam","White Noise"],"picked":"Scrape+1","floor":18},{"not_picked":["Cold Snap+1","Lockon"],"picked":"Rebound+1","floor":20},{"not_picked":["Reinforced Body","Barrage"],"picked":"Doom and Gloom+1","floor":21},{"not_picked":["Darkness","Rip and Tear+1"],"picked":"Self Repair","floor":22},{"not_picked":["Undo","Streamline"],"picked":"Gash","floor":25},{"not_picked":["Streamline","Beam Cell"],"picked":"Heatsinks+1","floor":30}],"player_experience":186493,"relics_obtained":[{"floor":4,"key":"Shuriken"},{"floor":7,"key":"Bottled Flame"},{"floor":9,"key":"FossilizedHelix"},{"floor":26,"key":"Happy Flower"}],"event_choices":[{"damage_healed":0,"gold_gain":0,"player_choice":"Entered Light","damage_taken":15,"max_hp_gain":0,"max_hp_loss":0,"event_name":"Shining Light","floor":3,"gold_loss":0,"cards_upgraded":["Strike_B","Dualcast"]},{"damage_healed":0,"gold_gain":0,"player_choice":"Joined the Cult","damage_taken":6,"max_hp_gain":0,"max_hp_loss":0,"event_name":"Nest","floor":24,"gold_loss":0,"cards_obtained":["RitualDagger"]},{"damage_healed":0,"gold_gain":0,"player_choice":"Shed Blood","damage_taken":19,"max_hp_gain":5,"max_hp_loss":0,"event_name":"Forgotten Altar","floor":29,"gold_loss":0}],"is_beta":false,"boss_relics":[{"not_picked":["SacredBark","Black Star"],"picked":"Cursed Key"}],"items_purged_floors":[11,19],"is_endless":false,"potions_floor_spawned":[1,5,7,10,18,20,21],"killed_by":"3 Cultists","ascension_level":2}}