{"host":"6wux4armhsntp4yb","time":1612422854,"event":{"mods":["BaseMod","Colored Map","DeckTracker","Minty Spire (QoL Compilation)","Relic Stats"],"gold_per_floor":[119,119,2,2,17,44,44,54,54,79,79,97,108,126,126,197,197,209,424,437,75,85,85,102,102,102,112,112,112,112],"floor_reached":29,"language":"JPN","playtime":1815,"items_purged":["Strike_G","Strike_G"],"score":524,"play_id":"45cdf322-ba68-4fc6-8d9a-c0f9c524c458","local_time":"20210204161414","is_ascension_mode":true,"campfire_choices":[{"data":"Skewer","floor":7.0,"key":"SMITH"},{"data":"Acrobatics","floor":11.0,"key":"SMITH"},{"floor":15.0,"key":"REST"},{"data":"Tactician","floor":23,"key":"SMITH"},{"floor":25,"key":"REST"},{"floor":28,"key":"REST"}],"circlet_count":0,"master_deck":["AscendersBane","Strike_G","Strike_G","Strike_G","Defend_G","Defend_G","Defend_G","Defend_G","Defend_G","Survivor","Neutralize","Skewer+1","Infinite Blades","Grand Finale","Acrobatics+1","Concentrate","Expertise","Prepared","Backflip","Tools of the Trade","Tactician+1","Dagger Throw","Well Laid Plans","Calculated Gamble","Finesse","PiercingWail"],"relics":["Ring of the Snake","NeowsBlessing","Ginger","Question Card","Bottled Flame","Shovel","HoveringKite","Old Coin","Molten Egg 2"],"acts_visited":["Exordium","TheCity"],"potions_floor_usage":[27,29],"damage_taken":[{"damage":0.0,"enemies":"2 Louse","floor":1.0,"turns":1.0},{"damage":0.0,"enemies":"Jaw Worm","floor":5.0,"turns":1.0},{"damage":0.0,"enemies":"Lagavulin","floor":6.0,"turns":1.0},{"damage":1.0,"enemies":"Small Slimes","floor":8.0,"turns":3.0},{"damage":26.0,"enemies":"Gremlin Nob","floor":10.0,"turns":4.0},{"damage":3.0,"enemies":"Blue Slaver","floor":12.0,"turns":4.0},{"damage":2.0,"enemies":"Exordium Thugs","floor":13.0,"turns":3.0},{"damage":1.0,"enemies":"Red Slaver","floor":14.0,"turns":3.0},{"damage":17.0,"enemies":"The Guardian","floor":16.0,"turns":10.0},{"damage":14.0,"enemies":"Chosen","floor":18.0,"turns":5.0},{"damage":0,"enemies":"Spheric Guardian","floor":20,"turns":3},{"damage":0,"enemies":"Centurion and Healer","floor":22,"turns":5},{"damage":37,"enemies":"Cultist and Chosen","floor":24,"turns":7},{"damage":15,"enemies":"Snecko","floor":27,"turns":6},{"damage":25,"enemies":"Snake Plant","floor":29,"turns":3}],"seed_played":"3288006428661918802","potions_obtained":[{"floor":1.0,"key":"GamblersBrew"},{"floor":6.0,"key":"Explosive Potion"},{"floor":13.0,"key":"GamblersBrew"},{"floor":14.0,"key":"Fire Potion"},{"floor":20,"key":"SteroidPotion"},{"floor":27,"key":"CunningPotion"}],"is_trial":false,"path_per_floor":["M","?","$","?","M","E","R","M","T","E","R","M","M","M","R","B",null,"M","?","M","$","M","R","M","R","T","M","R","M"],"character_chosen":"THE_SILENT","items_purchased":["Infinite Blades","Well Laid Plans","Calculated Gamble","Finesse"],"campfire_rested":3,"item_purchase_floors":[3,21,21,21],"current_hp_per_floor":[59,41,41,41,41,41,41,40,40,14,14,11,9,8,27,10,52,38,38,38,38,38,38,1,20,20,5,24,0,0],"gold":112,"neow_bonus":"THREE_ENEMY_KILL","is_daily":false,"chose_seed":false,"campfire_upgraded":3,"win_rate":0.0,"timestamp":1612422854,"path_taken":["M","?","$","?","M","E","R","M","T","E","R","M","M","M","R","BOSS","M","?","M","$","M","R","M","R","T","M","R","M"],"items_purchased_type":["Card","Card","Card","Card"],"build_version":"2020-12-22","purchased_purges":2,"victory":false,"max_hp_per_floor":[66,66,66,66,66,66,66,66,66,66,66,66,66,66,66,66,66,66,66,66,66,66,66,66,66,66,66,66,66,66],"relic_stats":{"Shovel":0,"counters":[15,59],"HoveringKite":[28],"Ginger":[19],"Question Card":11,"obtain_stats":[{"Bottled Flame":9,"Shovel":10,"NeowsBlessing":0,"HoveringKite":17,"Molten Egg 2":26,"Ginger":2,"Question Card":6,"Ring of the Snake":0,"Old Coin":19},{"Bottled Flame":4,"Shovel":5,"NeowsBlessing":0,"HoveringKite":9,"Molten Egg 2":13,"Ginger":1,"Question Card":3,"Ring of the Snake":0,"Old Coin":10},{"Bottled Flame":6,"Shovel":10,"NeowsBlessing":0,"HoveringKite":30,"Molten Egg 2":50,"Ginger":1,"Question Card":3,"Ring of the Snake":0,"Old Coin":35}],"Ring of the Snake":[30]},"card_choices":[{"not_picked":["Masterful Stab","Bane"],"picked":"Skewer","floor":1.0},{"not_picked":["Blade Dance","Outmaneuver","Dodge and Roll"],"picked":"SKIP","floor":5.0},{"not_picked":["Outmaneuver","Flying Knee"],"picked":"Grand Finale","floor":6.0},{"not_picked":["Dagger Throw","Bane","Blade Dance"],"picked":"Acrobatics","floor":8.0},{"not_picked":["Catalyst","Setup","Cloak And Dagger"],"picked":"Concentrate","floor":10.0},{"not_picked":["Catalyst","Setup","Glass Knife"],"picked":"Expertise","floor":12.0},{"not_picked":["Underhanded Strike","Slice","Outmaneuver"],"picked":"Prepared","floor":13.0},{"not_picked":["Outmaneuver","Dagger Spray","Flying Knee"],"picked":"Backflip","floor":14.0},{"not_picked":["Glass Knife","Bullet Time","Venomology"],"picked":"Tools of the Trade","floor":16.0},{"not_picked":["Poisoned Stab","Expertise+1","Outmaneuver"],"picked":"Tactician","floor":18.0},{"not_picked":["Outmaneuver","Bane","Underhanded Strike"],"picked":"Dagger Throw","floor":20},{"not_picked":["Sucker Punch","Choke","Blade Dance","Cloak And Dagger"],"picked":"SKIP","floor":22},{"not_picked":["Dagger Spray","Slice+1","Expertise","Accuracy"],"picked":"SKIP","floor":24},{"not_picked":["Dagger Throw+1","Doppelganger","Dash+1"],"picked":"PiercingWail","floor":27}],"player_experience":5839871,"relics_obtained":[{"floor":6.0,"key":"Question Card"},{"floor":9.0,"key":"Bottled Flame"},{"floor":10.0,"key":"Shovel"},{"floor":26,"key":"Molten Egg 2"}],"event_choices":[{"damage_healed":0.0,"max_hp_gain":0.0,"max_hp_loss":0.0,"gold_gain":0.0,"event_name":"Scrap Ooze","player_choice":"Success","floor":2.0,"gold_loss":0.0,"damage_taken":18.0,"relics_obtained":["Ginger"]},{"damage_healed":0.0,"max_hp_gain":0.0,"max_hp_loss":0.0,"gold_gain":0.0,"event_name":"Shining Light","player_choice":"Ignored","floor":4.0,"gold_loss":0.0,"damage_taken":0.0},{"damage_healed":0.0,"max_hp_gain":0.0,"max_hp_loss":0.0,"gold_gain":0.0,"event_name":"Addict","player_choice":"Obtained Relic","floor":19.0,"gold_loss":85.0,"damage_taken":0.0,"relics_obtained":["Old Coin"]}],"is_beta":false,"boss_relics":[{"not_picked":["SlaversCollar","Coffee Dripper"],"picked":"HoveringKite"}],"items_purged_floors":[3,21],"is_endless":false,"potions_floor_spawned":[1,6,13,14,20,27],"killed_by":"Snake Plant","ascension_level":20}}