{"host":"5w7hw1ne5h7avrl9","time":1612416641,"event":{"mods":["AchievementEnabler","BaseMod","Colored Map","Colored Powertips","Displayed Cursed Tome","Googly Eyes","Minty Spire (QoL Compilation)","SuperFastMode"],"gold_per_floor":[116,26,42,42,42,42,42,42,42,60,78,78,78,78,78,78,78],"floor_reached":16,"language":"ENG","playtime":404,"items_purged":[],"score":97,"play_id":"ff83c46e-3010-410c-9a42-e495734967a0","local_time":"20210203213041","is_ascension_mode":true,"campfire_choices":[{"data":"Cold Snap","floor":6,"key":"SMITH"},{"data":"Finesse","floor":8,"key":"SMITH"},{"data":"Cold Snap","floor":13,"key":"SMITH"},{"data":"Zap","floor":15,"key":"SMITH"}],"circlet_count":0,"master_deck":["Strike_B","Strike_B","Strike_B+1","Defend_B","Defend_B","Defend_B","Defend_B+1","Zap+1","Dualcast","Redo","Finesse+1","Cold Snap+1","Gash","Cold Snap+1"],"relics":["Cracked Core","NeowsBlessing","Mango","FaceOfCleric"],"acts_visited":["Exordium"],"potions_floor_usage":[],"damage_taken":[{"damage":0,"enemies":"Small Slimes","floor":1,"turns":1},{"damage":0,"enemies":"Jaw Worm","floor":3,"turns":1},{"damage":0,"enemies":"Cultist","floor":10,"turns":1},{"damage":8,"enemies":"Looter","floor":11,"turns":3},{"damage":64,"enemies":"Slime Boss","floor":16,"turns":8}],"seed_played":"7386377622919601086","potions_obtained":[{"floor":11,"key":"Ancient Potion"}],"is_trial":false,"path_per_floor":["M","$","M","?","$","R","?","R","T","M","M","?","R","?","R","B"],"character_chosen":"DEFECT","items_purchased":["Finesse"],"campfire_rested":0,"item_purchase_floors":[2],"current_hp_per_floor":[75,75,75,75,75,75,60,60,74,74,66,59,59,59,59,0,0],"gold":78,"neow_bonus":"THREE_ENEMY_KILL","is_daily":false,"chose_seed":false,"campfire_upgraded":4,"win_rate":0.0,"timestamp":1612416641,"path_taken":["M","$","M","?","$","R","?","R","T","M","M","?","R","?","R","BOSS"],"items_purchased_type":["Card"],"build_version":"2020-12-22","purchased_purges":0,"victory":false,"max_hp_per_floor":[75,75,75,75,75,75,75,75,89,89,89,89,89,89,89,89,89],"card_choices":[{"not_picked":["Leap","BootSequence"],"picked":"Redo","floor":1},{"not_picked":["Fusion","FTL"],"picked":"Cold Snap","floor":3},{"not_picked":["Sweeping Beam","Chaos"],"picked":"Gash","floor":10},{"not_picked":["Storm","Redo"],"picked":"Cold Snap","floor":11}],"player_experience":183224,"relics_obtained":[{"floor":9,"key":"Mango"}],"event_choices":[{"damage_healed":0,"gold_gain":0,"player_choice":"Leave","damage_taken":0,"max_hp_gain":0,"max_hp_loss":0,"event_name":"The Cleric","floor":4,"gold_loss":0},{"damage_healed":0,"gold_gain":0,"player_choice":"Entered Light","damage_taken":15,"max_hp_gain":0,"max_hp_loss":0,"event_name":"Shining Light","floor":7,"gold_loss":0,"cards_upgraded":["Defend_B","Strike_B"]},{"cards_removed":["Strike_B"],"damage_healed":0,"gold_gain":0,"player_choice":"Card Removal","damage_taken":7,"max_hp_gain":0,"max_hp_loss":0,"event_name":"Golden Wing","floor":12,"gold_loss":0},{"damage_healed":0,"gold_gain":0,"player_choice":"Trade","damage_taken":0,"relics_obtained":["FaceOfCleric"],"max_hp_gain":0,"max_hp_loss":0,"event_name":"FaceTrader","floor":14,"gold_loss":0}],"is_beta":false,"boss_relics":[],"items_purged_floors":[],"is_endless":false,"potions_floor_spawned":[11],"killed_by":"Slime Boss","ascension_level":2}}