{"host":"3tyeyqdkopu0dn2g","time":1612451565,"event":{"mods":["AchievementEnabler","BaseMod","BetterRewards","Minty Spire (QoL Compilation)","Quick Restart","Shop Mod","noobMod"],"gold_per_floor":[110,127,138,150,160,160,193,39,39,70,82,107,133,45,45,140,140,160,176,193,15,35,35,54,81,81,41,41,57,69,102,102,207,207,217,27,0,16,33,33,61,61,61,87,87,87,87,107,107,107],"floor_reached":51,"language":"ZHS","playtime":2988,"items_purged":["Strike_R","Strike_R","Strike_R","Strike_R"],"score":1315,"play_id":"0653aa0f-3abf-4716-a436-c8c84e2f3f99","local_time":"20210204231245","is_ascension_mode":true,"campfire_choices":[{"data":"Armaments","floor":6.0,"key":"SMITH"},{"data":"Searing Blow","floor":11,"key":"SMITH"},{"data":"Searing Blow+1","floor":15,"key":"SMITH"},{"data":"Barricade","floor":23,"key":"SMITH"},{"data":"Dark Embrace","floor":32,"key":"SMITH"},{"data":"Heavy Blade","floor":40,"key":"SMITH"},{"data":"Power Through","floor":42,"key":"SMITH"},{"data":"Immolate","floor":49,"key":"SMITH"}],"circlet_count":0,"master_deck":["Defend_R","Defend_R","Defend_R","Defend_R","Bash","Searing Blow+2","Armaments+1","Dual Wield","Barricade+1","True Grit+1","Entrench+1","Shrug It Off","Feel No Pain","Fire Breathing","Heavy Blade+1","Dark Embrace+1","Immolate+1","Power Through+1","Second Wind"],"relics":["Burning Blood","ice","Medical Kit","Meat on the Bone","Happy Flower","MawBank","Philosopher\u0027s Stone","White Beast Statue","SlaversCollar","Red Mask","MealTicket","The Courier","Lizard Tail"],"acts_visited":["Exordium","TheCity","TheBeyond"],"potions_floor_usage":[7,29,30,31,33,35,38],"damage_taken":[{"damage":0.0,"enemies":"Small Slimes","floor":1.0,"turns":3.0},{"damage":1.0,"enemies":"Cultist","floor":2.0,"turns":3.0},{"damage":4.0,"enemies":"2 Louse","floor":3.0,"turns":3.0},{"damage":4.0,"enemies":"Exordium Wildlife","floor":4.0,"turns":4.0},{"damage":62.0,"enemies":"Gremlin Gang","floor":5.0,"turns":7.0},{"damage":40,"enemies":"Gremlin Nob","floor":7,"turns":6},{"damage":22,"enemies":"3 Sentries","floor":10,"turns":7},{"damage":0,"enemies":"2 Fungi Beasts","floor":12,"turns":4},{"damage":0,"enemies":"Exordium Thugs","floor":13,"turns":4},{"damage":22,"enemies":"Hexaghost","floor":16,"turns":9},{"damage":0,"enemies":"Chosen","floor":18,"turns":4},{"damage":73,"enemies":"3 Byrds","floor":19,"turns":6},{"damage":6,"enemies":"Centurion and Healer","floor":20,"turns":5},{"damage":22,"enemies":"Snake Plant","floor":22,"turns":6},{"damage":9,"enemies":"Snecko","floor":24,"turns":7},{"damage":18,"enemies":"Gremlin Leader","floor":25,"turns":14},{"damage":7,"enemies":"Centurion and Healer","floor":29,"turns":9},{"damage":0,"enemies":"3 Cultists","floor":30,"turns":7},{"damage":71,"enemies":"Slavers","floor":31,"turns":9},{"damage":0,"enemies":"Champ","floor":33,"turns":13},{"damage":51,"enemies":"3 Darklings","floor":35,"turns":6},{"damage":5,"enemies":"Orb Walker","floor":38,"turns":5},{"damage":18,"enemies":"Spire Growth","floor":39,"turns":8},{"damage":37,"enemies":"Nemesis","floor":41,"turns":9},{"damage":14,"enemies":"Giant Head","floor":44,"turns":9},{"damage":43,"enemies":"Jaw Worm Horde","floor":48,"turns":5},{"damage":0,"enemies":"Time Eater","floor":50,"turns":11}],"seed_played":"-6035304353577475746","potions_obtained":[{"floor":3.0,"key":"Ancient Potion"},{"floor":5.0,"key":"GamblersBrew"},{"floor":12,"key":"Dexterity Potion"},{"floor":16,"key":"FearPotion"},{"floor":29,"key":"Fire Potion"},{"floor":30,"key":"FearPotion"},{"floor":31,"key":"BloodPotion"},{"floor":33,"key":"DistilledChaos"},{"floor":35,"key":"SpeedPotion"},{"floor":38,"key":"Fruit Juice"},{"floor":39,"key":"Explosive Potion"},{"floor":41,"key":"Regen Potion"}],"is_trial":false,"path_per_floor":["M","M","M","M","M","R","E","$","T","E","R","M","M","$","R","B",null,"M","M","M","$","M","R","M","E","T","?","$","M","M","E","R","B",null,"M","$","?","M","M","R","E","R","T","E","$","?","$","M","R","B",null],"character_chosen":"IRONCLAD","items_purchased":["Medical Kit","Searing Blow","Dual Wield","Shrug It Off","Power Through"],"campfire_rested":0,"item_purchase_floors":[0,0,8,21,36],"current_hp_per_floor":[78,80,80,80,24,24,68,68,68,52,52,58,64,64,64,60,106,108,53,65,65,61,61,70,70,70,70,70,81,99,46,46,64,231,234,234,234,240,228,228,197,197,197,189,204,204,219,182,182,188],"gold":107,"neow_bonus":"","is_daily":false,"chose_seed":false,"campfire_upgraded":8,"win_rate":0.0,"timestamp":1612451565,"path_taken":["M","M","M","M","M","R","E","$","T","E","R","M","M","$","R","BOSS","M","M","M","$","M","R","M","E","T","?","$","M","M","E","R","BOSS","M","$","?","M","M","R","E","R","T","E","$","?","?","M","R","BOSS"],"items_purchased_type":["Relic","Card","Card","Card","Card"],"build_version":"2020-12-22","purchased_purges":4,"victory":true,"max_hp_per_floor":[80,80,80,80,80,80,81,81,81,88,88,91,93,93,93,106,106,108,140,141,141,150,150,155,190,190,190,190,196,204,224,224,231,231,242,242,242,251,261,261,275,275,275,281,281,281,281,289,289,304],"card_choices":[{"not_picked":["Disarm","Thunderclap"],"picked":"Armaments","floor":1.0},{"not_picked":["Dropkick","Wild Strike","Clash"],"picked":"SKIP","floor":2.0},{"not_picked":["Armaments","Dark Embrace","Combust"],"picked":"SKIP","floor":3.0},{"not_picked":["Body Slam","Twin Strike","Warcry"],"picked":"SKIP","floor":4.0},{"not_picked":["Metallicize","Warcry","Headbutt"],"picked":"SKIP","floor":5.0},{"not_picked":["Demon Form","Wild Strike","Combust"],"picked":"SKIP","floor":7},{"not_picked":["Clothesline","Warcry","Clash"],"picked":"SKIP","floor":10},{"not_picked":["Disarm","Inflame","Cleave"],"picked":"SKIP","floor":12},{"not_picked":["Pummel","Power Through","Sentinel"],"picked":"SKIP","floor":13},{"not_picked":["Corruption","Demon Form"],"picked":"Barricade","floor":16},{"not_picked":["Anger","Shrug It Off"],"picked":"True Grit+1","floor":18},{"not_picked":["Havoc","Hemokinesis"],"picked":"Entrench","floor":19},{"not_picked":["Whirlwind+1","Iron Wave+1","Havoc"],"picked":"SKIP","floor":20},{"not_picked":["Warcry","Double Tap"],"picked":"Feel No Pain","floor":22},{"not_picked":["Disarm","Sever Soul","Cleave"],"picked":"SKIP","floor":24},{"not_picked":["Feel No Pain","Burning Pact"],"picked":"Fire Breathing","floor":25},{"not_picked":["Pommel Strike","Perfected Strike"],"picked":"Heavy Blade","floor":29},{"not_picked":["Pommel Strike","Flex"],"picked":"Dark Embrace","floor":30},{"not_picked":["Ghostly Armor+1","Spot Weakness","Anger"],"picked":"SKIP","floor":31},{"not_picked":["Double Tap","Demon Form"],"picked":"Immolate","floor":33},{"not_picked":["Clothesline","Rampage","Feel No Pain+1"],"picked":"SKIP","floor":35},{"not_picked":["Bloodletting+1","Metallicize+1","Wild Strike+1"],"picked":"SKIP","floor":38},{"not_picked":["Havoc+1","Uppercut+1","Dual Wield+1"],"picked":"SKIP","floor":39},{"not_picked":["Whirlwind","Thunderclap","Uppercut+1"],"picked":"SKIP","floor":41},{"not_picked":["Iron Wave","Shrug It Off+1"],"picked":"Second Wind","floor":44},{"not_picked":["Headbutt+1","Heavy Blade","Dark Embrace+1"],"picked":"SKIP","floor":48}],"player_experience":188965,"relics_obtained":[{"floor":7,"key":"Meat on the Bone"},{"floor":9,"key":"Happy Flower"},{"floor":10,"key":"MawBank"},{"floor":25,"key":"White Beast Statue"},{"floor":41,"key":"MealTicket"},{"floor":43,"key":"The Courier"},{"floor":44,"key":"Lizard Tail"}],"event_choices":[{"damage_healed":0,"gold_gain":0,"player_choice":"Upgrade","damage_taken":0,"max_hp_gain":0,"max_hp_loss":0,"event_name":"Designer","floor":27,"gold_loss":40,"cards_upgraded":["Entrench"]},{"damage_healed":0,"gold_gain":0,"player_choice":"Paid","damage_taken":0,"relics_obtained":["Red Mask"],"max_hp_gain":0,"max_hp_loss":0,"event_name":"Tomb of Lord Red Mask","floor":37,"gold_loss":27},{"cards_removed":["Strike_R"],"damage_healed":0,"gold_gain":0,"player_choice":"Removed Attack","damage_taken":0,"max_hp_gain":0,"max_hp_loss":0,"event_name":"Falling","floor":46,"gold_loss":0}],"is_beta":false,"boss_relics":[{"not_picked":["Pandora\u0027s Box","Cursed Key"],"picked":"Philosopher\u0027s Stone"},{"not_picked":["Calling Bell","Black Star"],"picked":"SlaversCollar"}],"items_purged_floors":[8,14,21,36],"is_endless":false,"potions_floor_spawned":[3,5,12,16,18,20,22,29,30,31,33,35,38,39,41,44,48],"ascension_level":2}}