{"host":"9slw7l0ws16384qq","time":1612446494,"event":{"mods":["A Penny For Your Troubles","BaseMod","Colored Map","Downfall","Evolution","Hubris","Minty Spire (QoL Compilation)","Replay The Spire","StS++","StSLib"],"gold_per_floor":[99,112,124,224,237,237,237,252,15,15,15,15,50,107,121,217,217,117,134,154,154,39,39,39,39,51,51,119,119,131,151,165,261,261,161,181,195,108,124,134,159,159,159,159,159,178,178,194,205,205,205,205],"floor_reached":50,"language":"FRA","playtime":6779,"items_purged":["Normality","Delirium"],"score":764,"play_id":"f58c8712-af77-4d29-b9f0-2aa7c11233ae","local_time":"20210204144814","is_ascension_mode":true,"campfire_choices":[{"data":"Guardian:PrimingBeam","floor":1.0,"key":"SMITH"},{"data":"Guardian:StasisStrike","floor":6.0,"key":"SMITH"},{"data":"Guardian:ShieldSpikes","floor":10.0,"key":"SMITH"},{"data":"Finesse","floor":12,"key":"SMITH"},{"data":"Guardian:PrimingBeam","floor":18,"key":"SMITH"},{"data":"Guardian:PrimingBeam","floor":25,"key":"SMITH"},{"data":"Guardian:ExploitGems","floor":29,"key":"SMITH"},{"floor":42,"key":"REST"},{"floor":44,"key":"REST"},{"floor":47,"key":"REST"}],"circlet_count":0,"master_deck":["AscendersBane","Guardian:PrimingBeam+1","Guardian:PrimingBeam+1","Guardian:Strike_Guardian","Guardian:Strike_Guardian","Guardian:Defend_Guardian","Guardian:Defend_Guardian","Guardian:Defend_Guardian","Guardian:Defend_Guardian","Guardian:CurlUp+1","Guardian:TwinSlam","downfall:Haunted","downfall:Haunted","Guardian:ShieldSpikes+1","Finesse+1","Guardian:PrimingBeam+1","Guardian:ExploitGems+1","Parasite","Guardian:StasisStrike"],"relics":["Guardian:ModeShifter","EVO:Axolotl","Regal Pillow","Darkstone Periapt","ReplayFunnel","hubris:OldNail","hubris:CrackedHourglass","downfall:HeartBlessingBlue","Guardian:PickAxe","Replay:WaspNest","Guardian:StasisSlotReductionRelic","downfall:HeartBlessingGreen","Nunchaku"],"acts_visited":["Exordium","TheCity","TheBeyond"],"potions_floor_usage":[14,15,39,50],"damage_taken":[{"damage":6.0,"enemies":"Cultist","floor":2.0,"turns":4.0},{"damage":2.0,"enemies":"Jaw Worm","floor":3.0,"turns":4.0},{"damage":3.0,"enemies":"Small Slimes","floor":5.0,"turns":3.0},{"damage":11.0,"enemies":"Blue Slaver","floor":8.0,"turns":3.0},{"damage":5.0,"enemies":"downfall:FleeingMerchant","floor":9.0,"turns":4.0},{"damage":16,"enemies":"Gremlin Nob","floor":13,"turns":5},{"damage":0,"enemies":"Gremlin Nob","floor":14,"turns":4},{"damage":0,"enemies":"Large Slime","floor":15,"turns":8},{"damage":25,"enemies":"SI_SHIV_ARCHETYPE","floor":16,"turns":12},{"damage":13,"enemies":"Chosen","floor":19,"turns":6},{"damage":17,"enemies":"Shell Parasite","floor":20,"turns":9},{"damage":1,"enemies":"downfall:FleeingMerchant","floor":22,"turns":4},{"damage":11,"enemies":"Snake Plant","floor":26,"turns":6},{"damage":2,"enemies":"Sentry and Sphere","floor":30,"turns":7},{"damage":12,"enemies":"Centurion and Healer","floor":31,"turns":9},{"damage":21,"enemies":"Snake Plant","floor":32,"turns":3},{"damage":50,"enemies":"WA_ARCHETYPE_CALM","floor":33,"turns":10},{"damage":31,"enemies":"3 Darklings","floor":36,"turns":6},{"damage":8,"enemies":"Orb Walker","floor":37,"turns":5},{"damage":0,"enemies":"downfall:FleeingMerchant","floor":38,"turns":4},{"damage":47,"enemies":"Transient","floor":39,"turns":5},{"damage":16,"enemies":"3 Darklings","floor":40,"turns":7},{"damage":0,"enemies":"Jaw Worm Horde","floor":46,"turns":7},{"damage":6,"enemies":"Writhing Mass","floor":48,"turns":13},{"damage":5,"enemies":"Spire Growth","floor":49,"turns":8},{"damage":225,"enemies":"IC_BLOCK_ARCHETYPE","floor":50,"turns":6}],"seed_played":"-1209310316599493684","potions_obtained":[{"floor":2.0,"key":"Fire Potion"},{"floor":8.0,"key":"Explosive Potion"},{"floor":14,"key":"FearPotion"},{"floor":19,"key":"Weak Potion"},{"floor":39,"key":"LiquidBronze"}],"is_trial":false,"path_per_floor":["R","M","M","?","M","R","T","M","$","R","?","R","E","?","M","B",null,"R_BF","M","M","?","$","?","T","R","M","?","T","R","M","M","M","B",null,"R_BF","M","M","$","M","M","T","R","?","R","?","M","R","M","M","B"],"character_chosen":"GUARDIAN","items_purchased":["Finesse","Guardian:PrimingBeam","Guardian:Gem_Blue"],"campfire_rested":3,"item_purchase_floors":[9,9,38],"current_hp_per_floor":[72,66,64,99,96,96,96,85,80,80,85,85,69,69,69,44,101,111,98,81,124,123,123,123,123,112,112,112,112,110,98,77,27,104,104,73,65,65,18,2,2,56,56,110,110,110,130,130,125,0,0,0],"gold":205,"neow_bonus":"RANDOM_COMMON_RELIC","is_daily":false,"chose_seed":false,"campfire_upgraded":7,"win_rate":0.0,"timestamp":1612446494,"path_taken":["R","M","?","?","M","R","T","M","$","R","?","R","E","?","M","BOSS","R_BF","M","M","?","$","?","T","R","M","?","?","R","M","?","M","BOSS","R_BF","M","M","$","M","M","T","R","?","R","?","M","R","M","M","BOSS"],"items_purchased_type":["Card","Card","Card"],"build_version":"2020-12-22","purchased_purges":2,"victory":false,"max_hp_per_floor":[80,80,80,115,115,115,115,115,115,115,120,120,120,120,120,120,120,130,130,130,130,130,130,130,130,130,130,130,130,130,130,130,130,130,130,130,130,130,130,130,130,130,130,130,130,130,130,136,136,136,136,136],"card_choices":[{"not_picked":["Guardian:BronzeOrb","Guardian:Gem_Lightblue"],"picked":"Guardian:Gem_Blue","floor":2.0},{"not_picked":["Guardian:Incinerate","Guardian:Suspension","Guardian:Gem_Lightblue"],"picked":"SKIP","floor":3.0},{"not_picked":["Guardian:Gem_Yellow","Guardian:Gem_Purple"],"picked":"Guardian:Gem_Synthetic","floor":5.0},{"not_picked":["Guardian:PiercingHide","Guardian:DecasProtection","Guardian:ChargeCore"],"picked":"SKIP","floor":8.0},{"not_picked":["Guardian:Planning","Guardian:Suspension"],"picked":"Guardian:ShieldSpikes","floor":9.0},{"not_picked":["Guardian:Gem_Crimson","Guardian:Preprogram","Guardian:Reroute"],"picked":"SKIP","floor":13},{"not_picked":["Guardian:PolyBeam","Guardian:TimeBomb","Guardian:ChargeCore"],"picked":"SKIP","floor":15},{"not_picked":["Guardian:GemFinder","Guardian:HyperBeam_Guardian"],"picked":"Guardian:ExploitGems","floor":16},{"not_picked":["Guardian:Orbwalk+1","Guardian:Gem_Red","Guardian:Clone"],"picked":"SKIP","floor":19},{"not_picked":["Guardian:Orbwalk+1","Guardian:Gem_Red","Guardian:Clone"],"picked":"SKIP","floor":19},{"not_picked":["Guardian:PrimingBeam","Guardian:DonusPower","Guardian:BodySlam"],"picked":"SKIP","floor":20},{"not_picked":["Guardian:PrismaticBeam","Guardian:Reroute","Guardian:EvasiveProtocol"],"picked":"SKIP","floor":22},{"not_picked":["Guardian:Incinerate+1","Guardian:PiercingHide"],"picked":"Guardian:Gem_Cyan","floor":26},{"not_picked":["Guardian:TemporalShield","Guardian:RollAttack+1"],"picked":"Guardian:Gem_Synthetic","floor":30},{"not_picked":["Guardian:Gem_Crimson","Guardian:Suspension","Guardian:TemporalStrike"],"picked":"SKIP","floor":31},{"not_picked":["Guardian:Suspension","Guardian:ChargeCore","Guardian:Recover+1"],"picked":"SKIP","floor":32},{"not_picked":["Guardian:TimeSifter","Guardian:CompilePackage"],"picked":"Guardian:Gem_Orange","floor":33},{"not_picked":["Guardian:Reroute","Guardian:PiercingHide+1","Guardian:Gem_Purple"],"picked":"SKIP","floor":36},{"not_picked":["Guardian:Reroute+1","Guardian:TimeCapacitor","Guardian:Suspension+1"],"picked":"SKIP","floor":37},{"not_picked":["Guardian:WalkerClaw","Guardian:Planning+1","Guardian:Gem_Red"],"picked":"SKIP","floor":38},{"not_picked":["Guardian:Recover","Guardian:Suspension","Guardian:Gem_Yellow"],"picked":"SKIP","floor":39},{"not_picked":["Guardian:BodySlam","Guardian:PiercingHide","Guardian:PrimingBeam"],"picked":"SKIP","floor":40},{"not_picked":["Guardian:TemporalShield","Guardian:FuturePlans","Guardian:Planning+1"],"picked":"SKIP","floor":46},{"not_picked":["Guardian:Gem_Fragmented","Guardian:MultiBeam","Guardian:PolyBeam"],"picked":"SKIP","floor":48},{"not_picked":["Guardian:ArmoredProtocol","Guardian:FuturePlans"],"picked":"Guardian:StasisStrike","floor":49}],"player_experience":1612852,"relics_obtained":[{"floor":13,"key":"ReplayFunnel"},{"floor":14,"key":"hubris:OldNail"},{"floor":24,"key":"Guardian:PickAxe"},{"floor":28,"key":"Replay:WaspNest"},{"floor":41,"key":"Nunchaku"}],"event_choices":[{"damage_healed":0.0,"max_hp_gain":5.0,"max_hp_loss":0.0,"gold_gain":0.0,"event_name":"Big Fish","player_choice":"Donut","floor":11.0,"gold_loss":0.0,"damage_taken":0.0},{"damage_healed":43,"gold_gain":0,"player_choice":"Heal","damage_taken":0,"max_hp_gain":0,"max_hp_loss":0,"event_name":"The Library","floor":21,"gold_loss":0},{"cards_removed":["Guardian:StasisStrike"],"damage_healed":0,"gold_gain":0,"player_choice":"Removed Attack","damage_taken":0,"max_hp_gain":0,"max_hp_loss":0,"event_name":"Falling","floor":43,"gold_loss":0}],"is_beta":false,"boss_relics":[{"not_picked":["hubris:Stopwatch","Pandora\u0027s Box"],"picked":"hubris:CrackedHourglass"},{"not_picked":["Tiny House","SacredBark"],"picked":"Guardian:StasisSlotReductionRelic"}],"items_purged_floors":[9,22],"is_endless":false,"potions_floor_spawned":[2,8,13,14,19,26,33,37,39],"killed_by":"IC_BLOCK_ARCHETYPE","ascension_level":12}}