{"host":"ywbsnexmk111etbw","time":1612457494,"event":{"mods":["100% Spire Juice","Act Like it!","Arknights","Aspiration","BaseMod","Beaked The Cultist","Colored Powertips","Conspire","Curses Come First","Energized Spire","Fireblade Mod","Fox Events","Hubris","Infinite Spire","Jorbs\u0027s Wanderer Trilogy","Marisa????????","Minty Spire (QoL Compilation)","Pale of the Ancients","Permanent Neow","Reliquary","Replay The Spire","Reworked Bosses","Robot Space Explorer","StSLib","The Blackbeard","The Bladedancer","The Cursed","The Dragon Tamer","The Marked","The Mystic","The Necromancer","The Saiyan","Wandering Minibosses"],"gold_per_floor":[211,243,243,260,260,260,294,294,397,411,446,523,261,272,272,373,450,470,547,547,566,346,364,364,364,364],"floor_reached":25,"language":"ENG","playtime":1076,"items_purged":[],"score":284,"play_id":"8e9b720c-4bba-49f1-94f5-8ac46c493ceb","local_time":"20210204115134","is_ascension_mode":false,"campfire_choices":[{"data":"Necrotic_Claws","floor":6.0,"key":"SMITH"},{"floor":8.0,"key":"REST"},{"floor":15.0,"key":"REST"},{"data":"Summon_Undead_Army","floor":24,"key":"SMITH"}],"circlet_count":0,"master_deck":["Strike_W","Strike_W","Strike_W","Strike_W","Defend_W","Defend_W","Defend_W","Defend_W","Negative_Energy_Arrows","Bone_Wall","Vampiric_Strike","Bones_to_Steel","Necrotic_Claws+1","Slay_Living","Bone_Bullets","Bone_Armor","ReplayTheSpireMod:Brewmster","Bone_Armory","Negative_Energy_Burst","Summon_Vampire_Lady","Bone_Armor+1","Negative_Energy_Burst","Summon_Undead_Army+1","ReplayTheSpireMod:Muscle Training"],"relics":["Vampire_Amulet","foxEvents:LuckyCharm","aspiration:TomeofQuesting","MealTicket","hubris:CuriousFeather","reliquary:Boomerang","aspiration:RitualDagger","White Beast Statue","aspiration:Nostalgia","Iron Core"],"acts_visited":["Exordium","TheCity"],"potions_floor_usage":[18,21,21,21,23,23,23,25],"damage_taken":[{"damage":2.0,"enemies":"Small Slimes","floor":1.0,"turns":4.0},{"damage":22.0,"enemies":"Colosseum Slavers","floor":2.0,"turns":4.0},{"damage":1.0,"enemies":"Cultist","floor":4.0,"turns":4.0},{"damage":28.0,"enemies":"3 Sentries","floor":7.0,"turns":10.0},{"damage":6.0,"enemies":"Jaw Worm","floor":10.0,"turns":2.0},{"damage":28.0,"enemies":"Lagavulin","floor":11.0,"turns":7.0},{"damage":15.0,"enemies":"Looter","floor":14.0,"turns":4.0},{"damage":0.0,"enemies":"The Guardian","floor":16.0,"turns":9.0},{"damage":37,"enemies":"2 Thieves","floor":18,"turns":3},{"damage":79,"enemies":"3 Byrds","floor":21,"turns":9},{"damage":32,"enemies":"Snake Plant","floor":23,"turns":4},{"damage":74,"enemies":"Book of Stabbing","floor":25,"turns":4}],"seed_played":"8365431900099730052","potions_obtained":[{"floor":1.0,"key":"Doom Potion"},{"floor":10.0,"key":"Flashbang"},{"floor":16.0,"key":"Strength Potion"},{"floor":18,"key":"Elixir"},{"floor":21,"key":"Swift Potion"},{"floor":23,"key":"Swift Potion"}],"is_trial":false,"path_per_floor":["M","?","?","M","$","R","E","R","T","M","E","T","$","M","R","B",null,"M","T","?","M","$","M","R","E"],"character_chosen":"NECROMANCER","items_purchased":["ReplayTheSpireMod:Brewmster","Bone_Armory","aspiration:Nostalgia","Summon_Undead_Army"],"campfire_rested":2,"item_purchase_floors":[13,13,22,22],"current_hp_per_floor":[75,59,59,62,62,62,46,68,68,64,40,40,55,42,64,66,75,42,42,30,56,71,62,62,0,0],"gold":364,"neow_bonus":"HUNDRED_GOLD","is_daily":false,"chose_seed":false,"campfire_upgraded":2,"win_rate":0.0,"timestamp":1612457494,"path_taken":["M","?","?","?","$","R","E","R","T","M","E","?","?","?","R","BOSS","M","?","?","?","$","M","R","E"],"items_purchased_type":["Card","Card","Relic","Card"],"build_version":"2020-12-22","purchased_purges":0,"victory":false,"max_hp_per_floor":[75,75,75,75,75,75,75,75,75,75,75,75,75,75,75,75,75,75,75,75,75,75,75,75,75,75],"card_choices":[{"not_picked":["Spectral_Armor","Shackles_Of_Pain"],"picked":"Vampiric_Strike","floor":1.0},{"not_picked":["Life_Drain","Death_Coil"],"picked":"Necrotic_Claws","floor":4.0},{"not_picked":["Consume_Illness","Toxic_Smoke_Screen"],"picked":"Slay_Living","floor":7.0},{"not_picked":["Stop_Heart","Bone_Spikes"],"picked":"Bone_Bullets","floor":10.0},{"not_picked":["Toxic_Smoke_Screen","Bone_Prison"],"picked":"Bone_Armor","floor":11.0},{"not_picked":["Blood_Whip","Death_Knell"],"picked":"Negative_Energy_Burst","floor":14.0},{"not_picked":["Detonate_Bones","Blood_Magic"],"picked":"Summon_Vampire_Lady","floor":16.0},{"not_picked":["Bone_Bullets","Blood_Shield"],"picked":"Bone_Armor+1","floor":18},{"not_picked":["Consume_Illness","Bones_to_Steel"],"picked":"Negative_Energy_Burst","floor":21},{"not_picked":["Rebound","Pandemic"],"picked":"ReplayTheSpireMod:Muscle Training","floor":23}],"player_experience":168377,"relics_obtained":[{"floor":2.0,"key":"foxEvents:LuckyCharm"},{"floor":7.0,"key":"aspiration:TomeofQuesting"},{"floor":9.0,"key":"MealTicket"},{"floor":11.0,"key":"hubris:CuriousFeather"},{"floor":12.0,"key":"reliquary:Boomerang"},{"floor":19,"key":"White Beast Statue"}],"event_choices":[{"damage_healed":0.0,"max_hp_gain":0.0,"max_hp_loss":0.0,"gold_gain":0.0,"event_name":"Match and Keep!","player_choice":"1 cards matched","floor":3.0,"gold_loss":0.0,"damage_taken":0.0,"cards_obtained":["Bones_to_Steel"]},{"damage_healed":0,"gold_gain":0,"player_choice":"POTION ","damage_taken":12,"max_hp_gain":0,"max_hp_loss":0,"event_name":"Knowing Skull","floor":20,"potions_obtained":["AttackPotion"],"gold_loss":0,"cards_obtained":[]}],"is_beta":false,"boss_relics":[{"not_picked":["hubris:TerracottaHorce","Replay:Grab Bag"],"picked":"aspiration:RitualDagger"}],"items_purged_floors":[],"is_endless":false,"potions_floor_spawned":[1,10,16,18,21,23],"killed_by":"Book of Stabbing","ascension_level":0}}