{"host":"0ntunplbxyg40l63","time":1612455524,"event":{"mods":["BaseMod","Colored Powertips","Downfall","Minty Spire (QoL Compilation)","StSLib"],"gold_per_floor":[99,109,109,109,1,33,115,64,64,76,76,89,108,23,35,138,138,38,52,37,37,137,21,74,65,65,90,90,108,8,23,40,138,138,138,149,169,181,181,181,181,212,212,232,250,262,162,176,190,190,190,218,13,13,13,13,13,13],"floor_reached":56,"language":"ENG","playtime":3694,"items_purged":[],"score":824,"play_id":"ff01c6cb-9631-477c-bc03-cfacf708ea99","local_time":"20210204161844","is_ascension_mode":false,"campfire_choices":[{"data":"bronze:Replicate","floor":1,"key":"SMITH"},{"floor":9,"key":"RECALL"},{"floor":11,"key":"REST"},{"data":"bronze:ItsAFeature","floor":18,"key":"SMITH"},{"data":"bronze:BugBarrage","floor":28,"key":"SMITH"},{"floor":30,"key":"REST"},{"data":"bronze:BugBarrage","floor":35,"key":"SMITH"},{"floor":47,"key":"REST"},{"floor":54,"key":"REST"}],"circlet_count":0,"master_deck":["bronze:Strike","bronze:Strike","bronze:Defend","bronze:Defend","bronze:Defend","bronze:Defend","bronze:Replicate+1","bronze:Goto","bronze:Separator","bronze:BugBarrage","bronze:ItsAFeature","bronze:Shield","bronze:DelayedSlice","bronze:Shield","bronze:MaxOutput","bronze:ItsAFeature+1","bronze:FunctionCard","bronze:WildBeam","bronze:WhirlingStrike","bronze:FineTuning","bronze:BugBarrage","bronze:WhirlingStrike","bronze:FineTuning","bronze:Backtrace","bronze:Frontload","bronze:BugBarrage+1","bronze:OilSpill+1","bronze:DarkDash","bronze:BugBarrage+1","bronze:DelayedSlice+1","bronze:DelayedGuard","bronze:Allocate+1","bronze:DelayedSlice+1","bronze:DelayedSlice+1","bronze:DelayedGuard+1","bronze:DelayedSlice+1","Parasite","bronze:Separator","bronze:Allocate","bronze:InfiniteLoop"],"relics":["bronze:BronzeCore","MawBank","Pear","Black Star","downfall:HeartBlessingRed","Orichalcum","Calipers","Frozen Egg 2","StoneCalendar","Ice Cream","Regal Pillow","downfall:HeartBlessingBlue","SlaversCollar","White Beast Statue","Gambling Chip","Centennial Puzzle","downfall:HeartBlessingGreen","Lantern","Bottled Flame"],"acts_visited":["Exordium","TheCity","TheBeyond","TheEnding"],"potions_floor_usage":[13,16,20,33,33,33,38,50,52,55,56],"damage_taken":[{"damage":1,"enemies":"Jaw Worm","floor":2,"turns":3},{"damage":5,"enemies":"downfall:FleeingMerchant","floor":5,"turns":4},{"damage":60,"enemies":"Gremlin Nob","floor":6,"turns":6},{"damage":0,"enemies":"downfall:FleeingMerchant","floor":8,"turns":4},{"damage":0,"enemies":"2 Louse","floor":10,"turns":3},{"damage":0,"enemies":"Cultist","floor":12,"turns":5},{"damage":0,"enemies":"Gremlin Gang","floor":13,"turns":3},{"damage":0,"enemies":"downfall:FleeingMerchant","floor":14,"turns":4},{"damage":8,"enemies":"Red Slaver","floor":15,"turns":3},{"damage":25,"enemies":"WA_ARCHETYPE_RETAIN","floor":16,"turns":8},{"damage":5,"enemies":"Chosen","floor":19,"turns":4},{"damage":13,"enemies":"downfall:FleeingMerchant","floor":20,"turns":4},{"damage":0,"enemies":"SI_SHIV_ARCHETYPE","floor":22,"turns":7},{"damage":9,"enemies":"downfall:FleeingMerchant","floor":23,"turns":4},{"damage":0,"enemies":"downfall:FleeingMerchant","floor":25,"turns":1},{"damage":3,"enemies":"Gremlin Leader","floor":27,"turns":6},{"damage":20,"enemies":"Snake Plant","floor":29,"turns":5},{"damage":23,"enemies":"Shelled Parasite and Fungi","floor":31,"turns":6},{"damage":12,"enemies":"3 Cultists","floor":32,"turns":5},{"damage":31,"enemies":"IC_MUSHROOM_ARCHETYPE","floor":33,"turns":6},{"damage":24,"enemies":"Orb Walker","floor":36,"turns":4},{"damage":56,"enemies":"3 Shapes","floor":37,"turns":5},{"damage":16,"enemies":"Transient","floor":38,"turns":5},{"damage":13,"enemies":"Reptomancer","floor":42,"turns":6},{"damage":26,"enemies":"Maw","floor":44,"turns":5},{"damage":10,"enemies":"Spire Growth","floor":45,"turns":3},{"damage":2,"enemies":"Sphere and 2 Shapes","floor":46,"turns":5},{"damage":17,"enemies":"Writhing Mass","floor":48,"turns":7},{"damage":15,"enemies":"3 Darklings","floor":49,"turns":3},{"damage":43,"enemies":"DF_ARCHETYPE_ORBS","floor":50,"turns":8},{"damage":54,"enemies":"downfall:CharBossMerchant","floor":52,"turns":7},{"damage":35,"enemies":"downfall:NeowBoss","floor":55,"turns":14},{"damage":77,"enemies":"downfall:NeowBossFinal","floor":56,"turns":3}],"seed_played":"5693340971069510171","potions_obtained":[{"floor":2,"key":"DistilledChaos"},{"floor":12,"key":"AttackPotion"},{"floor":15,"key":"Strength Potion"},{"floor":16,"key":"Block Potion"},{"floor":19,"key":"CultistPotion"},{"floor":26,"key":"CultistPotion"},{"floor":36,"key":"Energy Potion"},{"floor":42,"key":"BlessingOfTheForge"},{"floor":44,"key":"PowerPotion"},{"floor":45,"key":"bronze:CleanCodePotion"},{"floor":52,"key":"sneckomod:MuddlingPotion"}],"is_trial":false,"path_per_floor":["R","M","?","?","$","E","T","$","R","M","R","M","M","$","M","B",null,"R","M","$","T","?","$","T","$","?","E","R","M","R","M","M","B",null,"R","M","M","M","?","?","T","E","?","M","M","M","R","M","M","B",null,"E","$","R","B","B"],"character_chosen":"THE_AUTOMATON","items_purchased":["bronze:ItsAFeature","bronze:Shield","bronze:DelayedSlice","bronze:ItsAFeature","bronze:WhirlingStrike","bronze:FineTuning","bronze:Backtrace","StoneCalendar","bronze:Frontload","bronze:InfiniteLoop","Block Potion"],"campfire_rested":4,"item_purchase_floors":[5,5,8,14,23,23,25,25,25,53,53],"current_hp_per_floor":[77,76,76,76,71,11,21,21,21,21,47,47,47,47,39,14,87,87,82,69,69,69,60,60,60,60,57,57,37,91,68,56,25,97,97,73,17,1,107,107,107,94,94,68,58,56,103,86,71,28,107,53,53,100,65,0,0,0],"gold":13,"neow_bonus":"TEN_PERCENT_HP_BONUS","is_daily":false,"chose_seed":false,"campfire_upgraded":4,"win_rate":0.0,"timestamp":1612455524,"path_taken":["R","M","?","?","$","E","T","$","R","?","R","M","M","$","M","BOSS","R","?","?","?","?","$","T","$","?","E","R","M","R","?","M","BOSS","R","M","M","M","?","?","T","E","?","M","M","M","R","M","M","BOSS","E","$","R","BOSS","BOSS"],"items_purchased_type":["Card","Card","Card","Card","Card","Card","Card","Relic","Card","Card","Potion"],"build_version":"2020-12-22","purchased_purges":0,"victory":false,"max_hp_per_floor":[77,77,77,77,77,77,87,87,87,87,87,87,87,87,87,87,87,87,87,87,87,87,87,87,87,87,87,87,87,97,97,97,97,97,97,97,97,97,107,107,107,107,107,107,107,107,107,107,107,107,107,107,107,107,107,107,107,107],"card_choices":[{"not_picked":["bronze:Allocate","bronze:Invalidate"],"picked":"bronze:Separator","floor":2},{"not_picked":["bronze:Shield","bronze:Refactor"],"picked":"bronze:BugBarrage","floor":5},{"not_picked":["bronze:DigitalCarnage","bronze:Boost","bronze:BronzeOrb"],"picked":"SKIP","floor":6},{"not_picked":["bronze:DigitalCarnage","bronze:BitShift"],"picked":"bronze:FineTuning","floor":8},{"not_picked":["bronze:DelayedGuard","bronze:InfiniteBeams"],"picked":"bronze:Shield","floor":10},{"not_picked":["bronze:Invalidate","bronze:Constructor"],"picked":"bronze:MaxOutput","floor":12},{"not_picked":["bronze:Repair","bronze:Shield"],"picked":"bronze:DelayedSlice","floor":13},{"not_picked":["bronze:Invalidate","bronze:Optimize"],"picked":"bronze:DelayedGuard","floor":14},{"not_picked":["bronze:WhirlingStrike","bronze:DelayedSlice"],"picked":"bronze:Hardcode","floor":15},{"not_picked":["bronze:ClassDefault","bronze:ChosenStrike+1"],"picked":"bronze:WildBeam","floor":19},{"not_picked":["bronze:Branch","bronze:Iterate"],"picked":"bronze:WhirlingStrike","floor":20},{"not_picked":["bronze:Overload+1","bronze:BuggyMess"],"picked":"bronze:FineTuning","floor":22},{"not_picked":["bronze:Shield","bronze:Format"],"picked":"bronze:BugBarrage","floor":23},{"not_picked":["bronze:Safeguard","bronze:BitShift","bronze:BronzeArmor"],"picked":"SKIP","floor":25},{"not_picked":["bronze:Overload+1","bronze:ForLoop+1"],"picked":"bronze:BugBarrage","floor":27},{"not_picked":["bronze:Repulsor+1","bronze:Overheat"],"picked":"bronze:OilSpill+1","floor":29},{"not_picked":["bronze:Verify+1","bronze:Turbo"],"picked":"bronze:DarkDash","floor":31},{"not_picked":["bronze:Constructor","bronze:Fortify+1"],"picked":"bronze:BugBarrage","floor":32},{"not_picked":["bronze:ThunderWave","bronze:Assembly"],"picked":"bronze:ShipIt","floor":33},{"not_picked":["bronze:BitShift","bronze:BugBarrage+1"],"picked":"bronze:DelayedSlice+1","floor":36},{"not_picked":["bronze:BuggyMess","bronze:Repulsor+1"],"picked":"bronze:DelayedGuard","floor":37},{"not_picked":["bronze:Separator","bronze:CutThrough"],"picked":"bronze:Allocate+1","floor":38},{"not_picked":["bronze:ClassDefault+1","bronze:CloningBeam+1"],"picked":"bronze:DelayedSlice+1","floor":42},{"not_picked":["bronze:InfiniteBeams+1","bronze:BuggyMess"],"picked":"bronze:DelayedSlice+1","floor":44},{"not_picked":["bronze:Invalidate+1","bronze:Philosophize+1"],"picked":"bronze:DelayedGuard+1","floor":45},{"not_picked":["bronze:WhirlingStrike+1","bronze:Repair"],"picked":"bronze:DelayedSlice+1","floor":46},{"not_picked":["bronze:FollowUp","bronze:Return"],"picked":"bronze:Separator","floor":48},{"not_picked":["bronze:Constructor","bronze:HardenedForm+1","bronze:Branch+1"],"picked":"SKIP","floor":49},{"not_picked":["bronze:DarkDash+1","bronze:Invalidate"],"picked":"bronze:Allocate","floor":52}],"player_experience":45731,"relics_obtained":[{"floor":6,"key":"MawBank"},{"floor":7,"key":"Pear"},{"floor":21,"key":"Orichalcum"},{"floor":22,"key":"Calipers"},{"floor":22,"key":"Frozen Egg 2"},{"floor":27,"key":"Ice Cream"},{"floor":27,"key":"Regal Pillow"},{"floor":41,"key":"White Beast Statue"},{"floor":42,"key":"Gambling Chip"},{"floor":42,"key":"Centennial Puzzle"},{"floor":52,"key":"Lantern"},{"floor":52,"key":"Bottled Flame"}],"event_choices":[{"cards_removed":["bronze:Strike"],"damage_healed":0,"gold_gain":0,"player_choice":"Card Removal","damage_taken":0,"max_hp_gain":0,"max_hp_loss":0,"event_name":"The Cleric","floor":3,"gold_loss":0},{"cards_removed":["bronze:FineTuning"],"damage_healed":0,"gold_gain":0,"player_choice":"Removed Skill","damage_taken":0,"max_hp_gain":0,"max_hp_loss":0,"event_name":"Falling","floor":40,"gold_loss":0}],"is_beta":false,"boss_relics":[{"not_picked":["Snecko Eye","Empty Cage"],"picked":"Black Star"},{"not_picked":["Philosopher\u0027s Stone","SacredBark"],"picked":"SlaversCollar"}],"items_purged_floors":[],"is_endless":false,"potions_floor_spawned":[2,12,15,16,19,27,29,31,32,36,42,44,45,46,48,49,52],"killed_by":"downfall:NeowBossFinal","ascension_level":0}}