{"host":"eu5wvbbtjeiar27l","time":1612442665,"event":{"mods":["Astrologer","BaseMod","Colored Powertips","Conspire","Energized Spire","Hubris","Infinite Spire","Mad Scientist","Melee Mod","Minty Spire (QoL Compilation)","Potionbrewer","Rare Cards Sparkle","StSLib","The Construct","The Jungle","The Runesmith","The Valiant","Treasure Hunter"],"gold_per_floor":[119,119,119,135,135,135,164,177,177,191,209,237,237,237,237,367,367,388,431,452,8,29,29,70,170,195,195,215,215,215,215,215,335,335,355,368,381,401,101,101,141,162,162,176,194,218,261,277,277,402,402,414,364,372,375,250,250,253,302,325,325,327,327,327,343,343,443,443,453,467,467,467,467,467,487,487,514,514,240,240,240,252,252,327,327,329,329,329,73,295,295,315,315,315,315,323,323,323,323,323,297,297],"floor_reached":101,"language":"ENG","playtime":14503,"items_purged":["Defend_B","Defend_B","Defend_B","Strike_B+1","Defend_B"],"score":1658,"play_id":"6f317ee5-23a7-47e8-a768-56ff5b926739","local_time":"20210204124425","is_ascension_mode":false,"campfire_choices":[{"data":"infinitespire:Starlight","floor":6,"key":"SMITH"},{"data":"Zap","floor":15,"key":"SMITH"},{"floor":23,"key":"REST"},{"data":"Chill","floor":27,"key":"SMITH"},{"data":"infinitespire:Starlight","floor":30,"key":"SMITH"},{"floor":32,"key":"REST"},{"data":"Gash","floor":40,"key":"SMITH"},{"data":"Capacitor","floor":49,"key":"SMITH"},{"data":"Barrage","floor":57,"key":"SMITH"},{"data":"Ball Lightning","floor":61,"key":"SMITH"},{"data":"Ball Lightning","floor":64,"key":"SMITH"},{"data":"Ball Lightning","floor":66,"key":"SMITH"},{"data":"Electrodynamics","floor":74,"key":"SMITH"},{"data":"Electrodynamics","floor":76,"key":"SMITH"},{"data":"Beam Cell","floor":78,"key":"SMITH"},{"data":"Ball Lightning","floor":81,"key":"SMITH"},{"data":"Gash","floor":83,"key":"SMITH"},{"data":"Ball Lightning","floor":91,"key":"SMITH"},{"data":"infinitespire:FutureSight","floor":93,"key":"SMITH"},{"data":"infinitespire:UltimateForm","floor":100,"key":"SMITH"}],"circlet_count":0,"master_deck":["Strike_B+1","Zap+1","Dualcast","Gash+1","Ball Lightning+1","infinitespire:Starlight+1","Beam Cell+1","Capacitor+1","Ball Lightning+1","Gash","Ball Lightning+1","Chill","Chill+1","BootSequence","Genetic Algorithm","infinitespire:Starlight+1","Echo Form","Barrage","Gash+1","Glacier","hubris:PowerSurge","Barrage+1","Barrage","Barrage","Barrage+1","Gash+1","Electrodynamics+1","Ball Lightning+1","Ball Lightning+1","Gash+1","Capacitor+1","Electrodynamics+1","Gash","Gash","Cold Snap","infinitespire:FutureSight+1","infinitespire:UltimateForm+1","infinitespire:NeuralNetwork","Blizzard"],"relics":["Cracked Core","hubris:PeanutButter","Whetstone","infinitespire:Lucky Rock","Bloody Idol","Red Mask","infinitespire:ShieldingShard","Strawberry","Dream Catcher","conspire:TopHat","energizedSpire:UnstableMolecules","infinitespire:PuzzleCube","Runesmith:AutoHammer","DataDisk","conspire:SlowCooker","Winged Necklace","hubris:BallOfYels","conspire:SpecialSausage","MutagenicStrength","hubris:SoftwareUpdate","Juzu Bracelet","Pen Nib","energizedSpire:RedRose","hubris:Towel","hubris:RGBLights","Bottled Lightning","construct:FoamFinger","hubris:Icosahedron"],"acts_visited":["Exordium","TheCity","TheBeyond","Exordium","TheCity","TheBeyond"],"potions_floor_usage":[19,19,33,33,42,67,67,67,75,84,84,84,101,101],"damage_taken":[{"damage":1,"enemies":"Jaw Worm","floor":1,"turns":3},{"damage":5,"enemies":"Small Slimes","floor":4,"turns":3},{"damage":34,"enemies":"3 Sentries","floor":7,"turns":7},{"damage":0,"enemies":"Cultist","floor":8,"turns":3},{"damage":13,"enemies":"Large Slime","floor":10,"turns":4},{"damage":1,"enemies":"2 Fungi Beasts","floor":11,"turns":3},{"damage":26,"enemies":"Gremlin Nob","floor":12,"turns":4},{"damage":38,"enemies":"The Guardian","floor":16,"turns":8},{"damage":40,"enemies":"2 Thieves","floor":18,"turns":5},{"damage":53,"enemies":"Masked Bandits","floor":19,"turns":5},{"damage":14,"enemies":"Spheric Guardian","floor":20,"turns":4},{"damage":2,"enemies":"Snecko","floor":22,"turns":4},{"damage":60,"enemies":"Nightmare","floor":24,"turns":7},{"damage":6,"enemies":"Snake Plant","floor":28,"turns":5},{"damage":27,"enemies":"conspire:MysteriousRune","floor":33,"turns":9},{"damage":13,"enemies":"Orb Walker","floor":35,"turns":4},{"damage":48,"enemies":"3 Darklings","floor":36,"turns":5},{"damage":0,"enemies":"Transient","floor":37,"turns":5},{"damage":55,"enemies":"Maw","floor":38,"turns":8},{"damage":64,"enemies":"Nemesis","floor":41,"turns":9},{"damage":3,"enemies":"Sphere and 2 Shapes","floor":42,"turns":6},{"damage":16,"enemies":"Spire Growth","floor":44,"turns":6},{"damage":20,"enemies":"Maw","floor":45,"turns":7},{"damage":9,"enemies":"Sphere and 2 Shapes","floor":46,"turns":7},{"damage":0,"enemies":"conspire:MimicChest","floor":47,"turns":4},{"damage":0,"enemies":"Jaw Worm Horde","floor":48,"turns":5},{"damage":60,"enemies":"Donu and Deca","floor":50,"turns":9},{"damage":0,"enemies":"2 Louse","floor":52,"turns":2},{"damage":0,"enemies":"Small Slimes","floor":54,"turns":2},{"damage":0,"enemies":"Cultist","floor":55,"turns":4},{"damage":0,"enemies":"3 Louse","floor":58,"turns":3},{"damage":0,"enemies":"3 Sentries","floor":59,"turns":4},{"damage":0,"enemies":"Gremlin Gang","floor":62,"turns":3},{"damage":0,"enemies":"Blue Slaver","floor":65,"turns":2},{"damage":15,"enemies":"The Guardian","floor":67,"turns":6},{"damage":0,"enemies":"Spheric Guardian","floor":69,"turns":2},{"damage":0,"enemies":"Chosen","floor":70,"turns":3},{"damage":0,"enemies":"Book of Stabbing","floor":75,"turns":3},{"damage":0,"enemies":"Shelled Parasite and Fungi","floor":82,"turns":2},{"damage":29,"enemies":"Collector","floor":84,"turns":5},{"damage":0,"enemies":"Orb Walker","floor":86,"turns":3},{"damage":15,"enemies":"Nemesis","floor":92,"turns":3},{"damage":0,"enemies":"3 Shapes","floor":96,"turns":1},{"damage":77,"enemies":"infinitespire:MassOfShapes","floor":101,"turns":4}],"seed_played":"-6986175697998041164","potions_obtained":[{"floor":1,"key":"potionbrewer:NoxiousPotion"},{"floor":4,"key":"Swift Potion"},{"floor":8,"key":"DistilledChaos"},{"floor":22,"key":"Strength Potion"},{"floor":33,"key":"potionbrewer:DiscountPotion"},{"floor":37,"key":"Swift Potion"},{"floor":41,"key":"SteroidPotion"},{"floor":42,"key":"AttackPotion"},{"floor":54,"key":"potionbrewer:SplittingPotion"},{"floor":67,"key":"potionbrewer:StunPotion"},{"floor":75,"key":"AttackPotion"},{"floor":86,"key":"EssenceOfSteel"},{"floor":92,"key":"potionbrewer:MidasPotion"}],"is_trial":false,"path_per_floor":["M","?","?","M","?","R","E","M","T","M","M","E","?","?","R","B",null,"M","?","M","$","M","R","NM","?","T","R","M","AVR","R","?","R","B",null,"M","M","M","M","$","R","E","M","T","M","M","M","?","M","R","B",null,"M","?","M","M","$","R","M","?","T","R","M","?","R","M","R","B",null,"M","M","?","?","?","R","E","R","T","R","$","?","R","M","R","B",null,"M","?","?","$","?","R","E","R","T","AVR","M","?","?","?","R","B"],"character_chosen":"DEFECT","items_purchased":["infinitespire:ShieldingShard","Chill","BootSequence","Gash","Glacier","hubris:PowerSurge","Chill","Gash","Pen Nib","hubris:RGBLights"],"campfire_rested":2,"item_purchase_floors":[21,21,21,39,39,39,79,79,79,89],"current_hp_per_floor":[74,74,74,69,51,51,32,47,47,49,63,49,31,31,31,8,75,50,12,13,13,26,48,10,10,10,10,19,19,19,19,43,46,82,69,49,79,63,63,63,29,56,56,70,62,68,82,82,82,37,82,82,82,82,82,82,82,82,82,82,82,82,82,82,82,82,67,82,82,82,82,82,82,82,82,82,82,82,82,82,82,82,82,73,82,82,82,82,82,82,82,72,72,72,72,77,77,77,77,77,0,0],"gold":297,"neow_bonus":"TRANSFORM_CARD","is_daily":false,"chose_seed":false,"campfire_upgraded":18,"win_rate":0.0,"timestamp":1612442665,"path_taken":["M","?","?","?","?","R","E","M","T","M","M","E","?","?","R","BOSS","M","?","M","?","M","R","NM","?","T","R","?","AVR","R","?","R","BOSS","M","?","M","M","$","R","E","M","T","M","M","M","?","M","R","BOSS","M","?","M","M","$","R","M","?","T","R","M","?","R","M","R","BOSS","M","M","?","?","?","R","E","R","T","R","$","?","R","M","R","BOSS","M","?","?","$","?","R","E","R","T","AVR","M","?","?","?","R","BOSS"],"items_purchased_type":["Relic","Card","Card","Card","Card","Card","Card","Card","Relic","Relic"],"build_version":"2020-12-22","purchased_purges":5,"victory":false,"max_hp_per_floor":[75,75,75,75,75,75,75,75,75,75,75,75,75,75,75,75,75,75,75,75,75,75,75,82,82,82,82,82,82,82,82,82,82,82,82,82,82,82,82,82,82,82,82,82,82,82,82,82,82,82,82,82,82,82,82,82,82,82,82,82,82,82,82,82,82,82,82,82,82,82,82,82,82,82,82,82,82,82,82,82,82,82,82,82,82,82,82,82,82,82,82,82,82,82,82,82,82,82,82,82,82,82],"card_choices":[{"not_picked":["Go for the Eyes","Rebound"],"picked":"Gash","floor":1},{"not_picked":["Beam Cell","Doom and Gloom"],"picked":"Ball Lightning","floor":4},{"not_picked":["infinitespire:Execution","infinitespire:Fortify"],"picked":"infinitespire:Starlight","floor":5},{"not_picked":["Genetic Algorithm","Scrape"],"picked":"Beam Cell","floor":7},{"not_picked":["TH:CopperCoins","TH:ElvenBoots"],"picked":"SKIP","floor":7},{"not_picked":["Amplify","Tempest","Go for the Eyes"],"picked":"SKIP","floor":8},{"not_picked":["TH:CopperCoins","TH:DeckOfManyThings"],"picked":"SKIP","floor":9},{"not_picked":["Compile Driver","Glacier"],"picked":"Capacitor","floor":10},{"not_picked":["Rip and Tear","Glacier"],"picked":"Ball Lightning","floor":11},{"not_picked":["TH:ArmorSpikes","TH:DeckOfManyThings"],"picked":"SKIP","floor":12},{"not_picked":["Steam","Compile Driver","Go for the Eyes"],"picked":"SKIP","floor":12},{"not_picked":["Sweeping Beam+1","Redo"],"picked":"Gash","floor":18},{"not_picked":["Stack+1","Blizzard+1"],"picked":"Ball Lightning","floor":19},{"not_picked":["Conserve Battery","Turbo"],"picked":"Chill","floor":20},{"not_picked":["Barrage","Coolheaded"],"picked":"Genetic Algorithm","floor":22},{"not_picked":["TH:DeckOfManyThings","TH:BikiniMail"],"picked":"SKIP","floor":24},{"not_picked":["Steam","Force Field","Steam Power+1"],"picked":"SKIP","floor":24},{"not_picked":["TH:CopperCoins","TH:CursedSword"],"picked":"SKIP","floor":26},{"not_picked":["conspire:SharedLibrary","Multi-Cast","Melter"],"picked":"SKIP","floor":28},{"not_picked":["hubris:Prefetch","hubris:DoWhile"],"picked":"Echo Form","floor":33},{"not_picked":["Reprogram","Steam+1"],"picked":"Barrage","floor":35},{"not_picked":["Cold Snap","Turbo","Stack+1"],"picked":"SKIP","floor":36},{"not_picked":["Rebound+1","Streamline+1","Sweeping Beam+1"],"picked":"SKIP","floor":37},{"not_picked":["conspire:Rain+1","Force Field","Rebound+1"],"picked":"SKIP","floor":38},{"not_picked":["Stack+1","Static Discharge"],"picked":"Barrage","floor":41},{"not_picked":["TH:TreasureMap","TH:DeckOfManyThings"],"picked":"SKIP","floor":41},{"not_picked":["Cold Snap","Steam Power"],"picked":"Barrage","floor":42},{"not_picked":["TH:ElvenBoots","TH:PixieDust"],"picked":"SKIP","floor":43},{"not_picked":["Hologram+1","Tempest+1","Skim"],"picked":"SKIP","floor":44},{"not_picked":["White Noise","Steam"],"picked":"Barrage","floor":45},{"not_picked":["Cold Snap+1","Leap"],"picked":"Barrage+1","floor":46},{"not_picked":["Stack","Coolheaded+1"],"picked":"Gash+1","floor":48},{"not_picked":["Seek","Multi-Cast"],"picked":"Electrodynamics","floor":50},{"not_picked":["Hologram","Double Energy","Self Repair"],"picked":"SKIP","floor":52},{"not_picked":["conspire:Rain","Coolheaded","Lockon"],"picked":"SKIP","floor":54},{"not_picked":["Stack","Sweeping Beam","Redo"],"picked":"SKIP","floor":55},{"not_picked":["Stack","Sweeping Beam","Redo"],"picked":"SKIP","floor":55},{"not_picked":["Compile Driver","Genetic Algorithm"],"picked":"Ball Lightning","floor":58},{"not_picked":["TH:BikiniMail","TH:ArmorSpikes"],"picked":"SKIP","floor":60},{"not_picked":["Reinforced Body","Turbo"],"picked":"Ball Lightning","floor":62},{"not_picked":["Sweeping Beam","Reinforced Body"],"picked":"Gash","floor":65},{"not_picked":["Turbo","Steam","Redo"],"picked":"SKIP","floor":69},{"not_picked":["Sweeping Beam","Hello World"],"picked":"Capacitor+1","floor":70},{"not_picked":["TH:CopperCoins","TH:Mimic"],"picked":"SKIP","floor":75},{"not_picked":["Barrage","Static Discharge","Self Repair"],"picked":"SKIP","floor":75},{"not_picked":["TH:PixieDust","TH:ArmorSpikes"],"picked":"SKIP","floor":77},{"not_picked":["Beam Cell","Leap"],"picked":"Gash","floor":82},{"not_picked":["Compile Driver+1","White Noise"],"picked":"Cold Snap","floor":86},{"not_picked":["infinitespire:Execution","infinitespire:FinalStrike"],"picked":"infinitespire:FutureSight","floor":86},{"not_picked":["TH:PixieDust","TH:CursedSword"],"picked":"SKIP","floor":92},{"not_picked":["Darkness","Go for the Eyes+1","Lockon"],"picked":"SKIP","floor":92},{"not_picked":["TH:EnergyPotion","TH:PixieDust"],"picked":"SKIP","floor":94},{"not_picked":["White Noise+1","Self Repair+1"],"picked":"Blizzard","floor":96}],"player_experience":205305,"relics_obtained":[{"floor":7,"key":"hubris:PeanutButter"},{"floor":9,"key":"Whetstone"},{"floor":12,"key":"infinitespire:Lucky Rock"},{"floor":19,"key":"Red Mask"},{"floor":24,"key":"Strawberry"},{"floor":26,"key":"Dream Catcher"},{"floor":41,"key":"infinitespire:PuzzleCube"},{"floor":43,"key":"Runesmith:AutoHammer"},{"floor":47,"key":"DataDisk"},{"floor":59,"key":"Winged Necklace"},{"floor":60,"key":"hubris:BallOfYels"},{"floor":75,"key":"hubris:SoftwareUpdate"},{"floor":77,"key":"Juzu Bracelet"},{"floor":92,"key":"Bottled Lightning"},{"floor":94,"key":"construct:FoamFinger"}],"event_choices":[{"cards_removed":["Strike_B"],"damage_healed":0,"gold_gain":0,"player_choice":"Offered Basic","damage_taken":0,"max_hp_gain":0,"max_hp_loss":0,"event_name":"Bonfire Elementals","floor":3,"gold_loss":0},{"damage_healed":0,"gold_gain":0,"player_choice":"Take Damage","damage_taken":18,"relics_obtained":["Golden Idol"],"max_hp_gain":0,"max_hp_loss":0,"event_name":"Golden Idol","floor":13,"gold_loss":0},{"damage_healed":0,"gold_gain":0,"player_choice":"Ignored","damage_taken":0,"max_hp_gain":0,"max_hp_loss":0,"event_name":"Liars Game","floor":14,"gold_loss":0},{"damage_healed":0,"gold_gain":0,"player_choice":"Fought Bandits","damage_taken":0,"max_hp_gain":0,"max_hp_loss":0,"event_name":"Masked Bandits","floor":19,"gold_loss":0},{"damage_healed":0,"gold_gain":100,"player_choice":"Pray","damage_taken":0,"max_hp_gain":0,"max_hp_loss":0,"event_name":"Golden Shrine","floor":25,"gold_loss":0},{"damage_healed":0,"gold_gain":0,"player_choice":"Ignored","damage_taken":0,"max_hp_gain":0,"max_hp_loss":0,"event_name":"NoteForYourself","floor":31,"gold_loss":0},{"cards_removed":["Turbo"],"damage_healed":0,"gold_gain":0,"player_choice":"Card Removal","damage_taken":0,"max_hp_gain":0,"max_hp_loss":0,"event_name":"The Cleric","floor":53,"gold_loss":50},{"damage_healed":0,"gold_gain":0,"player_choice":"Searched \u00271\u0027 times","damage_taken":0,"max_hp_gain":0,"max_hp_loss":0,"event_name":"Dead Adventurer","floor":59,"gold_loss":0},{"damage_healed":0,"gold_gain":0,"player_choice":"Inject Mutagens","damage_taken":0,"relics_obtained":["MutagenicStrength"],"max_hp_gain":0,"max_hp_loss":0,"event_name":"Drug Dealer","floor":71,"gold_loss":0},{"damage_healed":0,"gold_gain":0,"player_choice":"Copied","damage_taken":0,"max_hp_gain":0,"max_hp_loss":0,"event_name":"Duplicator","floor":73,"gold_loss":0,"cards_obtained":["Electrodynamics"]},{"damage_healed":0,"gold_gain":0,"player_choice":"Gave Idol","damage_taken":0,"relics_obtained":["Bloody Idol"],"max_hp_gain":0,"max_hp_loss":0,"event_name":"Forgotten Altar","floor":80,"relics_lost":["Golden Idol"],"gold_loss":0},{"damage_healed":0,"gold_gain":0,"player_choice":"Ignored","damage_taken":0,"max_hp_gain":0,"max_hp_loss":0,"event_name":"Transmorgrifier","floor":88,"gold_loss":0},{"damage_healed":0,"gold_gain":222,"player_choice":"Wore Mask","damage_taken":0,"max_hp_gain":0,"max_hp_loss":0,"event_name":"Tomb of Lord Red Mask","floor":90,"gold_loss":0},{"damage_healed":0,"gold_gain":0,"player_choice":"Leave","damage_taken":0,"max_hp_gain":0,"max_hp_loss":0,"event_name":"conspire:Investor","floor":97,"gold_loss":0},{"cards_removed":["Chill"],"damage_healed":0,"gold_gain":0,"player_choice":"Removed Skill","damage_taken":0,"max_hp_gain":0,"max_hp_loss":0,"event_name":"Falling","floor":99,"gold_loss":0}],"is_beta":false,"boss_relics":[{"not_picked":["FrozenCore","Velvet Choker","Runesmith:UraniumAnvil"]},{"not_picked":["Black Star","Philosopher\u0027s Stone"],"picked":"energizedSpire:UnstableMolecules"},{"not_picked":["infinitespire:Cupcake","energizedSpire:StickyHand"],"picked":"conspire:SlowCooker"},{"not_picked":["infinitespire:Cupcake","Snecko Eye"],"picked":"conspire:SpecialSausage"},{"not_picked":["Calling Bell","hubris:VirtuousBlindfold"],"picked":"energizedSpire:RedRose"}],"items_purged_floors":[21,29,39,56,95],"is_endless":true,"potions_floor_spawned":[1,4,8,22,33,37,41,42,45,54,55,62,65,67,70,75,82,86,92],"killed_by":"infinitespire:MassOfShapes","ascension_level":0}}