{"host":"5dk97cf2ubw2v967","time":1612418160,"event":{"mods":["AlwaysNeverKeys","BaseMod","Better Altar","Better Vampires","Block Reminder","Card Filter","Colored Powertips","Downfall","Googly Eyes","Highlight Path","Minty Spire (QoL Compilation)","Permanent Neow","Potion Indicator Mod","Quick Restart","Relic Filter","Relic Stats","Say the Spire","Spicy Shops","StSLib","Waifu the Spire","everything is the same but u backflip on backflip"],"gold_per_floor":[99,117,133,17,33,33,33,65,124,124,139,139,39,71,82,153,153,53,53,53,38,38,23,50,69,99,114,127,127,127,127],"floor_reached":29,"language":"ENG","playtime":1150,"items_purged":[],"score":527,"play_id":"afe0aaea-c29f-4d4d-b2e5-5027609458e5","local_time":"20210204055600","is_ascension_mode":true,"campfire_choices":[{"data":"Apotheosis","floor":1,"key":"SMITH"},{"floor":6,"key":"RECALL"},{"floor":13,"key":"REST"},{"data":"Guardian:FuturePlans","floor":18,"key":"SMITH"}],"circlet_count":0,"master_deck":["AscendersBane","Guardian:Strike_Guardian","Guardian:Strike_Guardian","Guardian:Strike_Guardian","Guardian:Strike_Guardian","Guardian:Defend_Guardian","Guardian:Defend_Guardian","Guardian:Defend_Guardian","Guardian:CurlUp","Guardian:TwinSlam","Apotheosis+1","Guardian:ChargeUp","Guardian:ChargeUp","Guardian:TemporalStrike","Guardian:FuturePlans+1","Guardian:Repulse","Guardian:TemporalShield","Guardian:AncientConstruct","downfall:Bewildered","Guardian:TimeCapacitor","Pride","Guardian:ChargeCore","Decay","Guardian:SentryBeam","Guardian:Gem_Red","Guardian:ShieldCharger"],"relics":["Guardian:ModeShifter","Pear","Pen Nib","Bottled Lightning","downfall:HeartBlessingRed","Smiling Mask","Cursed Key","downfall:HeartBlessingGreen","sneckomod:BabySnecko","Matryoshka","Mummified Hand","Lizard Tail"],"acts_visited":["Exordium","TheCity"],"potions_floor_usage":[9,9,14,21,26,29],"damage_taken":[{"damage":8,"enemies":"2 Louse","floor":2,"turns":3},{"damage":0,"enemies":"Small Slimes","floor":3,"turns":3},{"damage":2,"enemies":"downfall:FleeingMerchant","floor":4,"turns":4},{"damage":1,"enemies":"Jaw Worm","floor":5,"turns":3},{"damage":3,"enemies":"Lagavulin","floor":8,"turns":6},{"damage":19,"enemies":"Gremlin Nob","floor":9,"turns":4},{"damage":0,"enemies":"Blue Slaver","floor":11,"turns":4},{"damage":2,"enemies":"3 Sentries","floor":14,"turns":5},{"damage":9,"enemies":"3 Louse","floor":15,"turns":2},{"damage":0,"enemies":"DF_ARCHETYPE_STREAMLINE","floor":16,"turns":7},{"damage":6,"enemies":"downfall:FleeingMerchant","floor":21,"turns":4},{"damage":16,"enemies":"downfall:FleeingMerchant","floor":23,"turns":4},{"damage":20,"enemies":"3 Byrds","floor":25,"turns":4},{"damage":14,"enemies":"Book of Stabbing","floor":26,"turns":6},{"damage":14,"enemies":"Chosen","floor":27,"turns":4},{"damage":1,"enemies":"Snecko","floor":28,"turns":5},{"damage":0,"enemies":"Slavers","floor":29,"turns":1}],"seed_played":"-3065234790619398184","potions_obtained":[{"floor":5,"key":"SneckoOil"},{"floor":8,"key":"GamblersBrew"},{"floor":9,"key":"Block Potion"},{"floor":11,"key":"SpeedPotion"},{"floor":15,"key":"LiquidMemories"},{"floor":28,"key":"GamblersBrew"}],"is_trial":false,"path_per_floor":["R","M","M","$","M","R","T","E","?","?","M","?","R","E","M","B",null,"R","?","?","$","?","$","T","M","E","M","M","E"],"character_chosen":"GUARDIAN","items_purchased":["Guardian:Gem_Orange"],"campfire_rested":1,"item_purchase_floors":[4],"current_hp_per_floor":[65,57,57,55,54,54,64,61,42,67,67,67,75,73,64,64,72,72,72,72,66,66,50,50,30,16,2,1,1,1,1],"gold":127,"neow_bonus":"RANDOM_COLORLESS_2","is_daily":false,"chose_seed":false,"campfire_upgraded":2,"win_rate":0.0,"timestamp":1612418160,"path_taken":["R","M","M","$","M","R","T","E","?","?","M","?","R","E","M","BOSS","R","?","?","$","?","?","T","M","E","M","M","E"],"items_purchased_type":["Card"],"build_version":"2020-12-22","purchased_purges":0,"victory":false,"max_hp_per_floor":[65,65,65,65,65,65,75,75,75,75,75,75,75,75,75,75,75,75,75,75,75,75,75,75,75,75,75,75,75,75,75],"relic_stats":{"Lizard Tail":0,"counters":[17,69],"Mummified Hand":[14],"Pen Nib":[9],"Smiling Mask":0,"Cursed Key":1,"obtain_stats":[{"sneckomod:BabySnecko":19,"Lizard Tail":26,"Pear":7,"Matryoshka":22,"downfall:HeartBlessingRed":13,"Mummified Hand":24,"Guardian:ModeShifter":0,"downfall:HeartBlessingGreen":18,"Pen Nib":8,"Bottled Lightning":9,"Smiling Mask":14,"Cursed Key":17},{"sneckomod:BabySnecko":10,"Lizard Tail":14,"Pear":4,"Matryoshka":11,"downfall:HeartBlessingRed":7,"Mummified Hand":12,"Guardian:ModeShifter":0,"downfall:HeartBlessingGreen":10,"Pen Nib":5,"Bottled Lightning":6,"Smiling Mask":8,"Cursed Key":10},{"sneckomod:BabySnecko":41,"Lizard Tail":59,"Pear":13,"Matryoshka":45,"downfall:HeartBlessingRed":27,"Mummified Hand":49,"Guardian:ModeShifter":0,"downfall:HeartBlessingGreen":41,"Pen Nib":19,"Bottled Lightning":23,"Smiling Mask":32,"Cursed Key":41}]},"card_choices":[{"not_picked":["Transmutation","Master of Strategy"],"picked":"Apotheosis","floor":0},{"not_picked":["Guardian:TemporalShield","Guardian:ChargeCore"],"picked":"Guardian:ChargeUp","floor":2},{"not_picked":["Guardian:Gem_Green","Guardian:Reroute"],"picked":"Guardian:Gem_Cyan","floor":3},{"not_picked":["Guardian:StasisField","Guardian:ShieldCharger"],"picked":"Guardian:ChargeUp","floor":4},{"not_picked":["Guardian:Gem_Red","Guardian:TemporalShield"],"picked":"Guardian:TemporalStrike","floor":5},{"not_picked":["Guardian:Incinerate","Guardian:RollAttack"],"picked":"Guardian:FuturePlans","floor":8},{"not_picked":["Guardian:VentSteam","Guardian:TimeBomb"],"picked":"Guardian:Repulse","floor":9},{"not_picked":["Guardian:FuturePlans","Guardian:Gem_Lightblue","Guardian:CrystalBeam"],"picked":"SKIP","floor":11},{"not_picked":["Guardian:Gem_Lightblue","Guardian:ShieldSpikes"],"picked":"Guardian:TemporalShield","floor":14},{"not_picked":["Guardian:Gem_Blue","Guardian:Suspension","Guardian:PiercingHide"],"picked":"SKIP","floor":15},{"not_picked":["Guardian:Gem_Orange","Guardian:SphericShield"],"picked":"Guardian:AncientConstruct","floor":16},{"not_picked":["Guardian:TemporalShield","Guardian:WalkerClaw"],"picked":"Guardian:TimeCapacitor","floor":21},{"not_picked":["Guardian:GuardianWhirl","Guardian:Incinerate"],"picked":"Guardian:ChargeCore","floor":23},{"not_picked":["Guardian:VentSteam","Guardian:WalkerClaw","Guardian:TemporalStrike"],"picked":"SKIP","floor":25},{"not_picked":["Guardian:Planning","Guardian:BodySlam"],"picked":"Guardian:SentryBeam","floor":26},{"not_picked":["Guardian:Planning","Guardian:CrystalBeam"],"picked":"Guardian:Gem_Red","floor":27},{"not_picked":["Guardian:WalkerClaw","Guardian:Gem_Red"],"picked":"Guardian:ShieldCharger","floor":28}],"player_experience":1285951,"relics_obtained":[{"floor":7,"key":"Pear"},{"floor":8,"key":"Pen Nib"},{"floor":9,"key":"Bottled Lightning"},{"floor":14,"key":"Smiling Mask"},{"floor":24,"key":"Mummified Hand"},{"floor":26,"key":"Lizard Tail"}],"event_choices":[{"damage_healed":25,"gold_gain":0,"player_choice":"Banana","damage_taken":0,"max_hp_gain":0,"max_hp_loss":0,"event_name":"Big Fish","floor":10,"gold_loss":0},{"damage_healed":0,"gold_gain":0,"player_choice":"Ignored","damage_taken":0,"max_hp_gain":0,"max_hp_loss":0,"event_name":"Ghosts","floor":20,"gold_loss":0},{"damage_healed":0,"gold_gain":0,"player_choice":"Stole Relic","damage_taken":0,"relics_obtained":["Matryoshka"],"max_hp_gain":0,"max_hp_loss":0,"event_name":"Addict","floor":22,"gold_loss":0,"cards_obtained":["Pride"]}],"is_beta":false,"boss_relics":[{"not_picked":["SlaversCollar","Ectoplasm"],"picked":"Cursed Key"}],"items_purged_floors":[],"is_endless":false,"potions_floor_spawned":[5,8,9,11,15,16,28],"killed_by":"Slavers","ascension_level":15}}