{"host":"0jile2yd1dg679g0","time":1612479936,"event":{"mods":["AchievementEnabler","Act Like it!","BaseMod","Better Third Choice","Colored Map","Colored Powertips","Gensokyo","Hermit","Luminous","Marisa????????","Minty Spire (QoL Compilation)","Random Character Button","Spicy Shops","StSLib","The Servant 0.9.4","Transform Curses","Waifu the Spire"],"gold_per_floor":[116,136,136,187,187,187,25,45,70,80,80,109,132,164,176,291,303,330,342,629,657,686,731,743,766,778,831,21,48,77,96,96,206,206,216,246,246,246,258,258,281,294,330,36,36,111,134,175,175,285,285,298,3,225,234,253,288,305,340,399,408,437,9,28,47,47,47,47,47,47,75,75,75],"floor_reached":72,"language":"ENG","playtime":5650,"items_purged":["Regret","Injury","Doubt","Strike_G","Clumsy"],"score":1389,"play_id":"54a2f3e2-f7ec-4305-813e-a95aeff0b800","local_time":"20210204180536","is_ascension_mode":true,"campfire_choices":[{"data":"Mind Blast","floor":6.0,"key":"SMITH"},{"floor":11.0,"key":"REST"},{"data":"Footwork","floor":15.0,"key":"SMITH"},{"floor":24,"key":"RECALL"},{"floor":32,"key":"REST"},{"floor":40,"key":"REST"},{"floor":49,"key":"REST"},{"floor":66,"key":"REST"},{"floor":69,"key":"REST"}],"circlet_count":0,"master_deck":["Defend_G","Defend_G+1","Defend_G","Defend_G","Defend_G","Survivor","Neutralize","Mind Blast+1","Choke","Slice+1","Footwork+1","Sucker Punch+1","Dagger Spray+1","Doppelganger","Finisher+1","Tools of the Trade","Skewer+1","Well Laid Plans","Unload+1","Backflip","Infinite Blades","Footwork","Mayhem+1","Choke+1","Backstab+1","Glass Knife+1","Unload+1","Footwork","Backflip","PiercingWail","Corpse Explosion","Neutralize+1","After Image","Unload+1","PiercingWail"],"relics":["Molten Egg 2","Blood Vial","MawBank","Cursed Key","Fusion Hammer","Sundial","Eternal Feather","CeramicFish","Singing Bowl","Medical Kit","SlaversCollar","Red Mask","Smiling Mask","Bottled Tornado","Meat on the Bone","Empty Cage","Kunai","Incense Burner","Lantern","Lee\u0027s Waffle","Bottled Lightning","StoneCalendar"],"acts_visited":["Exordium","TheCity","TheBeyond","TheEnding"],"potions_floor_usage":[39,48,57,62,71],"damage_taken":[{"damage":2.0,"enemies":"2 Louse","floor":1.0,"turns":4.0},{"damage":12.0,"enemies":"Small Slimes","floor":2.0,"turns":3.0},{"damage":0.0,"enemies":"Jaw Worm","floor":8.0,"turns":5.0},{"damage":4.0,"enemies":"Exordium Thugs","floor":10.0,"turns":4.0},{"damage":18.0,"enemies":"Lagavulin","floor":12.0,"turns":5.0},{"damage":0.0,"enemies":"Looter","floor":13.0,"turns":2.0},{"damage":0.0,"enemies":"Exordium Wildlife","floor":14.0,"turns":2.0},{"damage":44.0,"enemies":"Slime Boss","floor":16.0,"turns":8.0},{"damage":0,"enemies":"Small Slimes","floor":18,"turns":2},{"damage":0,"enemies":"Jaw Worm","floor":21,"turns":1},{"damage":0,"enemies":"Cultist","floor":22,"turns":3},{"damage":0,"enemies":"Gremlin Nob","floor":23,"turns":2},{"damage":0,"enemies":"2 Fungi Beasts","floor":25,"turns":2},{"damage":2,"enemies":"3 Sentries","floor":27,"turns":4},{"damage":1,"enemies":"Exordium Wildlife","floor":29,"turns":2},{"damage":0,"enemies":"Red Slaver","floor":30,"turns":1},{"damage":0,"enemies":"Lots of Slimes","floor":31,"turns":2},{"damage":21,"enemies":"Hexaghost","floor":33,"turns":6},{"damage":11,"enemies":"2 Thieves","floor":35,"turns":2},{"damage":7,"enemies":"Masked Bandits","floor":36,"turns":4},{"damage":0,"enemies":"Shell Parasite","floor":39,"turns":2},{"damage":7,"enemies":"Centurion and Healer","floor":41,"turns":5},{"damage":22,"enemies":"Sentry and Sphere","floor":42,"turns":4},{"damage":18,"enemies":"Snake Plant","floor":47,"turns":3},{"damage":6,"enemies":"Gremlin Leader","floor":48,"turns":6},{"damage":0,"enemies":"Collector","floor":50,"turns":9},{"damage":15,"enemies":"3 Darklings","floor":52,"turns":4},{"damage":26,"enemies":"3 Shapes","floor":56,"turns":4},{"damage":16,"enemies":"Nemesis","floor":57,"turns":7},{"damage":25,"enemies":"Transient","floor":58,"turns":5},{"damage":19,"enemies":"Reptomancer","floor":59,"turns":5},{"damage":15,"enemies":"Sphere and 2 Shapes","floor":62,"turns":4},{"damage":5,"enemies":"Maw","floor":64,"turns":7},{"damage":21,"enemies":"4 Shapes","floor":65,"turns":2},{"damage":66,"enemies":"Awakened One","floor":67,"turns":13},{"damage":48,"enemies":"Shield and Spear","floor":71,"turns":4},{"damage":101,"enemies":"The Heart","floor":72,"turns":6}],"seed_played":"822416254082678290","potions_obtained":[{"floor":2.0,"key":"PowerPotion"},{"floor":12.0,"key":"FairyPotion"},{"floor":13.0,"key":"SmokeBomb"},{"floor":16.0,"key":"AttackPotion"},{"floor":21,"key":"Block Potion"},{"floor":41,"key":"Block Potion"},{"floor":42,"key":"LiquidMemories"},{"floor":57,"key":"SteroidPotion"},{"floor":59,"key":"SteroidPotion"}],"is_trial":false,"path_per_floor":["M","M","?","?","?","R","$","M","T","M","R","E","M","M","R","B",null,"M","?","?","M","M","E","R","M","T","E","$","M","M","M","R","B",null,"M","?","?","?","M","R","M","M","T","$","$","?","M","E","R","B",null,"M","$","?","?","M","E","M","E","T","?","M","$","M","M","R","B",null,"R","$","E","B"],"character_chosen":"THE_SILENT","items_purchased":["Footwork","Molten Egg 2","Footwork","Mayhem","Singing Bowl","Medical Kit","Bottled Tornado","Kunai","Lee\u0027s Waffle","Bottled Lightning","Block Potion"],"campfire_rested":6,"item_purchase_floors":[7,7,28,28,28,28,44,53,63,63,63],"current_hp_per_floor":[61,49,35,35,40,40,40,40,40,38,60,44,46,48,48,6,58,60,53,53,55,57,59,59,61,61,61,61,62,64,66,75,54,70,63,60,45,45,49,86,79,61,61,61,61,53,37,33,77,79,86,75,75,75,75,53,51,42,39,39,39,38,103,100,83,107,53,94,107,107,61,0,0],"gold":75,"neow_bonus":"BOSS_RELIC","is_daily":false,"chose_seed":false,"campfire_upgraded":2,"win_rate":0.0,"timestamp":1612479936,"path_taken":["M","M","?","?","?","R","?","M","T","M","R","E","M","?","R","BOSS","M","?","?","M","M","E","R","?","T","E","$","M","M","M","R","BOSS","M","?","?","?","M","R","M","?","T","?","$","?","M","E","R","BOSS","M","$","?","?","M","E","?","E","T","?","?","$","M","M","R","BOSS","R","$","E","BOSS"],"items_purchased_type":["Card","Relic","Card","Card","Relic","Relic","Relic","Relic","Relic","Relic","Potion"],"build_version":"2020-12-22","purchased_purges":5,"victory":false,"max_hp_per_floor":[70,70,70,70,75,75,75,75,75,75,75,75,75,75,75,75,75,75,75,75,75,75,75,75,75,75,75,75,75,75,75,75,75,75,77,79,84,84,86,86,86,88,88,88,88,88,88,88,88,88,88,90,90,90,90,92,92,94,96,96,96,96,103,105,107,107,107,107,107,107,109,109,109],"card_choices":[{"not_picked":["Blind","Jack Of All Trades"],"picked":"Mind Blast","floor":0.0},{"not_picked":["Infinite Blades","Poisoned Stab"],"picked":"Choke","floor":1.0},{"not_picked":["Eviscerate","Deflect"],"picked":"Slice","floor":2.0},{"not_picked":["Deflect","Dagger Throw+1"],"picked":"Sucker Punch+1","floor":8.0},{"not_picked":["Deadly Poison","Quick Slash+1"],"picked":"Dagger Spray+1","floor":10.0},{"not_picked":["Poisoned Stab+1","Masterful Stab+1","Bane+1"],"picked":"SKIP","floor":12.0},{"not_picked":["Skewer+1","Outmaneuver"],"picked":"Doppelganger","floor":13.0},{"not_picked":["Quick Slash+1","Dodge and Roll"],"picked":"Finisher+1","floor":14.0},{"not_picked":["Adrenaline","Burst"],"picked":"Tools of the Trade","floor":16.0},{"not_picked":["Dash+1","Outmaneuver"],"picked":"Skewer+1","floor":18},{"not_picked":["Deadly Poison","Bane+1","Quick Slash+1"],"picked":"SKIP","floor":21},{"not_picked":["Concentrate","Doppelganger"],"picked":"Well Laid Plans","floor":22},{"not_picked":["Calculated Gamble","Outmaneuver"],"picked":"Unload+1","floor":23},{"not_picked":["Outmaneuver","Bane+1"],"picked":"Backflip","floor":25},{"not_picked":["Well Laid Plans","Bane+1"],"picked":"Infinite Blades","floor":27},{"not_picked":["Endless Agony+1","Sucker Punch+1"],"picked":"Choke+1","floor":29},{"not_picked":["Quick Slash+1","PiercingWail"],"picked":"Backstab+1","floor":30},{"not_picked":["Flying Knee+1","Dagger Spray+1"],"picked":"Glass Knife+1","floor":31},{"not_picked":["A Thousand Cuts","After Image"],"picked":"Unload+1","floor":33},{"not_picked":["Acrobatics","Quick Slash+1","Outmaneuver"],"picked":"Singing Bowl","floor":35},{"not_picked":["Dagger Spray+1","Infinite Blades","Escape Plan"],"picked":"Singing Bowl","floor":36},{"not_picked":["Leg Sweep","Calculated Gamble","Outmaneuver"],"picked":"Singing Bowl","floor":39},{"not_picked":["Quick Slash+1","Flechettes+1"],"picked":"Footwork","floor":41},{"not_picked":["Deflect","Underhanded Strike+1","Caltrops"],"picked":"Singing Bowl","floor":42},{"not_picked":["Flying Knee+1","Flechettes+1"],"picked":"Backflip","floor":47},{"not_picked":["Dagger Spray+1","Backflip"],"picked":"PiercingWail","floor":48},{"not_picked":["Venomology","Envenom"],"picked":"Corpse Explosion","floor":50},{"not_picked":["Dodge and Roll+1","Bane+1","Prepared+1"],"picked":"Singing Bowl","floor":52},{"not_picked":["Caltrops","Infinite Blades","Acrobatics+1"],"picked":"Singing Bowl","floor":56},{"not_picked":["All Out Attack+1","Grand Finale+1"],"picked":"After Image","floor":57},{"not_picked":["Flying Knee+1","Deflect+1","Poisoned Stab+1"],"picked":"Singing Bowl","floor":58},{"not_picked":["Accuracy","Quick Slash+1","Catalyst+1"],"picked":"Singing Bowl","floor":59},{"not_picked":["Predator+1","Heel Hook+1"],"picked":"PiercingWail","floor":62},{"not_picked":["Escape Plan+1","Masterful Stab+1","Acrobatics"],"picked":"Singing Bowl","floor":64},{"not_picked":["Outmaneuver+1","Dagger Spray+1","Acrobatics+1"],"picked":"Singing Bowl","floor":65},{"not_picked":["Underhanded Strike+1","Dodge and Roll+1","Night Terror"],"picked":"Singing Bowl","floor":71}],"player_experience":307052,"relics_obtained":[{"floor":9.0,"key":"Blood Vial"},{"floor":12.0,"key":"MawBank"},{"floor":23,"key":"Sundial"},{"floor":26,"key":"Eternal Feather"},{"floor":27,"key":"CeramicFish"},{"floor":36,"key":"Red Mask"},{"floor":43,"key":"Smiling Mask"},{"floor":48,"key":"Meat on the Bone"},{"floor":57,"key":"Incense Burner"},{"floor":59,"key":"Lantern"},{"floor":71,"key":"StoneCalendar"}],"event_choices":[{"damage_healed":49.0,"max_hp_gain":0.0,"max_hp_loss":70.0,"gold_gain":0.0,"event_name":"betterThird:BetterShining","player_choice":"Upgrade","floor":3.0,"gold_loss":0.0,"damage_taken":14.0,"cards_upgraded":["Defend_G","Slice"]},{"damage_healed":0.0,"max_hp_gain":0.0,"max_hp_loss":0.0,"gold_gain":51.0,"event_name":"Golden Wing","player_choice":"Gained Gold","floor":4.0,"gold_loss":0.0,"damage_taken":0.0},{"damage_healed":0.0,"max_hp_gain":5.0,"max_hp_loss":0.0,"gold_gain":0.0,"event_name":"Big Fish","player_choice":"Donut","floor":5.0,"gold_loss":0.0,"damage_taken":0.0},{"cards_removed":["Strike_G"],"damage_healed":0,"gold_gain":0,"player_choice":"Card Removal","damage_taken":7,"max_hp_gain":0,"max_hp_loss":0,"event_name":"Golden Wing","floor":19,"gold_loss":0},{"damage_healed":0,"gold_gain":275,"player_choice":"Desecrate","damage_taken":0,"max_hp_gain":0,"max_hp_loss":0,"event_name":"Golden Shrine","floor":20,"gold_loss":0,"cards_obtained":["Regret"]},{"damage_healed":0,"gold_gain":0,"player_choice":"Fought Bandits","damage_taken":0,"max_hp_gain":0,"max_hp_loss":0,"event_name":"Masked Bandits","floor":36,"gold_loss":0},{"damage_healed":0,"gold_gain":0,"player_choice":"Shed Blood","damage_taken":20,"max_hp_gain":5,"max_hp_loss":0,"event_name":"Forgotten Altar","floor":37,"gold_loss":0},{"damage_healed":0,"gold_gain":0,"player_choice":"Forge","damage_taken":0,"max_hp_gain":0,"max_hp_loss":0,"event_name":"Accursed Blacksmith","floor":38,"gold_loss":0,"cards_upgraded":["Mayhem"]},{"damage_healed":0,"gold_gain":75,"player_choice":"Touch","damage_taken":8,"max_hp_gain":0,"max_hp_loss":0,"event_name":"FaceTrader","floor":46,"gold_loss":0},{"damage_healed":0,"gold_gain":222,"player_choice":"Wore Mask","damage_taken":0,"max_hp_gain":0,"max_hp_loss":0,"event_name":"Tomb of Lord Red Mask","floor":54,"gold_loss":0},{"damage_healed":0,"gold_gain":0,"player_choice":"1 cards matched","damage_taken":0,"max_hp_gain":0,"max_hp_loss":0,"event_name":"Match and Keep!","floor":55,"gold_loss":0,"cards_obtained":["Neutralize"]},{"damage_healed":0,"gold_gain":0,"cards_transformed":["Strike_G"],"player_choice":"Transformed","damage_taken":0,"max_hp_gain":0,"max_hp_loss":0,"event_name":"Transmorgrifier","floor":61,"gold_loss":0,"cards_obtained":["Unload"]}],"is_beta":false,"boss_relics":[{"not_picked":["Black Star","Ring of the Serpent"],"picked":"Cursed Key"},{"not_picked":["HoveringKite","Philosopher\u0027s Stone"],"picked":"SlaversCollar"},{"not_picked":["WristBlade","Runic Dome"],"picked":"Empty Cage"}],"items_purged_floors":[28,28,44,53,63],"is_endless":false,"potions_floor_spawned":[2,12,13,16,21,23,29,30,41,42,57,59],"killed_by":"The Heart","ascension_level":7}}