{"host":"knspyp6dy614fx6e","time":1612405931,"event":{"mods":["ATMod(°¢èªMod)","Aspiration","BaseMod","Better Altar","Better Skull","Better Third Choice","Card Filter","DeckTracker","Dota2Spire","Energized Spire","Jedi Mod","Minty Spire (QoL Compilation)","Quick Restart","Relic Filter Mod","Relic Stats","Reliquary","Shop Mod","Spicy Shops","StSLib","TestMod","Waifu the Spire"],"gold_per_floor":[118,128,303,303,378,399,414,77,77,91,91,41,55,55,55,151,151,167,181,200,53,353,353,353],"floor_reached":23,"language":"ZHS","playtime":760,"items_purged":["Pride"],"score":343,"play_id":"0573d6ee-b762-4e2d-a640-1c65b956ac40","local_time":"20210204103211","is_ascension_mode":true,"campfire_choices":[{"floor":11.0,"key":"REST"},{"data":"Noxious Fumes","floor":15.0,"key":"SMITH"}],"circlet_count":0,"master_deck":["AscendersBane","Strike_G","Strike_G","Strike_G","Strike_G","Defend_G","Defend_G","Defend_G","Defend_G","Defend_G","Survivor","Neutralize","Caltrops","Noxious Fumes+1","AT_WomanClash","Corpse Explosion","Die Die Die","Blur","Well Laid Plans"],"relics":["Ring of the Snake","AT_ATBox","testmod-TestBox","aspiration:Nostalgia","Golden Idol","Dota2Spire:AghanimScepter","reliquary:RoseTintedGlasses","Busted Crown","aspiration:VileToxins"],"acts_visited":["Exordium","TheCity"],"potions_floor_usage":[],"damage_taken":[{"damage":6.0,"enemies":"2 Louse","floor":1.0,"turns":3.0},{"damage":3.0,"enemies":"Small Slimes","floor":2.0,"turns":5.0},{"damage":3.0,"enemies":"Jaw Worm","floor":6.0,"turns":6.0},{"damage":14.0,"enemies":"3 Louse","floor":7.0,"turns":4.0},{"damage":0.0,"enemies":"Gremlin Gang","floor":10.0,"turns":1.0},{"damage":0.0,"enemies":"Looter","floor":13.0,"turns":2.0},{"damage":9.0,"enemies":"Hexaghost","floor":16.0,"turns":7.0},{"damage":4.0,"enemies":"Shell Parasite","floor":18.0,"turns":4.0},{"damage":16.0,"enemies":"3 Byrds","floor":19.0,"turns":2.0},{"damage":19.0,"enemies":"Snake Plant","floor":20.0,"turns":3.0},{"damage":21,"enemies":"Gremlin Leader","floor":23,"turns":3}],"seed_played":"-4492969439444256118","potions_obtained":[{"floor":1.0,"key":"jedi:wingpotion"},{"floor":10.0,"key":"ColorlessPotion"},{"floor":13.0,"key":"SteroidPotion"},{"floor":20.0,"key":"EssenceOfSteel"}],"is_trial":false,"path_per_floor":["M","M","?","?","?","M","M","$","T","M","R","?","M","?","R","B",null,"M","M","M","$","?","E"],"character_chosen":"THE_SILENT","items_purchased":["Corpse Explosion","Dota2Spire:AghanimScepter","aspiration:VileToxins"],"campfire_rested":1,"item_purchase_floors":[8,8,21],"current_hp_per_floor":[57,54,54,37,26,23,9,9,9,9,30,30,30,30,30,21,58,54,38,19,19,19,0,0],"gold":353,"neow_bonus":"NOSTALGIA","is_daily":false,"chose_seed":false,"campfire_upgraded":1,"win_rate":0.0,"timestamp":1612405931,"path_taken":["M","M","?","?","?","M","M","$","T","?","R","?","M","?","R","BOSS","M","?","M","$","?","E"],"items_purchased_type":["Card","Relic","Relic"],"build_version":"2020-12-22","purchased_purges":1,"victory":false,"max_hp_per_floor":[70,70,70,70,70,70,70,70,70,70,70,70,70,70,70,70,70,70,70,70,70,70,70,70],"relic_stats":{"Busted Crown":6,"counters":[11,40],"Golden Idol":42,"obtain_stats":[{"aspiration:VileToxins":21,"Dota2Spire:AghanimScepter":8,"AT_ATBox":0,"testmod-TestBox":0,"Busted Crown":17,"aspiration:Nostalgia":0,"Golden Idol":4,"reliquary:RoseTintedGlasses":9,"PureWater":0,"Ring of the Snake":0},{"aspiration:VileToxins":10,"Dota2Spire:AghanimScepter":4,"AT_ATBox":0,"testmod-TestBox":0,"Busted Crown":7,"aspiration:Nostalgia":0,"Golden Idol":2,"reliquary:RoseTintedGlasses":4,"PureWater":0,"Ring of the Snake":0},{"aspiration:VileToxins":37,"Dota2Spire:AghanimScepter":18,"AT_ATBox":0,"testmod-TestBox":0,"Busted Crown":28,"aspiration:Nostalgia":0,"Golden Idol":8,"reliquary:RoseTintedGlasses":18,"PureWater":0,"Ring of the Snake":0}],"Ring of the Snake":[22]},"card_choices":[{"not_picked":["Sucker Punch","Acrobatics"],"picked":"Caltrops","floor":1.0},{"not_picked":["Backflip","Poisoned Stab"],"picked":"Noxious Fumes","floor":2.0},{"not_picked":["Sucker Punch","Outmaneuver","Cloak And Dagger"],"picked":"SKIP","floor":6.0},{"not_picked":["Poisoned Stab","Crippling Poison"],"picked":"AT_WomanClash","floor":7.0},{"not_picked":["Bane","Slice"],"picked":"Die Die Die","floor":10.0},{"not_picked":["Cloak And Dagger","Blade Dance"],"picked":"Blur","floor":13.0},{"not_picked":["Riddle With Holes"],"picked":"SKIP","floor":18.0},{"not_picked":[],"picked":"Well Laid Plans","floor":19.0},{"not_picked":["Underhanded Strike+1"],"picked":"SKIP","floor":20.0}],"player_experience":322706,"relics_obtained":[{"floor":9.0,"key":"reliquary:RoseTintedGlasses"}],"event_choices":[{"damage_healed":0.0,"max_hp_gain":0.0,"max_hp_loss":0.0,"gold_gain":175.0,"event_name":"Liars Game","player_choice":"AGREE","floor":3.0,"gold_loss":0.0,"damage_taken":0.0,"cards_obtained":["Doubt"]},{"damage_healed":0.0,"max_hp_gain":0.0,"max_hp_loss":0.0,"gold_gain":0.0,"event_name":"Golden Idol","player_choice":"Take Damage","floor":4.0,"gold_loss":0.0,"damage_taken":17.0,"relics_obtained":["Golden Idol"]},{"damage_healed":0.0,"max_hp_gain":0.0,"max_hp_loss":0.0,"gold_gain":75.0,"event_name":"World of Goop","player_choice":"Gather Gold","floor":5.0,"gold_loss":0.0,"damage_taken":11.0},{"cards_removed":["Doubt"],"damage_healed":0.0,"max_hp_gain":0.0,"max_hp_loss":0.0,"gold_gain":0.0,"event_name":"The Cleric","player_choice":"Card Removal","floor":12.0,"gold_loss":50.0,"damage_taken":0.0},{"cards_removed":["Strike_G"],"damage_healed":0.0,"max_hp_gain":0.0,"max_hp_loss":0.0,"gold_gain":0.0,"event_name":"Bonfire Elementals","player_choice":"Offered Basic","floor":14.0,"gold_loss":0.0,"damage_taken":0.0},{"damage_healed":0.0,"max_hp_gain":0.0,"max_hp_loss":0.0,"gold_gain":300.0,"event_name":"¶÷ÂåË¹µÄÅÌ×Ó","player_choice":"Sell","floor":22.0,"relics_lost":["PureWater"],"gold_loss":0.0,"damage_taken":0.0}],"is_beta":false,"boss_relics":[{"not_picked":["Snecko Eye","Ring of the Serpent"],"picked":"Busted Crown"}],"items_purged_floors":[8],"is_endless":false,"potions_floor_spawned":[1,10,13,20],"killed_by":"Gremlin Leader","ascension_level":13}}