{"host":"nmjik3bzoelmmajy","time":1612456671,"event":{"mods":["BaseMod","Better Third Choice","Colored Map","DeckTracker","Minty Spire (QoL Compilation)","Quick Restart","Say the Spire","StSLib","SuperFastMode"],"gold_per_floor":[119,119,133,308,376,376,394,414,414,414,103,103,123,153,153,249,249,264,264,277,48,64,95,95,127,209,209,124,50,50,50,50,146,146,161,181,231,245,56,56,86,105,132,161,24,70,98,112,112,112],"floor_reached":51,"language":"KOR","playtime":2622,"items_purged":["Doubt","Strike_G"],"score":1058,"play_id":"5159f896-fe7a-4af4-9ffd-f9ce7eff63fa","local_time":"20210205013751","is_ascension_mode":true,"campfire_choices":[{"data":"Cloak And Dagger","floor":6,"key":"SMITH"},{"data":"Backflip","floor":10,"key":"SMITH"},{"data":"Apotheosis","floor":12,"key":"SMITH"},{"data":"Neutralize","floor":15,"key":"SMITH"},{"floor":24,"key":"REST"},{"floor":27,"key":"REST"},{"floor":32,"key":"REST"},{"floor":40,"key":"REST"},{"data":"Strike_G","floor":49,"key":"PURGE"}],"circlet_count":0,"master_deck":["Strike_G","Strike_G","Defend_G","Defend_G","Defend_G","Defend_G","Defend_G","Survivor","Neutralize+1","Cloak And Dagger+1","Backflip+1","Reflex","Sucker Punch","Apotheosis+1","Blade Dance","Backstab","Corpse Explosion","Finisher+1","Footwork","PiercingWail+1","Acrobatics","Accuracy","Ghostly","Ghostly","Ghostly","Ghostly","Ghostly","Envenom","Infinite Blades+1","Footwork+1","Panache","Well Laid Plans"],"relics":["Ring of the Snake","StoneCalendar","HornCleat","WingedGreaves","Oddly Smooth Stone","Fusion Hammer","Sling","Omamori","Ornamental Fan","Kunai","Unceasing Top","Nilry\u0027s Codex","Busted Crown","Pocketwatch","InkBottle","Dream Catcher","Bag of Marbles","Peace Pipe","Darkstone Periapt"],"acts_visited":["Exordium","TheCity","TheBeyond"],"potions_floor_usage":[22,23,23,37,44],"damage_taken":[{"damage":1,"enemies":"2 Louse","floor":1,"turns":3},{"damage":0,"enemies":"Jaw Worm","floor":3,"turns":7},{"damage":0,"enemies":"Cultist","floor":7,"turns":5},{"damage":0,"enemies":"2 Fungi Beasts","floor":8,"turns":7},{"damage":4,"enemies":"Large Slime","floor":13,"turns":7},{"damage":1,"enemies":"3 Sentries","floor":14,"turns":7},{"damage":8,"enemies":"Hexaghost","floor":16,"turns":11},{"damage":0,"enemies":"Spheric Guardian","floor":18,"turns":5},{"damage":7,"enemies":"3 Byrds","floor":20,"turns":3},{"damage":16,"enemies":"Snake Plant","floor":22,"turns":7},{"damage":11,"enemies":"Slavers","floor":23,"turns":3},{"damage":0,"enemies":"Gremlin Leader","floor":25,"turns":5},{"damage":0,"enemies":"Champ","floor":33,"turns":11},{"damage":3,"enemies":"3 Shapes","floor":35,"turns":5},{"damage":7,"enemies":"Orb Walker","floor":36,"turns":5},{"damage":1,"enemies":"Mind Bloom Boss Battle","floor":37,"turns":7},{"damage":0,"enemies":"Transient","floor":38,"turns":5},{"damage":0,"enemies":"Nemesis","floor":41,"turns":7},{"damage":3,"enemies":"Sphere and 2 Shapes","floor":42,"turns":6},{"damage":1,"enemies":"Reptomancer","floor":44,"turns":4},{"damage":6,"enemies":"2 Orb Walkers","floor":46,"turns":6},{"damage":0,"enemies":"Giant Head","floor":47,"turns":6},{"damage":0,"enemies":"Maw","floor":48,"turns":6},{"damage":3,"enemies":"Awakened One","floor":50,"turns":11}],"seed_played":"3935172078686808475","potions_obtained":[{"floor":8,"key":"FairyPotion"},{"floor":13,"key":"BlessingOfTheForge"},{"floor":19,"key":"ColorlessPotion"},{"floor":19,"key":"Ancient Potion"},{"floor":22,"key":"Dexterity Potion"},{"floor":33,"key":"BlessingOfTheForge"},{"floor":35,"key":"PowerPotion"},{"floor":38,"key":"CunningPotion"},{"floor":44,"key":"EssenceOfSteel"}],"is_trial":false,"path_per_floor":["M","?","M","?","T","R","M","M","T","R","$","R","M","E","R","B",null,"M","?","M","$","M","E","R","E","T","R","?","$","?","?","R","B",null,"M","M","?","M","$","R","E","M","T","E","$","?","E","M","R","B",null],"character_chosen":"THE_SILENT","items_purchased":["Apotheosis","Blade Dance","Footwork","Sling","Accuracy","Panache","Well Laid Plans"],"campfire_rested":4,"item_purchase_floors":[11,11,21,21,29,39,45],"current_hp_per_floor":[48,48,48,48,48,48,48,48,48,48,48,48,44,43,43,35,70,70,70,63,63,47,36,57,57,57,70,70,70,54,35,35,35,35,32,25,24,24,24,34,34,31,31,30,30,24,24,24,24,21],"gold":112,"neow_bonus":"ONE_RARE_RELIC","is_daily":false,"chose_seed":false,"campfire_upgraded":4,"win_rate":0.0,"timestamp":1612456671,"path_taken":["M","?","M","?","?","R","M","M","T","R","$","R","M","E","R","BOSS","M","?","?","$","M","E","R","E","T","R","?","$","?","?","R","BOSS","M","M","?","M","$","R","E","M","T","E","$","?","E","M","R","BOSS"],"items_purchased_type":["Card","Card","Card","Relic","Card","Card","Card"],"build_version":"2020-12-22","purchased_purges":2,"victory":true,"max_hp_per_floor":[70,70,70,70,70,70,70,70,70,70,70,70,70,70,70,70,70,70,70,70,70,70,70,70,70,70,70,70,70,70,35,35,35,35,35,35,35,35,35,35,35,35,35,35,35,35,35,35,35,35],"card_choices":[{"not_picked":["Sucker Punch","Slice"],"picked":"Cloak And Dagger","floor":1},{"not_picked":["Dagger Throw","Dodge and Roll"],"picked":"Backflip","floor":3},{"not_picked":["Poisoned Stab","Wraith Form v2"],"picked":"Reflex","floor":7},{"not_picked":["Poisoned Stab","Deflect"],"picked":"Sucker Punch","floor":8},{"not_picked":["Sucker Punch","Masterful Stab","Poisoned Stab"],"picked":"SKIP","floor":13},{"not_picked":["Predator","Dagger Throw"],"picked":"Backstab","floor":14},{"not_picked":["Adrenaline","Glass Knife"],"picked":"Corpse Explosion","floor":16},{"not_picked":["Slice","Masterful Stab","Bane"],"picked":"SKIP","floor":18},{"not_picked":["Underhanded Strike","Dagger Spray+1"],"picked":"Finisher+1","floor":20},{"not_picked":["Backstab","Cloak And Dagger","Dagger Spray+1"],"picked":"SKIP","floor":22},{"not_picked":["Flying Knee","Heel Hook"],"picked":"PiercingWail+1","floor":23},{"not_picked":["Caltrops+1","Endless Agony+1"],"picked":"Acrobatics","floor":25},{"not_picked":["Grand Finale","Malaise"],"picked":"Envenom","floor":33},{"not_picked":[],"picked":"Infinite Blades+1","floor":35},{"not_picked":[],"picked":"Footwork+1","floor":36},{"not_picked":["Deflect+1"],"picked":"SKIP","floor":38},{"not_picked":["Dodge and Roll"],"picked":"SKIP","floor":41},{"not_picked":["Skewer+1"],"picked":"SKIP","floor":42},{"not_picked":["Poisoned Stab+1"],"picked":"SKIP","floor":44},{"not_picked":["Flying Knee"],"picked":"SKIP","floor":47},{"not_picked":["Sucker Punch"],"picked":"SKIP","floor":48}],"player_experience":502041,"relics_obtained":[{"floor":5,"key":"HornCleat"},{"floor":9,"key":"WingedGreaves"},{"floor":14,"key":"Oddly Smooth Stone"},{"floor":23,"key":"Omamori"},{"floor":25,"key":"Ornamental Fan"},{"floor":26,"key":"Kunai"},{"floor":30,"key":"Nilry\u0027s Codex"},{"floor":37,"key":"Pocketwatch"},{"floor":41,"key":"InkBottle"},{"floor":43,"key":"Dream Catcher"},{"floor":44,"key":"Bag of Marbles"},{"floor":46,"key":"Peace Pipe"},{"floor":47,"key":"Darkstone Periapt"}],"event_choices":[{"cards_removed":["Strike_G"],"damage_healed":0,"gold_gain":0,"player_choice":"Forget","damage_taken":0,"max_hp_gain":0,"max_hp_loss":0,"event_name":"Living Wall","floor":2,"gold_loss":0},{"damage_healed":0,"gold_gain":175,"player_choice":"AGREE","damage_taken":133,"max_hp_gain":0,"max_hp_loss":0,"event_name":"betterThird:BetterSerpent","floor":4,"gold_loss":0},{"damage_healed":0,"gold_gain":0,"player_choice":"Got Potions","damage_taken":0,"max_hp_gain":0,"max_hp_loss":0,"event_name":"Lab","floor":19,"gold_loss":0},{"damage_healed":0,"gold_gain":0,"player_choice":"Obtained Relic","damage_taken":0,"relics_obtained":["Unceasing Top"],"max_hp_gain":0,"max_hp_loss":0,"event_name":"Addict","floor":28,"gold_loss":85},{"damage_healed":0,"gold_gain":0,"player_choice":"Obtained Book","damage_taken":16,"max_hp_gain":0,"max_hp_loss":0,"event_name":"Cursed Tome","floor":30,"gold_loss":0},{"damage_healed":0,"gold_gain":0,"player_choice":"Became a Ghost","damage_taken":0,"max_hp_gain":0,"max_hp_loss":35,"event_name":"Ghosts","floor":31,"gold_loss":0,"cards_obtained":["Ghostly","Ghostly","Ghostly","Ghostly","Ghostly"]},{"damage_healed":0,"gold_gain":0,"player_choice":"Fight","damage_taken":0,"max_hp_gain":0,"max_hp_loss":0,"event_name":"MindBloom","floor":37,"gold_loss":0},{"damage_healed":0,"gold_gain":0,"player_choice":"Fight","damage_taken":0,"max_hp_gain":0,"max_hp_loss":0,"event_name":"Mysterious Sphere","floor":46,"gold_loss":0}],"is_beta":false,"boss_relics":[{"not_picked":["SacredBark","Snecko Eye"],"picked":"Fusion Hammer"},{"not_picked":["SlaversCollar","Sozu"],"picked":"Busted Crown"}],"items_purged_floors":[11,45],"is_endless":false,"potions_floor_spawned":[8,13,20,22,33,35,38,41,44],"ascension_level":2}}