{"host":"qmnyg5dk1o6rw6mz","time":1612462856,"event":{"mods":["2.2 Compatiblity","AchievementEnabler","Act Like it!","Aspiration","Astrologer","BaseMod","Beaked The Cultist","Better Altar","Better Match","Better Note","Better Sensory Stone","Better Skull","Better Third Choice","Better Vampires","Block Reminder","CapriCore","Challenge The Spire","ChefMod","Colored Map","Colored Powertips","Conspire","Defuse TimeMaze Blight","Disable Question Mark Monsters","Displayed Cursed Tome","Downfall","Energized Spire","Gensokyo","GifTheSpireLib","Hermit","Highlight Path","Hubris","Infinite Spire","Jedi Mod","Marisa¡]Ãú«B¡@Å]²z¨F¡^","Minty Spire (QoL Compilation)","Monster B Gone","Pale of the Ancients","Permanent Neow","Quick Restart","Reimu¡]³Õ???¡^","Relic Filter","Relic Sorter","Reliquary","Replay The Spire","Shop Mod","Spicy Shops","StSLib","Stuff the Spire","Synergy Search","The Blue Laboratory","The Construct","The Cursed","The Disciple","The Dragon Tamer","The Gatherer","The Hierophant","The Poker Player","The Runesmith","The Showman","Unceasing Turn Reminder","Wide Potions","thorton"],"gold_per_floor":[99,99,99,24,51,78,78,92,110,260,160,160,160,160],"floor_reached":12,"language":"ENG","playtime":886,"items_purged":["Guardian:Defend_Guardian"],"score":74,"play_id":"6f7a852c-5c23-44d7-90ea-26fb8fdfe5b3","local_time":"20210205022056","is_ascension_mode":false,"campfire_choices":[{"floor":1,"key":"RECALL"},{"data":"Guardian:Suspension","floor":11,"key":"SMITH"}],"circlet_count":0,"master_deck":["Guardian:Strike_Guardian","Guardian:Strike_Guardian","Guardian:Strike_Guardian","Guardian:Strike_Guardian","Guardian:Defend_Guardian","Guardian:Defend_Guardian","Guardian:Defend_Guardian","Guardian:CurlUp","Guardian:TwinSlam","Feed","Guardian:ChargeCore+1","Guardian:Suspension+1","downfall:Icky"],"relics":["Replay:M_SmolderingBlood","downfall:HeartsMalice","infinitespire:Cubic Diamond","HornCleat","reliquary:PartyBalloon","Replay:Bottled Eggs","downfall:HeartBlessingRed"],"acts_visited":["Exordium"],"potions_floor_usage":[],"damage_taken":[{"damage":0,"enemies":"2 Louse","floor":3,"turns":1},{"damage":0,"enemies":"downfall:FleeingMerchant","floor":4,"turns":1},{"damage":0,"enemies":"conspire:MimicChest","floor":5,"turns":1},{"damage":41,"enemies":"Lagavulin","floor":6,"turns":9},{"damage":7,"enemies":"Small Slimes","floor":8,"turns":5},{"damage":7,"enemies":"Cultist","floor":9,"turns":5},{"damage":33,"enemies":"3 Sentries","floor":12,"turns":7}],"seed_played":"64114403611829876","potions_obtained":[{"floor":5,"key":"Energy Potion"},{"floor":6,"key":"Guardian:StasisDiscoveryPotion"}],"is_trial":false,"path_per_floor":["R","?","M","$","?","E","T","M","M","?","R","E"],"character_chosen":"GUARDIAN","items_purchased":[],"campfire_rested":0,"item_purchase_floors":[],"current_hp_per_floor":[80,80,80,80,80,39,39,35,31,31,31,0,0,0],"gold":160,"neow_bonus":"THREE_ENEMY_KILL","is_daily":false,"chose_seed":false,"campfire_upgraded":1,"win_rate":0.0,"timestamp":1612462856,"path_taken":["R","?","M","$","?","E","T","M","M","?","R","E"],"items_purchased_type":[],"build_version":"2020-12-22","purchased_purges":1,"victory":false,"max_hp_per_floor":[80,80,80,80,80,80,80,83,86,86,86,86,86,86],"card_choices":[{"not_picked":["Guardian:RollAttack","Guardian:Gem_Green"],"picked":"Guardian:Gem_White","floor":3},{"not_picked":["Halt","Headbutt","Guardian:DecasProtection"],"picked":"SKIP","floor":4},{"not_picked":["EmptyFist","BowlingBash"],"picked":"Feed","floor":5},{"not_picked":["Guardian:Gem_Green","Guardian:Gem_Red"],"picked":"Guardian:ChargeCore","floor":6},{"not_picked":["Guardian:RefractedBeam","Guardian:FloatingOrbs"],"picked":"Guardian:Suspension","floor":8},{"not_picked":["Guardian:BronzeOrb","Guardian:TemporalShield","Headbutt"],"picked":"SKIP","floor":9}],"player_experience":240393,"relics_obtained":[{"floor":5,"key":"HornCleat"},{"floor":6,"key":"reliquary:PartyBalloon"},{"floor":7,"key":"Replay:Bottled Eggs"}],"event_choices":[],"is_beta":false,"boss_relics":[],"items_purged_floors":[4],"is_endless":false,"potions_floor_spawned":[5,6],"killed_by":"3 Sentries","ascension_level":0}}