{"host":"rtw1tnr74gozsrw1","time":1612402764,"event":{"mods":["BaseMod","Colored Map","Colored Powertips","Highlight Path","Minty Spire (QoL Compilation)","StSLib","The Jungle"],"gold_per_floor":[115,40,40,60,60,95,95,105,105,121,152,165,165,177,177,277,277,293,305,305,305,305,305,33,33,56,70,70,0,18,49,49,153,203,213,213,17,17,30,30,56,56,104,121,156,176,176,190,190,190,190,190,40,71,71,71],"floor_reached":55,"language":"ENG","playtime":1779,"items_purged":["Strike_B","Strike_B","Defend_B","Defend_B"],"score":868,"play_id":"e9069e94-d50e-41a9-b3c6-f31793ba514a","local_time":"20210204023924","is_ascension_mode":true,"campfire_choices":[{"data":"Dualcast","floor":7,"key":"SMITH"},{"data":"Ball Lightning","floor":13,"key":"SMITH"},{"data":"Chaos","floor":15,"key":"SMITH"},{"data":"Creative AI","floor":23,"key":"SMITH"},{"data":"Cold Snap","floor":25,"key":"SMITH"},{"floor":28,"key":"RECALL"},{"data":"Machine Learning","floor":32,"key":"SMITH"},{"data":"Defragment","floor":40,"key":"SMITH"},{"floor":42,"key":"REST"},{"floor":49,"key":"REST"},{"data":"Capacitor","floor":52,"key":"SMITH"}],"circlet_count":0,"master_deck":["Strike_B+1","Defend_B+1","Defend_B+1","Zap+1","Dualcast+1","Cold Snap+1","Ball Lightning+1","Chaos+1","Creative AI+1","Ball Lightning+1","Redo+1","Redo+1","Machine Learning+1","Glacier+1","Electrodynamics","Defragment+1","Conserve Battery+1","Capacitor","White Noise+1","Capacitor+1","Redo+1","Self Repair","Conserve Battery+1","Loop+1"],"relics":["Cracked Core","NeowsBlessing","Letter Opener","HornCleat","Bag of Marbles","Philosopher\u0027s Stone","Pantograph","Anchor","War Paint","Happy Flower","Boot","Tiny House","DataDisk","Orichalcum","Whetstone"],"acts_visited":["Exordium","TheCity","TheBeyond","TheEnding"],"potions_floor_usage":[14,33,39,45,45,55],"damage_taken":[{"damage":0,"enemies":"2 Louse","floor":1,"turns":1},{"damage":0,"enemies":"Small Slimes","floor":4,"turns":1},{"damage":0,"enemies":"Lagavulin","floor":6,"turns":2},{"damage":0,"enemies":"Cultist","floor":8,"turns":3},{"damage":1,"enemies":"Blue Slaver","floor":10,"turns":2},{"damage":0,"enemies":"Gremlin Nob","floor":11,"turns":3},{"damage":4,"enemies":"3 Louse","floor":12,"turns":2},{"damage":0,"enemies":"Gremlin Gang","floor":14,"turns":3},{"damage":36,"enemies":"The Guardian","floor":16,"turns":6},{"damage":2,"enemies":"Chosen","floor":18,"turns":4},{"damage":13,"enemies":"Spheric Guardian","floor":19,"turns":4},{"damage":0,"enemies":"Snecko","floor":27,"turns":3},{"damage":0,"enemies":"Cultist and Chosen","floor":30,"turns":4},{"damage":9,"enemies":"Gremlin Leader","floor":31,"turns":5},{"damage":30,"enemies":"Champ","floor":33,"turns":11},{"damage":19,"enemies":"3 Darklings","floor":35,"turns":5},{"damage":0,"enemies":"3 Shapes","floor":39,"turns":3},{"damage":44,"enemies":"Giant Head","floor":41,"turns":8},{"damage":3,"enemies":"Jaw Worm Horde","floor":44,"turns":3},{"damage":30,"enemies":"Reptomancer","floor":45,"turns":5},{"damage":0,"enemies":"4 Shapes","floor":46,"turns":2},{"damage":1,"enemies":"3 Darklings","floor":48,"turns":3},{"damage":33,"enemies":"Time Eater","floor":50,"turns":12},{"damage":38,"enemies":"Shield and Spear","floor":54,"turns":5},{"damage":74,"enemies":"The Heart","floor":55,"turns":5}],"seed_played":"4107966108390135264","potions_obtained":[{"floor":1,"key":"GamblersBrew"},{"floor":4,"key":"SkillPotion"},{"floor":8,"key":"Energy Potion"},{"floor":27,"key":"CultistPotion"},{"floor":33,"key":"SteroidPotion"},{"floor":34,"key":"Regen Potion"},{"floor":39,"key":"GamblersBrew"},{"floor":48,"key":"GamblersBrew"},{"floor":54,"key":"SkillPotion"}],"is_trial":false,"path_per_floor":["M","$","?","M","?","E","R","M","T","M","E","M","R","M","R","B",null,"M","M","T","?","T","R","$","R","T","M","R","?","M","E","R","B",null,"M","?","$","?","M","R","E","R","T","M","E","M","?","M","R","B",null,"R","$","E","B"],"character_chosen":"DEFECT","items_purchased":["Redo","War Paint","Capacitor"],"campfire_rested":2,"item_purchase_floors":[24,24,37],"current_hp_per_floor":[75,75,60,60,60,60,60,60,60,59,59,55,55,55,55,19,75,73,60,60,60,60,60,60,60,60,60,60,60,60,51,51,45,80,61,61,61,61,70,70,26,50,50,47,17,17,17,23,47,46,80,80,80,49,0,0],"gold":71,"neow_bonus":"THREE_ENEMY_KILL","is_daily":false,"chose_seed":false,"campfire_upgraded":8,"win_rate":0.0,"timestamp":1612402764,"path_taken":["M","$","?","M","?","E","R","M","T","M","E","M","R","M","R","BOSS","M","M","?","?","?","R","$","R","T","M","R","?","M","E","R","BOSS","M","?","$","?","M","R","E","R","T","M","E","M","?","?","R","BOSS","R","$","E","BOSS"],"items_purchased_type":["Card","Relic","Card"],"build_version":"2020-12-22","purchased_purges":4,"victory":false,"max_hp_per_floor":[75,75,75,75,75,75,75,75,75,75,75,75,75,75,75,75,75,75,75,75,75,75,75,75,75,75,75,75,75,75,75,75,75,80,80,80,80,80,80,80,80,80,80,80,80,80,80,80,80,80,80,80,80,80,80,80],"card_choices":[{"not_picked":["Reprogram","Double Energy"],"picked":"Cold Snap","floor":1},{"not_picked":["Compile Driver","Rebound","Gash"],"picked":"SKIP","floor":4},{"not_picked":["Static Discharge","Sweeping Beam","Coolheaded"],"picked":"SKIP","floor":6},{"not_picked":["Hologram","Reprogram","Go for the Eyes"],"picked":"SKIP","floor":8},{"not_picked":["Doom and Gloom","Compile Driver"],"picked":"Cold Snap","floor":10},{"not_picked":["All For One","Consume"],"picked":"Ball Lightning","floor":11},{"not_picked":["Leap","Hello World","Hologram"],"picked":"SKIP","floor":12},{"not_picked":["Consume","Rip and Tear"],"picked":"Chaos","floor":14},{"not_picked":["Seek","Reboot"],"picked":"Creative AI","floor":16},{"not_picked":["Streamline","BootSequence","Hologram"],"picked":"SKIP","floor":18},{"not_picked":["Beam Cell","Hologram"],"picked":"Ball Lightning+1","floor":19},{"not_picked":["Cold Snap","Go for the Eyes+1"],"picked":"Redo+1","floor":27},{"not_picked":["Sweeping Beam","Steam"],"picked":"Machine Learning","floor":30},{"not_picked":["Blizzard","Leap+1"],"picked":"Glacier+1","floor":31},{"not_picked":["Creative AI","Reboot"],"picked":"Electrodynamics","floor":33},{"not_picked":["Hologram","Melter"],"picked":"Defragment","floor":34},{"not_picked":["Darkness","Go for the Eyes"],"picked":"Conserve Battery+1","floor":35},{"not_picked":["Coolheaded","Beam Cell","Compile Driver+1"],"picked":"SKIP","floor":39},{"not_picked":["Rebound","Lockon","Sunder+1"],"picked":"SKIP","floor":41},{"not_picked":["Static Discharge","Leap+1"],"picked":"White Noise+1","floor":44},{"not_picked":["Stack+1","Conserve Battery+1"],"picked":"Capacitor","floor":45},{"not_picked":["Cold Snap+1","Rebound"],"picked":"Redo+1","floor":46},{"not_picked":["Hello World","Cold Snap"],"picked":"Conserve Battery+1","floor":48},{"not_picked":["Hello World","Meteor Strike"],"picked":"Loop+1","floor":54}],"player_experience":98269,"relics_obtained":[{"floor":6,"key":"Letter Opener"},{"floor":9,"key":"HornCleat"},{"floor":11,"key":"Bag of Marbles"},{"floor":20,"key":"Pantograph"},{"floor":22,"key":"Anchor"},{"floor":26,"key":"Happy Flower"},{"floor":31,"key":"Boot"},{"floor":41,"key":"DataDisk"},{"floor":45,"key":"Orichalcum"},{"floor":54,"key":"Whetstone"}],"event_choices":[{"damage_healed":0,"gold_gain":0,"player_choice":"Entered Light","damage_taken":15,"max_hp_gain":0,"max_hp_loss":0,"event_name":"Shining Light","floor":3,"gold_loss":0,"cards_upgraded":["Cold Snap","Strike_B"]},{"damage_healed":0,"gold_gain":0,"player_choice":"Upgraded","damage_taken":0,"max_hp_gain":0,"max_hp_loss":0,"event_name":"Upgrade Shrine","floor":5,"gold_loss":0,"cards_upgraded":["Zap"]},{"damage_healed":0,"gold_gain":0,"player_choice":"Paid Fearfully","damage_taken":0,"max_hp_gain":0,"max_hp_loss":0,"event_name":"Masked Bandits","floor":29,"gold_loss":70},{"damage_healed":0,"gold_gain":0,"player_choice":"Ignored","damage_taken":0,"max_hp_gain":0,"max_hp_loss":0,"event_name":"Tomb of Lord Red Mask","floor":36,"gold_loss":0},{"cards_removed":["Cold Snap"],"damage_healed":0,"gold_gain":0,"player_choice":"Removed Attack","damage_taken":0,"max_hp_gain":0,"max_hp_loss":0,"event_name":"Falling","floor":38,"gold_loss":0},{"damage_healed":0,"gold_gain":0,"cards_transformed":["Strike_B"],"player_choice":"Transformed","damage_taken":0,"max_hp_gain":0,"max_hp_loss":0,"event_name":"Transmorgrifier","floor":47,"gold_loss":0,"cards_obtained":["Self Repair"]}],"is_beta":false,"boss_relics":[{"not_picked":["SlaversCollar","Coffee Dripper"],"picked":"Philosopher\u0027s Stone"},{"not_picked":["Velvet Choker","Snecko Eye"],"picked":"Tiny House"}],"items_purged_floors":[2,24,37,53],"is_endless":false,"potions_floor_spawned":[1,4,8,12,27,31,33,39,41,48,54],"killed_by":"The Heart","ascension_level":3}}