{"host":"k919bq8mkuzdqhzi","time":1612406493,"event":{"mods":["AchievementEnabler","BaseMod","Colored Map","Colored Powertips","DeckTracker","Minty Spire (QoL Compilation)","Relic Sorter","SuperFastMode"],"gold_per_floor":[110,129,129,142,142,171,182,199,199,199,213,61,61,79,79,175,225,237,237,249,265,265,265,12,12,84,84,95,109,109,109,109,206,206,222,240,240,260,271,271,271,271],"floor_reached":41,"language":"ENG","playtime":2908,"items_purged":["Strike_G","Defend_G+1"],"score":397,"play_id":"f64959ae-83c3-4bd3-9572-863e11613acf","local_time":"20210203214133","is_ascension_mode":false,"campfire_choices":[{"floor":10,"key":"REST"},{"data":"Footwork","floor":13,"key":"SMITH"},{"data":"Noxious Fumes","floor":15,"key":"SMITH"},{"data":"Leg Sweep","floor":23,"key":"SMITH"},{"data":"Catalyst","floor":27,"key":"SMITH"},{"data":"Malaise","floor":30,"key":"SMITH"},{"data":"Poisoned Stab","floor":32,"key":"SMITH"},{"data":"A Thousand Cuts","floor":40,"key":"SMITH"}],"circlet_count":0,"master_deck":["Strike_G+1","Strike_G+1","Strike_G+1","Defend_G+1","Defend_G+1","Defend_G+1","Defend_G+1","Survivor","Neutralize+1","Venomology","Quick Slash","Noxious Fumes+1","Deflect","Poisoned Stab+1","Bane+1","Underhanded Strike+1","Catalyst+1","Footwork+1","Malaise+1","Predator","Leg Sweep+1","Dodge and Roll","A Thousand Cuts+1","Acrobatics+1","Blur"],"relics":["Ring of the Snake","HornCleat","Regal Pillow","Tiny House","MutagenicStrength","TwistedFunnel","Whetstone","Bottled Lightning","Busted Crown"],"acts_visited":["Exordium","TheCity","TheBeyond"],"potions_floor_usage":[6,6,6,11,16,16,20,20,33,33,33,38,39,39,41],"damage_taken":[{"damage":4,"enemies":"2 Louse","floor":1,"turns":4},{"damage":0,"enemies":"Small Slimes","floor":2,"turns":3},{"damage":0,"enemies":"Jaw Worm","floor":4,"turns":4},{"damage":16,"enemies":"Gremlin Nob","floor":6,"turns":5},{"damage":5,"enemies":"2 Fungi Beasts","floor":7,"turns":4},{"damage":0,"enemies":"Large Slime","floor":8,"turns":6},{"damage":0,"enemies":"Exordium Wildlife","floor":11,"turns":4},{"damage":5,"enemies":"Red Slaver","floor":14,"turns":4},{"damage":6,"enemies":"The Guardian","floor":16,"turns":11},{"damage":4,"enemies":"Shell Parasite","floor":18,"turns":6},{"damage":0,"enemies":"2 Thieves","floor":20,"turns":5},{"damage":6,"enemies":"Snake Plant","floor":21,"turns":6},{"damage":2,"enemies":"Snecko","floor":28,"turns":5},{"damage":5,"enemies":"Centurion and Healer","floor":29,"turns":5},{"damage":79,"enemies":"Collector","floor":33,"turns":11},{"damage":0,"enemies":"Orb Walker","floor":35,"turns":4},{"damage":18,"enemies":"3 Darklings","floor":36,"turns":6},{"damage":12,"enemies":"Sphere and 2 Shapes","floor":38,"turns":6},{"damage":0,"enemies":"Maw","floor":39,"turns":7},{"damage":49,"enemies":"2 Orb Walkers","floor":41,"turns":5}],"seed_played":"-5589315292196688714","potions_obtained":[{"floor":1,"key":"Fire Potion"},{"floor":2,"key":"Dexterity Potion"},{"floor":16,"key":"Strength Potion"},{"floor":28,"key":"ColorlessPotion"},{"floor":29,"key":"LiquidBronze"},{"floor":33,"key":"Energy Potion"},{"floor":35,"key":"Dexterity Potion"},{"floor":39,"key":"Block Potion"}],"is_trial":false,"path_per_floor":["M","M","?","M","?","E","M","M","T","R","M","$","R","M","R","B",null,"M","?","M","M","?","R","$","T","T","R","M","M","R","?","R","B",null,"M","M","?","M","M","R","?"],"character_chosen":"THE_SILENT","items_purchased":["Footwork","TwistedFunnel"],"campfire_rested":1,"item_purchase_floors":[12,24],"current_hp_per_floor":[66,66,59,59,45,29,24,24,24,60,60,60,60,55,55,49,75,71,71,71,65,65,65,65,65,65,65,63,58,58,75,75,22,75,75,57,57,45,45,45,0,0],"gold":271,"neow_bonus":"ONE_RANDOM_RARE_CARD","is_daily":false,"chose_seed":false,"campfire_upgraded":7,"win_rate":0.0,"timestamp":1612406493,"path_taken":["M","M","?","M","?","E","M","?","T","R","M","$","R","M","R","BOSS","M","?","M","M","?","R","$","?","T","R","?","M","R","?","R","BOSS","M","M","?","M","M","R","?"],"items_purchased_type":["Card","Relic"],"build_version":"2020-12-22","purchased_purges":2,"victory":false,"max_hp_per_floor":[70,70,70,70,70,70,70,70,70,70,70,70,70,70,70,70,75,75,75,75,75,75,75,75,75,75,75,75,75,75,75,75,75,75,75,75,75,75,75,75,75,75],"card_choices":[{"not_picked":["Masterful Stab","Finisher"],"picked":"Quick Slash","floor":1},{"not_picked":["Escape Plan","Prepared"],"picked":"Noxious Fumes","floor":2},{"not_picked":["Infinite Blades","Endless Agony"],"picked":"Deflect","floor":4},{"not_picked":["Deflect","Blade Dance"],"picked":"Poisoned Stab","floor":6},{"not_picked":["Skewer","PiercingWail"],"picked":"Bane","floor":7},{"not_picked":["Doppelganger","Expertise"],"picked":"Underhanded Strike","floor":8},{"not_picked":["Bane","Sucker Punch"],"picked":"Catalyst","floor":11},{"not_picked":["Reflex","Quick Slash"],"picked":"Tactician","floor":14},{"not_picked":["Night Terror","Glass Knife"],"picked":"Malaise","floor":16},{"not_picked":["Finisher","Catalyst"],"picked":"Predator","floor":17},{"not_picked":["Deflect","Slice"],"picked":"Leg Sweep","floor":18},{"not_picked":["Expertise","Reflex"],"picked":"Dodge and Roll","floor":20},{"not_picked":["Tactician+1","Dagger Spray","Slice"],"picked":"SKIP","floor":21},{"not_picked":["Footwork","Prepared","Choke"],"picked":"SKIP","floor":28},{"not_picked":["Distraction","PiercingWail","Eviscerate"],"picked":"SKIP","floor":29},{"not_picked":["Doppelganger","Adrenaline"],"picked":"A Thousand Cuts","floor":33},{"not_picked":["Underhanded Strike+1"],"picked":"SKIP","floor":35},{"not_picked":[],"picked":"Acrobatics+1","floor":36},{"not_picked":[],"picked":"Blur","floor":38},{"not_picked":["Underhanded Strike+1"],"picked":"SKIP","floor":39}],"player_experience":78141,"relics_obtained":[{"floor":6,"key":"HornCleat"},{"floor":9,"key":"Regal Pillow"},{"floor":25,"key":"Whetstone"},{"floor":26,"key":"Bottled Lightning"}],"event_choices":[{"cards_removed":["Strike_G"],"damage_healed":0,"gold_gain":0,"player_choice":"Card Removal","damage_taken":7,"max_hp_gain":0,"max_hp_loss":0,"event_name":"Golden Wing","floor":3,"gold_loss":0},{"damage_healed":0,"gold_gain":0,"player_choice":"Entered Light","damage_taken":14,"max_hp_gain":0,"max_hp_loss":0,"event_name":"Shining Light","floor":5,"gold_loss":0,"cards_upgraded":["Defend_G","Defend_G"]},{"damage_healed":0,"gold_gain":0,"player_choice":"Simplicity","damage_taken":0,"max_hp_gain":0,"max_hp_loss":0,"event_name":"Back to Basics","floor":19,"gold_loss":0,"cards_upgraded":["Strike_G","Strike_G","Strike_G","Defend_G","Defend_G","Defend_G"]},{"damage_healed":0,"gold_gain":0,"player_choice":"Inject Mutagens","damage_taken":0,"relics_obtained":["MutagenicStrength"],"max_hp_gain":0,"max_hp_loss":0,"event_name":"Drug Dealer","floor":22,"gold_loss":0},{"damage_healed":25,"gold_gain":0,"player_choice":"Heal","damage_taken":0,"max_hp_gain":0,"max_hp_loss":0,"event_name":"The Library","floor":31,"gold_loss":0},{"cards_removed":["Tactician"],"damage_healed":0,"gold_gain":0,"player_choice":"Removed Skill","damage_taken":0,"max_hp_gain":0,"max_hp_loss":0,"event_name":"Falling","floor":37,"gold_loss":0},{"damage_healed":0,"gold_gain":0,"player_choice":"Fight","damage_taken":0,"max_hp_gain":0,"max_hp_loss":0,"event_name":"Mysterious Sphere","floor":41,"gold_loss":0}],"is_beta":false,"boss_relics":[{"not_picked":["Runic Dome","WristBlade"],"picked":"Tiny House"},{"not_picked":["Fusion Hammer","Calling Bell"],"picked":"Busted Crown"}],"items_purged_floors":[12,24],"is_endless":false,"potions_floor_spawned":[1,2,11,16,28,29,33,35,39],"killed_by":"2 Orb Walkers","ascension_level":0}}