{"host":"xp5rvh2jwe2ejyfm","time":1612482078,"event":{"mods":["2.2 Compatiblity","Aspiration","BaseMod","BetterRewards","Colored Powertips","Conspire","Downfall","GifTheSpireLib","Gremlin Mod","Hermit","Hubris","Jorbs\u0027s Wanderer Trilogy","Minty Spire (QoL Compilation)","Replay The Spire","Robot Space Explorer","Shade Mod","Somnambulant","StSLib","The Bug Knight","The Clintock","The Construct","The Cursed","The Disciple","The Forsaken","The Hierophant","The Necromancer","The Runesmith","The Servant 0.9.4","The Valiant","The Witch","thorton"],"gold_per_floor":[121,133,133,153,22,59,59,82,136,155,170,195,210,210,210],"floor_reached":13,"language":"ENG","playtime":424,"items_purged":[],"score":89,"play_id":"3adf66d4-7d35-44e3-8d65-1af9d7b9aabe","local_time":"20210204184118","is_ascension_mode":false,"campfire_choices":[{"floor":7,"key":"RECALL"}],"circlet_count":0,"master_deck":["thethorton:Strike","thethorton:Strike","thethorton:Strike","thethorton:Strike","thethorton:Defend","thethorton:Defend","thethorton:Defend","thethorton:Defend","thethorton:Heckle","thethorton:CreditCard","Normality","thethorton:AngerMoment","thethorton:GemGun","thethorton:GoldBuffer","thethorton:ThickSkin","thethorton:ChartProject","thethorton:ChartProject","thethorton:GemGun","thethorton:DownPayment","thethorton:BusinessBurst","thethorton:LongTermPayoff","thethorton:BusinessCard"],"relics":["thethorton:CouragePotion","NeowsBlessing","Mango","Regal Pillow"],"acts_visited":["Exordium"],"potions_floor_usage":[11,11],"damage_taken":[{"damage":0,"enemies":"Cultist","floor":1,"turns":1},{"damage":0,"enemies":"Jaw Worm","floor":2,"turns":1},{"damage":0,"enemies":"2 Louse","floor":4,"turns":1},{"damage":25,"enemies":"Gremlin Nob","floor":6,"turns":5},{"damage":13,"enemies":"2 Fungi Beasts","floor":8,"turns":5},{"damage":15,"enemies":"3 Louse","floor":10,"turns":3},{"damage":0,"enemies":"Large Slime","floor":11,"turns":3},{"damage":19,"enemies":"Red Slaver","floor":12,"turns":6},{"damage":14,"enemies":"3 Sentries","floor":13,"turns":2}],"seed_played":"-7784925696300339677","potions_obtained":[{"floor":1,"key":"FearPotion"},{"floor":2,"key":"SteroidPotion"},{"floor":12,"key":"Block Potion"}],"is_trial":false,"path_per_floor":["M","M","?","M","$","E","R","M","T","M","M","M","E"],"character_chosen":"THE_THORT","items_purchased":["thethorton:ThickSkin","thethorton:ChartProject"],"campfire_rested":0,"item_purchase_floors":[5,5],"current_hp_per_floor":[68,68,68,68,68,57,57,44,44,29,29,10,0,0,0],"gold":210,"neow_bonus":"THREE_ENEMY_KILL","is_daily":false,"chose_seed":false,"campfire_upgraded":0,"win_rate":0.0,"timestamp":1612482078,"path_taken":["M","?","?","M","$","E","R","M","T","M","M","M","E"],"items_purchased_type":["Card","Card"],"build_version":"2020-12-22","purchased_purges":0,"victory":false,"max_hp_per_floor":[68,68,68,68,68,82,82,82,82,82,82,82,82,82,82],"card_choices":[{"not_picked":["thethorton:SeeingDouble","thethorton:StampSmack"],"picked":"thethorton:AngerMoment","floor":1},{"not_picked":["thethorton:BookBash","thethorton:GoldBuffer"],"picked":"thethorton:GemGun","floor":2},{"not_picked":["thethorton:DoubleRun","thethorton:BookBash"],"picked":"thethorton:GoldBuffer","floor":4},{"not_picked":["thethorton:ToxicGreed","thethorton:DownPayment"],"picked":"thethorton:GemGun","floor":6},{"not_picked":["thethorton:TakeAccounts","thethorton:CashBash"],"picked":"thethorton:DownPayment","floor":8},{"not_picked":["thethorton:CoinClash","thethorton:MomentaryBreak"],"picked":"thethorton:BusinessBurst","floor":10},{"not_picked":["thethorton:ElbowSmash","thethorton:CoinShield"],"picked":"thethorton:LongTermPayoff","floor":11},{"not_picked":["thethorton:RunningFeint","thethorton:WhirlingBriefcase"],"picked":"thethorton:BusinessCard","floor":12}],"player_experience":422417,"relics_obtained":[{"floor":6,"key":"Mango"},{"floor":9,"key":"Regal Pillow"}],"event_choices":[{"damage_healed":0,"gold_gain":0,"player_choice":"Leave","damage_taken":0,"max_hp_gain":0,"max_hp_loss":0,"event_name":"conspire:Investor","floor":3,"gold_loss":0}],"is_beta":false,"boss_relics":[],"items_purged_floors":[],"is_endless":false,"potions_floor_spawned":[1,2,12],"killed_by":"3 Sentries","ascension_level":0}}