{"host":"l2kmo5ss1fnqnmvo","time":1612450176,"event":{"mods":["BaseMod","Colored Powertips","Decade(王小明)","Lobotomy","Minty Spire (QoL Compilation)","Reimu（博丽灵梦）","WarShipGirlsR/战舰少女R mod"],"gold_per_floor":[118,134,134,59,74,109,109],"floor_reached":6,"language":"ZHS","playtime":390,"items_purged":["KamenRideDenO"],"score":55,"play_id":"fb9664ec-b62d-49a7-bb2d-a988fd32905f","local_time":"20210204234936","is_ascension_mode":true,"campfire_choices":[],"circlet_count":0,"master_deck":["Decade_Attack","Decade_Attack","Decade_Attack","KamenRide","Decade_SpecialSkill","Decade_Defend","Decade_Defend","Decade_Defend","Decade_Defend","Kuuga_GouramAttack","FormRideDragon","UnarmedAttack7","AutoVajin","FormRideTitan"],"relics":["Decadriver","TOEIDeficitBill","RabbitCall","Omamori"],"acts_visited":["Exordium"],"potions_floor_usage":[],"damage_taken":[{"damage":0,"enemies":"Small Slimes","floor":1,"turns":2},{"damage":1,"enemies":"Cultist","floor":2,"turns":3},{"damage":7,"enemies":"Jaw Worm","floor":5,"turns":3},{"damage":30,"enemies":"3 Sentries","floor":6,"turns":6}],"seed_played":"-5870821937347836639","potions_obtained":[{"floor":1,"key":"DistilledChaos"},{"floor":6,"key":"GrandPatriotsElixir:ReiMu"}],"is_trial":false,"path_per_floor":["M","M","?","$","M","E"],"character_chosen":"Decade","items_purchased":[],"campfire_rested":0,"item_purchase_floors":[],"current_hp_per_floor":[70,69,69,69,62,54,54],"gold":109,"neow_bonus":"","is_daily":false,"chose_seed":false,"campfire_upgraded":0,"win_rate":0.0,"timestamp":1612450176,"path_taken":["M","M","?","$","?","E"],"items_purchased_type":[],"build_version":"2020-12-22","purchased_purges":1,"victory":false,"max_hp_per_floor":[70,70,70,70,70,70,70],"card_choices":[{"not_picked":["UnarmedAttack5","KamenRideKabuto"],"picked":"Kuuga_GouramAttack","floor":1},{"not_picked":["Decade_Illusion","KamenRideFaiz"],"picked":"FormRideDragon","floor":1},{"not_picked":["DragClaw","Hibiki_Attack2"],"picked":"UnarmedAttack7","floor":2},{"not_picked":["UnarmedAttack3","Blade_Kick"],"picked":"AutoVajin","floor":2},{"not_picked":["KamenRideBlade","FormRidePegasus"],"picked":"FormRideTitan","floor":5},{"not_picked":["DragShield","Blade_Mach","Decade_Dash1"],"picked":"SKIP","floor":5}],"player_experience":630320,"relics_obtained":[{"floor":6,"key":"Omamori"}],"event_choices":[{"damage_healed":0,"gold_gain":0,"cards_transformed":["Decade_Attack"],"player_choice":"Transformed","damage_taken":0,"max_hp_gain":0,"max_hp_loss":0,"event_name":"Transmorgrifier","floor":3,"gold_loss":0,"cards_obtained":["KamenRideDenO"]}],"is_beta":false,"boss_relics":[],"items_purged_floors":[4],"is_endless":false,"potions_floor_spawned":[1,6],"killed_by":"3 Sentries","ascension_level":4}}