{"host":"xp5rvh2jwe2ejyfm","time":1612476613,"event":{"mods":["2.2 Compatiblity","Aspiration","BaseMod","BetterRewards","Colored Powertips","Conspire","Downfall","GifTheSpireLib","Gremlin Mod","Hermit","Hubris","Jorbs\u0027s Wanderer Trilogy","Minty Spire (QoL Compilation)","Replay The Spire","Robot Space Explorer","Shade Mod","Somnambulant","StSLib","The Bug Knight","The Clintock","The Construct","The Cursed","The Disciple","The Forsaken","The Hierophant","The Necromancer","The Runesmith","The Servant 0.9.4","The Valiant","The Witch","thorton"],"gold_per_floor":[115,135,149,165,10,10,43,56,56,56,7,24,24,39,39,39,39],"floor_reached":16,"language":"ENG","playtime":489,"items_purged":[],"score":104,"play_id":"e062946e-c3fc-4c56-8472-c01784f2d37b","local_time":"20210204171013","is_ascension_mode":false,"campfire_choices":[{"data":"Shade:AnimateDead","floor":6,"key":"SMITH"},{"floor":10,"key":"RECALL"},{"floor":15,"key":"REST"}],"circlet_count":0,"master_deck":["Shade:Strike_Shade","Shade:Strike_Shade","Shade:Strike_Shade","Shade:Strike_Shade","Shade:Defend_Shade","Shade:Defend_Shade","Shade:Defend_Shade","Shade:Defend_Shade","Shade:AnimateDead+1","Shade:CarefulCut","Shade:BoneShards","Shade:SoulToxin","Shade:SpectralStrikes","Shade:CallWraith","Shade:Brains","Shade:FleshLikeOak","Shade:FleshToFlesh","Shade:Bite_Shade","Shade:SkeletonArmy"],"relics":["Shade:YorickSkull","NeowsBlessing","Sling","Simple Rune","Mirror"],"acts_visited":["Exordium"],"potions_floor_usage":[4,7,16,16],"damage_taken":[{"damage":0,"enemies":"Jaw Worm","floor":1,"turns":1},{"damage":0,"enemies":"2 Louse","floor":2,"turns":1},{"damage":0,"enemies":"Cultist","floor":3,"turns":1},{"damage":8,"enemies":"Lots of Slimes","floor":4,"turns":5},{"damage":9,"enemies":"Lagavulin","floor":7,"turns":4},{"damage":5,"enemies":"Looter","floor":8,"turns":4},{"damage":5,"enemies":"Red Slaver","floor":12,"turns":3},{"damage":18,"enemies":"Gremlin Gang","floor":14,"turns":6},{"damage":61,"enemies":"Fading Forest","floor":16,"turns":7}],"seed_played":"2536807714440359169","potions_obtained":[{"floor":1,"key":"BlessingOfTheForge"},{"floor":2,"key":"BlessingOfTheForge"},{"floor":7,"key":"ColorlessPotion"},{"floor":12,"key":"FearPotion"}],"is_trial":false,"path_per_floor":["M","M","M","M","$","R","E","M","T","R","$","M","?","M","R","B"],"character_chosen":"SHADE","items_purchased":["Sling","Shade:FleshToFlesh"],"campfire_rested":1,"item_purchase_floors":[5,11],"current_hp_per_floor":[65,65,65,57,57,57,48,43,43,43,43,38,38,26,45,0,0],"gold":39,"neow_bonus":"THREE_ENEMY_KILL","is_daily":false,"chose_seed":false,"campfire_upgraded":1,"win_rate":0.0,"timestamp":1612476613,"path_taken":["M","M","M","M","$","R","E","M","T","R","$","M","?","M","R","BOSS"],"items_purchased_type":["Relic","Card"],"build_version":"2020-12-22","purchased_purges":0,"victory":false,"max_hp_per_floor":[65,65,65,65,65,65,65,65,65,65,65,65,65,65,65,65,65],"card_choices":[{"not_picked":["Shade:PoundOfFlesh","Shade:FingerOfDeath"],"picked":"Shade:BoneShards","floor":1},{"not_picked":["Shade:Trample","Shade:ExtraLimbs"],"picked":"Shade:SoulToxin","floor":2},{"not_picked":["Shade:PotionOfRestlessness","Shade:Haruspicy"],"picked":"Shade:SpectralStrikes","floor":3},{"not_picked":["Shade:Excise","Shade:ScuttlingHand"],"picked":"Shade:CallWraith","floor":4},{"not_picked":["Shade:PoundOfFlesh","Shade:PotionOfRestlessness"],"picked":"Shade:Brains","floor":7},{"not_picked":["Shade:Doomsay","Shade:ScuttlingHand"],"picked":"Shade:FleshLikeOak","floor":8},{"not_picked":["Shade:WallOfFlesh","Shade:Brains"],"picked":"Shade:Bite_Shade","floor":12},{"not_picked":["Shade:LoseControl","Shade:LyeBath"],"picked":"Shade:SkeletonArmy","floor":14}],"player_experience":417003,"relics_obtained":[{"floor":7,"key":"Simple Rune"},{"floor":9,"key":"Mirror"}],"event_choices":[{"damage_healed":0,"gold_gain":0,"player_choice":"Disagree","damage_taken":0,"max_hp_gain":0,"max_hp_loss":0,"event_name":"conspire:LoneGhost","floor":13,"gold_loss":0}],"is_beta":false,"boss_relics":[],"items_purged_floors":[],"is_endless":false,"potions_floor_spawned":[1,2,7,12],"killed_by":"Fading Forest","ascension_level":0}}