{"host":"l029r2dqxfiqiq5i","time":1612439455,"event":{"mods":["Act Like it!","Arknights","BaseMod","Minty Spire (QoL Compilation)","StSLib","óô»ðÖ¸ÄÏ"],"gold_per_floor":[118,48,63,78,96,122,139,171,171,171,181,193,193,221,221,325,325,335,335,353,369,74,74,106,106,129,161,161,161,181,201,201,304,304,322,117,133,143,162,162,162,172,472,506,520,547,567,582,197,197,197,197,42,73,73],"floor_reached":56,"language":"ZHS","playtime":3779,"items_purged":["ats:Strike C","ats:Neurotoxin","ats:Armor Crushing Shot"],"score":1215,"play_id":"4a931f5d-2ec9-4d15-8249-bcee658263c0","local_time":"20210204195055","is_ascension_mode":false,"campfire_choices":[{"floor":10.0,"key":"REST"},{"data":"ats:Healing Strengthening","floor":13.0,"key":"SMITH"},{"data":"ats:Composite Medical Shells","floor":15.0,"key":"SMITH"},{"data":"ats:Healing Strengthening","floor":23.0,"key":"SMITH"},{"data":"ats:Emotion Absorption","floor":25.0,"key":"SMITH"},{"data":"ats:Blood Oath","floor":28,"key":"SMITH"},{"floor":32,"key":"RECALL"},{"data":"ats:Thorns","floor":40,"key":"SMITH"},{"data":"ats:Healing Drone","floor":52,"key":"SMITH"}],"circlet_count":0,"master_deck":["ats:Strike G","ats:Strike S","ats:Defend","ats:Defend","ats:Defend","ats:Emotion Absorption+1","ats:Ignite","ats:Blood Oath+1","ats:Healing Drone+1","ats:Healing Strengthening+1","ats:Cat Scratch","ats:Thorns+1","ats:Healing Strengthening+1","ats:Composite Medical Shells+1","ats:Calcification","ats:Directed Diagnosis+1","ats:Revitalization+1","ats:Counter Healing Mode+1","ats:Charging Defense","ats:Soul Rend","ats:Thermite Blade","ats:Shell Defense","ats:Shell Defense+1","ats:Healing Drone+1"],"relics":["ats:Sanity Plus","Smiling Mask","ats:Originium","ats:Lavender","Orichalcum","MealTicket","Odd Mushroom","ats:Military Tradition","Potion Belt","Mummified Hand","Empty Cage","Nunchaku","Old Coin","Happy Flower","Boot","ats:Spiritual Recovery","TheAbacus","Medical Kit","Bottled Tornado"],"acts_visited":["Exordium","TheCity","TheBeyond","TheEnding"],"potions_floor_usage":[45,45,55,55,55,55,55],"damage_taken":[{"damage":4.0,"enemies":"Cultist","floor":1.0,"turns":4.0},{"damage":5.0,"enemies":"2 Louse","floor":3.0,"turns":3.0},{"damage":10.0,"enemies":"Small Slimes","floor":4.0,"turns":3.0},{"damage":10.0,"enemies":"2 Fungi Beasts","floor":5.0,"turns":4.0},{"damage":37.0,"enemies":"Gremlin Nob","floor":6.0,"turns":5.0},{"damage":33.0,"enemies":"Exordium Thugs","floor":7.0,"turns":5.0},{"damage":44.0,"enemies":"Lagavulin","floor":8.0,"turns":9.0},{"damage":22.0,"enemies":"Gremlin Gang","floor":11.0,"turns":6.0},{"damage":11.0,"enemies":"Blue Slaver","floor":12.0,"turns":5.0},{"damage":25.0,"enemies":"The Mushroom Lair","floor":14.0,"turns":6.0},{"damage":36.0,"enemies":"Hexaghost","floor":16.0,"turns":9.0},{"damage":33.0,"enemies":"Shell Parasite","floor":18.0,"turns":8.0},{"damage":28.0,"enemies":"3 Byrds","floor":20.0,"turns":4.0},{"damage":24.0,"enemies":"Snake Plant","floor":21.0,"turns":6.0},{"damage":67.0,"enemies":"Slavers","floor":24.0,"turns":5.0},{"damage":63,"enemies":"Book of Stabbing","floor":27,"turns":7},{"damage":16,"enemies":"3 Cultists","floor":30,"turns":5},{"damage":11,"enemies":"Centurion and Healer","floor":31,"turns":8},{"damage":14,"enemies":"Champ","floor":33,"turns":11},{"damage":11,"enemies":"3 Shapes","floor":35,"turns":6},{"damage":27,"enemies":"Orb Walker","floor":37,"turns":4},{"damage":26,"enemies":"Jaw Worm Horde","floor":38,"turns":3},{"damage":28,"enemies":"3 Darklings","floor":39,"turns":6},{"damage":14,"enemies":"Sphere and 2 Shapes","floor":42,"turns":4},{"damage":118,"enemies":"Giant Head","floor":44,"turns":11},{"damage":58,"enemies":"Transient","floor":45,"turns":5},{"damage":73,"enemies":"Reptomancer","floor":46,"turns":7},{"damage":27,"enemies":"4 Shapes","floor":47,"turns":6},{"damage":40,"enemies":"Writhing Mass","floor":48,"turns":6},{"damage":127,"enemies":"Time Eater","floor":50,"turns":14},{"damage":143,"enemies":"Shield and Spear","floor":54,"turns":7},{"damage":213,"enemies":"The Heart","floor":55,"turns":11}],"seed_played":"1976673557939360753","potions_obtained":[{"floor":5.0,"key":"Fire Potion"},{"floor":8.0,"key":"LiquidBronze"},{"floor":11.0,"key":"Explosive Potion"},{"floor":12.0,"key":"ats:Emergency Sanity Potion"},{"floor":37,"key":"AttackPotion"},{"floor":38,"key":"ColorlessPotion"},{"floor":45,"key":"Fire Potion"},{"floor":47,"key":"Ancient Potion"}],"is_trial":false,"path_per_floor":["M","$","M","M","M","E","M","E","T","R","M","M","R","?","R","B",null,"M","?","M","M","$","R","E","R","T","E","R","?","M","M","R","B",null,"M","$","M","M","M","R","?","M","T","E","M","E","M","M","R","B",null,"R","$","E","B",null],"character_chosen":"DOCTOR_CLASS","items_purchased":["ats:Neurotoxin","ats:Military Tradition","Nunchaku","ats:Healing Drone","ats:Spiritual Recovery","TheAbacus","Medical Kit"],"campfire_rested":1,"item_purchase_floors":[2,22,36,49,49,49,53],"current_hp_per_floor":[68,68,63,53,58,25,13,25,25,46,56,72,72,70,70,72,72,72,72,64,72,72,72,47,47,47,60,60,60,72,72,72,72,72,72,72,72,72,72,72,72,72,72,72,43,72,72,72,72,72,72,72,72,72,72],"gold":73,"neow_bonus":"RANDOM_COMMON_RELIC","is_daily":false,"chose_seed":false,"campfire_upgraded":7,"win_rate":0.0,"timestamp":1612439455,"path_taken":["M","$","?","M","M","E","M","E","T","R","M","M","R","?","R","BOSS","M","?","M","M","$","R","E","R","T","E","R","?","?","M","R","BOSS","M","$","M","?","M","R","?","M","T","E","M","E","M","M","R","BOSS","R","$","E","BOSS"],"items_purchased_type":["Card","Relic","Relic","Card","Relic","Relic","Relic"],"build_version":"2020-12-22","purchased_purges":3,"victory":true,"max_hp_per_floor":[72,72,72,72,72,72,72,72,72,72,72,72,72,72,72,72,72,72,72,72,72,72,72,72,72,72,72,72,72,72,72,72,72,72,72,72,72,72,72,72,72,72,72,72,72,72,72,72,72,72,72,72,72,72,72],"card_choices":[{"not_picked":["ats:Assault Order","ats:Absolute Focus"],"picked":"ats:Ignite","floor":1.0},{"not_picked":["ats:Shell Defense","ats:Consecutive Shot Auto"],"picked":"ats:Blood Oath","floor":3.0},{"not_picked":["ats:Disruption Kick","ats:Closed Bolt Burst Fire"],"picked":"ats:Healing Drone","floor":4.0},{"not_picked":["ats:Hammer On","ats:Flexible Camouflage"],"picked":"ats:Healing Strengthening","floor":5.0},{"not_picked":["ats:Blood Oath","ats:Poison Spread"],"picked":"ats:Cat Scratch","floor":6.0},{"not_picked":["ats:Chain Hook","ats:Closed Bolt Burst Fire","ats:Curse Doll"],"picked":"SKIP","floor":7.0},{"not_picked":["ats:Mental Burst","ats:Soul Absorption","ats:Poison Spread"],"picked":"SKIP","floor":8.0},{"not_picked":["ats:LN2 Cannon","ats:Overload"],"picked":"ats:Thorns","floor":11.0},{"not_picked":["ats:Very Hot Blade","ats:Sunburst"],"picked":"ats:Healing Strengthening","floor":12.0},{"not_picked":["ats:Soul Absorption","ats:Consecutive Shot Auto"],"picked":"ats:Composite Medical Shells","floor":14.0},{"not_picked":["ats:Shadow Assault","ats:Wolf Pack"],"picked":"ats:Calcification","floor":16.0},{"not_picked":["ats:Closed Bolt Burst Fire","ats:Support Order"],"picked":"ats:Directed Diagnosis+1","floor":18.0},{"not_picked":["ats:Flame Of Heaven+1","ats:Automatic Cover"],"picked":"ats:Revitalization","floor":20.0},{"not_picked":["ats:Absolute Focus","ats:Poison Spread+1","ats:Revitalization"],"picked":"SKIP","floor":21.0},{"not_picked":["ats:Guard Mode","ats:Flexible Camouflage"],"picked":"ats:Counter Healing Mode+1","floor":24.0},{"not_picked":["ats:Sashimi Platter","ats:Guardian Obelisk"],"picked":"ats:Charging Defense","floor":27},{"not_picked":["ats:Overload","ats:Consecutive Shot Auto","ats:Ignite"],"picked":"SKIP","floor":30},{"not_picked":["ats:Directed Diagnosis","ats:Guard Mode"],"picked":"ats:Soul Rend","floor":31},{"not_picked":["ats:Closed Bolt Burst Fire","ats:Rapid Magazine","ats:Beaten Up+1"],"picked":"SKIP","floor":35},{"not_picked":["ats:Powerful Strike","ats:Poison Spread"],"picked":"ats:Thermite Blade","floor":37},{"not_picked":["ats:Very Hot Blade+1","ats:Flexible Camouflage+1","ats:Beaten Up"],"picked":"SKIP","floor":38},{"not_picked":["ats:Directed Diagnosis","ats:Apocalypse+1","ats:Defend Order"],"picked":"SKIP","floor":39},{"not_picked":["ats:Very Hot Blade+1","ats:Absolute Focus+1","ats:Steam Pump+1"],"picked":"SKIP","floor":42},{"not_picked":["ats:Apocalypse+1","ats:Curse Doll"],"picked":"ats:Shell Defense","floor":44},{"not_picked":["ats:Closed Bolt Burst Fire","ats:Apocalypse+1","ats:Nebulous Foxfire"],"picked":"SKIP","floor":45},{"not_picked":["ats:Closed Bolt Burst Fire","ats:Apocalypse+1","ats:Nebulous Foxfire"],"picked":"SKIP","floor":45},{"not_picked":["ats:Curse Doll+1","ats:Flexible Camouflage","ats:Closed Bolt Burst Fire+1"],"picked":"SKIP","floor":46},{"not_picked":["ats:Poison Spread+1","ats:Hook Shot"],"picked":"ats:Shell Defense+1","floor":47},{"not_picked":["ats:Shell Defense","ats:Cat Scratch+1","ats:Guard Mode"],"picked":"SKIP","floor":48},{"not_picked":["ats:Rapid Magazine+1","ats:Very Hot Blade","ats:Flexible Camouflage"],"picked":"SKIP","floor":54}],"player_experience":181091,"relics_obtained":[{"floor":6.0,"key":"ats:Originium"},{"floor":6.0,"key":"ats:Lavender"},{"floor":8.0,"key":"ats:Originium"},{"floor":8.0,"key":"Orichalcum"},{"floor":9.0,"key":"MealTicket"},{"floor":14.0,"key":"Odd Mushroom"},{"floor":24.0,"key":"ats:Originium"},{"floor":24.0,"key":"Potion Belt"},{"floor":27,"key":"ats:Originium"},{"floor":27,"key":"Mummified Hand"},{"floor":43,"key":"Old Coin"},{"floor":44,"key":"ats:Originium"},{"floor":44,"key":"Happy Flower"},{"floor":46,"key":"Boot"},{"floor":54,"key":"Bottled Tornado"}],"event_choices":[{"damage_healed":0.0,"max_hp_gain":0.0,"max_hp_loss":0.0,"gold_gain":0.0,"event_name":"Mushrooms","player_choice":"Fought Mushrooms","floor":14.0,"gold_loss":0.0,"damage_taken":0.0},{"damage_healed":0.0,"max_hp_gain":0.0,"max_hp_loss":0.0,"gold_gain":0.0,"event_name":"Cursed Tome","player_choice":"Ignored","floor":19.0,"gold_loss":0.0,"damage_taken":0.0},{"damage_healed":0,"gold_gain":0,"player_choice":"Forge","damage_taken":0,"max_hp_gain":0,"max_hp_loss":0,"event_name":"Accursed Blacksmith","floor":29,"gold_loss":0,"cards_upgraded":["ats:Healing Drone"]},{"damage_healed":0,"gold_gain":0,"player_choice":"Upgraded","damage_taken":0,"max_hp_gain":0,"max_hp_loss":0,"event_name":"Upgrade Shrine","floor":41,"gold_loss":0,"cards_upgraded":["ats:Revitalization"]}],"is_beta":false,"boss_relics":[{"not_picked":["Snecko Eye","Tiny House"],"picked":"ats:Sanity Plus"},{"not_picked":["SlaversCollar","Runic Dome"],"picked":"Empty Cage"}],"items_purged_floors":[22,36,49],"is_endless":false,"potions_floor_spawned":[5,8,11,12,14,20,21,37,38,39,45,47,48],"ascension_level":0}}