{"host":"y0avvqzsetgmdwfn","time":1612420568,"event":{"mods":["AchievementEnabler","BaseMod","Better Third Choice","Downfall","Minty Spire (QoL Compilation)","Red Circlet Mod","Replay The Spire","Spicy Shops","StSLib"],"gold_per_floor":[99,117,62,62,81,107,107,107,132,232,250,250,279,293,309,408,408,408,428,441,451,468,496,541,571,606,639,676,676,719,719,752,862,862,762,802,802,828,828,871,871,871,912,712,731,731,731,760,788,798,798,845,225,225,231,243],"floor_reached":57,"language":"ENG","playtime":5952,"items_purged":["Normality"],"score":1740,"play_id":"923ae761-bedc-417c-91f3-ac1261977641","local_time":"20210204143608","is_ascension_mode":true,"campfire_choices":[{"floor":1.0,"key":"DIG"},{"data":"Guardian:SentryBeam","floor":8.0,"key":"SMITH"},{"floor":12.0,"key":"REST"},{"data":"Guardian:Suspension","floor":18.0,"key":"SMITH"},{"floor":35.0,"key":"RECALL"},{"data":"Guardian:FuturePlans","floor":44.0,"key":"SMITH"},{"data":"Guardian:FastForward","floor":47.0,"key":"SMITH"},{"data":"Guardian:Suspension","floor":54.0,"key":"SMITH"}],"circlet_count":0,"master_deck":["Guardian:Strike_Guardian","Guardian:Strike_Guardian+1","Guardian:Defend_Guardian","Guardian:Defend_Guardian","Guardian:Defend_Guardian","Guardian:CurlUp","Guardian:TwinSlam","Guardian:ChargeCore+1","Guardian:Suspension+1","Guardian:Suspension+1","Guardian:SentryBeam+1","Guardian:VentSteam","Guardian:RollAttack","Guardian:TemporalShield","Guardian:TemporalStrike","Guardian:FuturePlans+1","Guardian:CompilePackage+1","Guardian:Incinerate+1","Guardian:ArmoredProtocol+1","Guardian:DecasProtection+1","Guardian:ShieldCharger","Guardian:ArmoredProtocol+1","Guardian:CompilePackage+1","Guardian:ShieldSpikes","Guardian:StasisEngine+1","Guardian:FastForward+1","Guardian:RevengeProtocol+1","Guardian:SphericShield+1","expansioncontent:PrepareCrush","expansioncontent:LastStand+1","expansioncontent:InvincibleStrength+1","Guardian:GuardianWhirl","Guardian:Recover","Guardian:ExploitGems","Guardian:ChargeUp+1","Guardian:PiercingHide+1","Guardian:TimeCapacitor+1","Metamorphosis"],"relics":["Busted Crown","Blood Vial","Pantograph","Guardian:GemstoneGun","InkBottle","Whetstone","White Beast Statue","Sundial","Black Star","Replay:Mystery Machine","Bottled Flame","Toy Ornithopter","Red Mask","Replay:Bandana","Divine Protection","Strawberry","Replay:Bottled Eggs","Frozen Egg 2","Akabeko","ReplayTheSpireMod:Ring of Exchange","Astrolabe","downfall:HeartBlessingGreen","Pondfish Scales","Gremlin Food","Pet Ghost","StrikeDummy","downfall:HeartBlessingRed","downfall:HeartBlessingBlue","Iron Hammer","hexamod:BolsterEngine","Membership Card","Guardian:DefensiveModeMoreBlock","bronze:BronzeIdol","Bag of Preparation","Centennial Puzzle"],"acts_visited":["Exordium","TheCity","TheBeyond","TheEnding"],"potions_floor_usage":[56],"damage_taken":[{"damage":1.0,"enemies":"Cultist","floor":2.0,"turns":4.0},{"damage":5.0,"enemies":"downfall:FleeingMerchant","floor":3.0,"turns":4.0},{"damage":13.0,"enemies":"Jaw Worm","floor":5.0,"turns":4.0},{"damage":16.0,"enemies":"Replay:BlueRogue","floor":6.0,"turns":8.0},{"damage":13.0,"enemies":"Gremlin Nob","floor":9.0,"turns":3.0},{"damage":16.0,"enemies":"downfall:LadyInBlue","floor":10.0,"turns":11.0},{"damage":0.0,"enemies":"Small Slimes","floor":11.0,"turns":2.0},{"damage":0.0,"enemies":"Replay:BlueRogue","floor":13.0,"turns":3.0},{"damage":12.0,"enemies":"Large Slime","floor":14.0,"turns":2.0},{"damage":2.0,"enemies":"Exordium Wildlife","floor":15.0,"turns":3.0},{"damage":12.0,"enemies":"WA_ARCHETYPE_RETAIN","floor":16.0,"turns":6.0},{"damage":5.0,"enemies":"3 Byrds","floor":19.0,"turns":4.0},{"damage":12.0,"enemies":"Shell Parasite","floor":20.0,"turns":1.0},{"damage":1.0,"enemies":"Snake Plant","floor":21.0,"turns":2.0},{"damage":5.0,"enemies":"Cultist and Chosen","floor":22.0,"turns":7.0},{"damage":22.0,"enemies":"Book of Stabbing","floor":23.0,"turns":6.0},{"damage":0.0,"enemies":"Masked Bandits","floor":25.0,"turns":1.0},{"damage":12.0,"enemies":"Slavers","floor":26.0,"turns":5.0},{"damage":2.0,"enemies":"Centurion and Healer","floor":27.0,"turns":6.0},{"damage":0.0,"enemies":"Replay:Snechameleon","floor":28.0,"turns":5.0},{"damage":0.0,"enemies":"Gremlin Leader","floor":30.0,"turns":7.0},{"damage":0.0,"enemies":"Snecko","floor":32.0,"turns":3.0},{"damage":58.0,"enemies":"IC_MUSHROOM_ARCHETYPE","floor":33.0,"turns":12.0},{"damage":0.0,"enemies":"Orb Walker","floor":36.0,"turns":3.0},{"damage":0.0,"enemies":"3 Darklings","floor":38.0,"turns":6.0},{"damage":0.0,"enemies":"Giant Head","floor":40.0,"turns":9.0},{"damage":0.0,"enemies":"R_Hoarder","floor":43.0,"turns":7.0},{"damage":1.0,"enemies":"Spire Growth","floor":45.0,"turns":5.0},{"damage":0.0,"enemies":"4 Shapes","floor":48.0,"turns":5.0},{"damage":0.0,"enemies":"Transient","floor":49.0,"turns":5.0},{"damage":1.0,"enemies":"SI_POISON_ARCHETYPE","floor":50.0,"turns":11.0},{"damage":10.0,"enemies":"downfall:CharBossMerchant","floor":52.0,"turns":9.0},{"damage":0.0,"enemies":"downfall:NeowBoss","floor":55.0,"turns":15.0},{"damage":65,"enemies":"downfall:NeowBossFinal","floor":56,"turns":12}],"seed_played":"-4528675559152362914","potions_obtained":[{"floor":5.0,"key":"SteroidPotion"},{"floor":10.0,"key":"Venom Potion"},{"floor":10.0,"key":"hexamod:SoulburnPotion"},{"floor":10.0,"key":"Energy Potion"},{"floor":11.0,"key":"Ancient Potion"},{"floor":13.0,"key":"FairyPotion"},{"floor":15.0,"key":"SkillPotion"},{"floor":16.0,"key":"SpeedPotion"},{"floor":19.0,"key":"Death Potion"},{"floor":20.0,"key":"Guardian:DefensiveModePotion"},{"floor":21.0,"key":"SpeedPotion"},{"floor":22.0,"key":"SkillPotion"},{"floor":23.0,"key":"Death Potion"},{"floor":25.0,"key":"Dexterity Potion"},{"floor":26.0,"key":"Regen Potion"},{"floor":27.0,"key":"Block Potion"},{"floor":28.0,"key":"Energy Potion"},{"floor":30.0,"key":"Energy Potion"},{"floor":32.0,"key":"Guardian:StasisDiscoveryPotion"},{"floor":33.0,"key":"Ancient Potion"},{"floor":36.0,"key":"sneckomod:MuddlingPotion"},{"floor":40.0,"key":"Guardian:AcceleratePotion"},{"floor":43.0,"key":"Weak Potion"},{"floor":52.0,"key":"Elixir"}],"is_trial":false,"path_per_floor":["R","M","$","T","M","E","T","R","E","?","M","R","E","M","M","B",null,"R","M","M","M","M","E","T","?","E","M","E","?","E","?","M","B",null,"R","M","?","M","?","E","T","?","E","R","M","?","R","M","M","B",null,"E","$","R","B","B",null],"character_chosen":"GUARDIAN","items_purchased":["Guardian:Suspension","Membership Card","Guardian:DefensiveModeMoreBlock","Guardian:TimeCapacitor+1","BlessingOfTheForge","Metamorphosis","bronze:BronzeIdol","Bag of Preparation","Centennial Puzzle"],"campfire_rested":1,"item_purchase_floors":[3,53,53,53,53,53,53,53,53],"current_hp_per_floor":[80,79,75,75,64,50,50,50,39,25,27,51,53,43,43,58,80,80,75,65,66,63,43,43,45,45,65,74,74,81,81,83,29,87,87,87,77,79,79,81,81,81,87,97,96,96,96,97,97,96,97,87,87,87,97,32],"gold":243,"neow_bonus":"BOSS_RELIC","is_daily":false,"chose_seed":false,"campfire_upgraded":5,"win_rate":0.0,"timestamp":1612420568,"path_taken":["R","M","?","?","M","E","T","R","E","?","?","R","E","M","M","BOSS","R","M","M","M","?","E","T","?","E","M","E","?","E","?","M","BOSS","R","M","?","M","?","E","T","?","E","R","M","?","R","M","M","BOSS","E","$","R","BOSS","BOSS"],"items_purchased_type":["Card","Relic","Relic","Card","Potion","Card","Relic","Relic","Relic"],"build_version":"2020-12-22","purchased_purges":1,"victory":true,"max_hp_per_floor":[80,80,80,80,80,80,80,80,80,80,80,80,80,80,80,80,80,80,80,80,80,80,80,80,80,80,80,87,87,87,87,87,87,87,87,87,87,87,87,87,87,87,87,97,97,97,97,97,97,97,97,97,97,97,97,97],"card_choices":[{"not_picked":[],"picked":"Guardian:ChargeCore","floor":2.0},{"not_picked":["Guardian:ChargeCore"],"picked":"SKIP","floor":3.0},{"not_picked":[],"picked":"Guardian:SentryBeam","floor":5.0},{"not_picked":[],"picked":"Guardian:VentSteam","floor":6.0},{"not_picked":[],"picked":"Guardian:RollAttack","floor":9.0},{"not_picked":[],"picked":"Guardian:TemporalShield","floor":10.0},{"not_picked":["Guardian:Suspension"],"picked":"SKIP","floor":11.0},{"not_picked":[],"picked":"Guardian:Gem_Lightblue","floor":13.0},{"not_picked":[],"picked":"Guardian:TemporalStrike","floor":14.0},{"not_picked":[],"picked":"Guardian:FuturePlans","floor":15.0},{"not_picked":[],"picked":"Guardian:CompilePackage","floor":16.0},{"not_picked":[],"picked":"Guardian:Incinerate+1","floor":19.0},{"not_picked":[],"picked":"Guardian:ArmoredProtocol+1","floor":20.0},{"not_picked":["Guardian:Suspension"],"picked":"SKIP","floor":21.0},{"not_picked":[],"picked":"Guardian:DecasProtection+1","floor":22.0},{"not_picked":[],"picked":"Guardian:ShieldCharger","floor":23.0},{"not_picked":[],"picked":"Guardian:ArmoredProtocol+1","floor":25.0},{"not_picked":[],"picked":"Guardian:CompilePackage","floor":26.0},{"not_picked":["Guardian:TemporalShield"],"picked":"SKIP","floor":27.0},{"not_picked":[],"picked":"Guardian:ShieldSpikes","floor":28.0},{"not_picked":[],"picked":"Guardian:StasisEngine+1","floor":30.0},{"not_picked":["Guardian:PolyBeam"],"picked":"SKIP","floor":32.0},{"not_picked":[],"picked":"Guardian:FastForward","floor":33.0},{"not_picked":["Guardian:ShieldSpikes+1"],"picked":"SKIP","floor":36.0},{"not_picked":["expansioncontent:InvincibleStrength","expansioncontent:YouAreMine"],"picked":"expansioncontent:PrepareCrush","floor":37.0},{"not_picked":["expansioncontent:PolyBeam","expansioncontent:HyperBeam"],"picked":"expansioncontent:LastStand","floor":37.0},{"not_picked":["expansioncontent:PolyBeam","expansioncontent:YouAreMine"],"picked":"expansioncontent:InvincibleStrength","floor":37.0},{"not_picked":[],"picked":"Guardian:ArmoredProtocol+1","floor":38.0},{"not_picked":[],"picked":"Guardian:Gem_Blue","floor":40.0},{"not_picked":[],"picked":"Guardian:GuardianWhirl","floor":43.0},{"not_picked":[],"picked":"Guardian:Recover","floor":45.0},{"not_picked":[],"picked":"Guardian:ExploitGems","floor":48.0},{"not_picked":[],"picked":"Guardian:ChargeUp+1","floor":49.0},{"not_picked":[],"picked":"Guardian:PiercingHide+1","floor":52.0}],"player_experience":2061414,"relics_obtained":[{"floor":1.0,"key":"Blood Vial"},{"floor":4.0,"key":"Pantograph"},{"floor":6.0,"key":"Guardian:GemstoneGun"},{"floor":7.0,"key":"InkBottle"},{"floor":9.0,"key":"Whetstone"},{"floor":10.0,"key":"White Beast Statue"},{"floor":13.0,"key":"Sundial"},{"floor":23.0,"key":"Replay:Mystery Machine"},{"floor":23.0,"key":"Bottled Flame"},{"floor":24.0,"key":"Toy Ornithopter"},{"floor":25.0,"key":"Red Mask"},{"floor":26.0,"key":"Replay:Bandana"},{"floor":26.0,"key":"Divine Protection"},{"floor":28.0,"key":"Strawberry"},{"floor":28.0,"key":"Replay:Bottled Eggs"},{"floor":30.0,"key":"Frozen Egg 2"},{"floor":30.0,"key":"Akabeko"},{"floor":31.0,"key":"ReplayTheSpireMod:Ring of Exchange"},{"floor":40.0,"key":"Pondfish Scales"},{"floor":40.0,"key":"Gremlin Food"},{"floor":43.0,"key":"Pet Ghost"},{"floor":43.0,"key":"StrikeDummy"},{"floor":52.0,"key":"Iron Hammer"},{"floor":52.0,"key":"hexamod:BolsterEngine"}],"event_choices":[{"damage_healed":0.0,"max_hp_gain":0.0,"max_hp_loss":0.0,"gold_gain":0.0,"event_name":"Masked Bandits","player_choice":"Fought Bandits","floor":25.0,"gold_loss":0.0,"damage_taken":0.0},{"damage_healed":0.0,"max_hp_gain":0.0,"max_hp_loss":0.0,"gold_gain":0.0,"event_name":"Ghosts","player_choice":"Ignored","floor":29.0,"gold_loss":0.0,"damage_taken":0.0},{"cards_removed":["Guardian:ArmoredProtocol"],"damage_healed":0.0,"max_hp_gain":0.0,"max_hp_loss":0.0,"gold_gain":0.0,"event_name":"Falling","player_choice":"Removed Power","floor":39.0,"gold_loss":0.0,"damage_taken":0.0}],"is_beta":false,"boss_relics":[{"not_picked":["Pandora\u0027s Box","bronze:MakeshiftBattery"],"picked":"Black Star"},{"not_picked":["Guardian:StasisSlotReductionRelic","Cauldron"],"picked":"Astrolabe"}],"items_purged_floors":[53],"is_endless":false,"potions_floor_spawned":[5,10,11,13,14,15,16,19,20,21,22,23,25,26,27,28,30,32,33,36,38,40,43,45,48,49,52],"ascension_level":3}}