{"host":"c6u7e77myxvw4d0m","time":1612440166,"event":{"mods":["AchievementEnabler","BaseMod","Bestiary","Colored Map","Colored Powertips","Minty Spire (QoL Compilation)","Rare Cards Sparkle","Relic Stats","everything is the same but u backflip on backflip"],"gold_per_floor":[109,128,145,163,28,58,58,101,101,139,166,166,186,208,208,288,288,312,292,39,48,48,48,48,48],"floor_reached":24,"language":"ENG","playtime":1455,"items_purged":["Strike_G"],"score":432,"play_id":"9afdcf2f-065b-4dd8-b845-b03abf22da79","local_time":"20210204140246","is_ascension_mode":true,"campfire_choices":[{"data":"Noxious Fumes","floor":7,"key":"SMITH"},{"floor":12,"key":"REST"},{"data":"Dagger Spray","floor":15,"key":"SMITH"},{"data":"Bandage Up","floor":23,"key":"SMITH"}],"circlet_count":0,"master_deck":["AscendersBane","Strike_G","Strike_G","Strike_G","Strike_G","Defend_G","Defend_G","Defend_G","Defend_G","Defend_G","Survivor","Neutralize","Acrobatics","PiercingWail","Blur","Leg Sweep","Noxious Fumes+1","Quick Slash","Dagger Spray+1","Underhanded Strike","Sucker Punch","Blur","Cloak And Dagger","All Out Attack","After Image","Predator","Footwork","Bandage Up+1","Quick Slash","Writhe"],"relics":["Busted Crown","Thread and Needle","CeramicFish","Question Card","Unceasing Top","Coffee Dripper","Lantern"],"acts_visited":["Exordium","TheCity"],"potions_floor_usage":[6,8],"damage_taken":[{"damage":1,"enemies":"Cultist","floor":1,"turns":5},{"damage":0,"enemies":"2 Louse","floor":2,"turns":3},{"damage":7,"enemies":"Jaw Worm","floor":3,"turns":4},{"damage":4,"enemies":"Blue Slaver","floor":4,"turns":6},{"damage":17,"enemies":"3 Sentries","floor":6,"turns":11},{"damage":1,"enemies":"Lagavulin","floor":8,"turns":9},{"damage":25,"enemies":"3 Sentries","floor":10,"turns":8},{"damage":0,"enemies":"3 Louse","floor":11,"turns":3},{"damage":0,"enemies":"Looter","floor":13,"turns":3},{"damage":0,"enemies":"2 Fungi Beasts","floor":14,"turns":3},{"damage":13,"enemies":"Slime Boss","floor":16,"turns":10},{"damage":41,"enemies":"Chosen","floor":18,"turns":8},{"damage":46,"enemies":"Slavers","floor":24,"turns":4}],"seed_played":"-235059042885848858","potions_obtained":[{"floor":2,"key":"SteroidPotion"},{"floor":4,"key":"FairyPotion"},{"floor":6,"key":"GamblersBrew"},{"floor":11,"key":"LiquidBronze"}],"is_trial":false,"path_per_floor":["M","M","M","M","$","E","R","E","T","E","M","R","M","M","R","B",null,"M","?","$","?","?","R","E"],"character_chosen":"THE_SILENT","items_purchased":["Noxious Fumes","Quick Slash","Footwork","Bandage Up","Quick Slash"],"campfire_rested":1,"item_purchase_floors":[5,5,20,20,20],"current_hp_per_floor":[58,58,51,47,47,30,30,29,29,4,4,23,23,23,23,10,52,11,11,11,11,21,21,0,0],"gold":48,"neow_bonus":"BOSS_RELIC","is_daily":false,"chose_seed":false,"campfire_upgraded":3,"win_rate":0.0,"timestamp":1612440166,"path_taken":["M","M","M","?","$","E","R","E","T","E","M","R","M","M","R","BOSS","M","?","?","?","?","R","E"],"items_purchased_type":["Card","Card","Card","Card","Card"],"build_version":"2020-12-22","purchased_purges":1,"victory":false,"max_hp_per_floor":[66,66,66,66,66,66,66,66,66,66,66,66,66,66,66,66,66,66,66,66,66,71,71,71,71],"relic_stats":{"Busted Crown":24,"counters":[13,77],"CeramicFish":99,"Question Card":6,"obtain_stats":[{"Lantern":21,"Busted Crown":0,"CeramicFish":8,"Thread and Needle":6,"Coffee Dripper":17,"Question Card":9,"Unceasing Top":10,"Ring of the Snake":0},{"Lantern":12,"Busted Crown":0,"CeramicFish":6,"Thread and Needle":5,"Coffee Dripper":11,"Question Card":6,"Unceasing Top":7,"Ring of the Snake":0},{"Lantern":73,"Busted Crown":0,"CeramicFish":38,"Thread and Needle":29,"Coffee Dripper":65,"Question Card":38,"Unceasing Top":46,"Ring of the Snake":0}],"Unceasing Top":[7]},"card_choices":[{"not_picked":[],"picked":"Acrobatics","floor":1},{"not_picked":[],"picked":"PiercingWail","floor":2},{"not_picked":[],"picked":"Blur","floor":3},{"not_picked":[],"picked":"Leg Sweep","floor":4},{"not_picked":[],"picked":"Dagger Spray","floor":6},{"not_picked":[],"picked":"Underhanded Strike","floor":8},{"not_picked":["Leg Sweep"],"picked":"Sucker Punch","floor":10},{"not_picked":["Eviscerate"],"picked":"Blur","floor":11},{"not_picked":["Sucker Punch"],"picked":"Cloak And Dagger","floor":13},{"not_picked":["Sucker Punch"],"picked":"All Out Attack","floor":14},{"not_picked":["Storm of Steel"],"picked":"After Image","floor":16},{"not_picked":["Dagger Throw"],"picked":"Predator","floor":18}],"player_experience":658867,"relics_obtained":[{"floor":6,"key":"Thread and Needle"},{"floor":8,"key":"CeramicFish"},{"floor":9,"key":"Question Card"},{"floor":10,"key":"Unceasing Top"}],"event_choices":[{"damage_healed":0,"gold_gain":0,"player_choice":"Bought 1 Potion","damage_taken":0,"max_hp_gain":0,"max_hp_loss":0,"event_name":"The Woman in Blue","floor":19,"gold_loss":0},{"damage_healed":0,"gold_gain":0,"player_choice":"Opened","damage_taken":0,"relics_obtained":["Lantern"],"max_hp_gain":0,"max_hp_loss":0,"event_name":"The Mausoleum","floor":21,"gold_loss":0,"cards_obtained":["Writhe"]},{"damage_healed":0,"gold_gain":0,"player_choice":"Shed Blood","damage_taken":23,"max_hp_gain":5,"max_hp_loss":0,"event_name":"Forgotten Altar","floor":22,"gold_loss":0}],"is_beta":false,"boss_relics":[{"not_picked":["Fusion Hammer","Empty Cage"],"picked":"Coffee Dripper"}],"items_purged_floors":[20],"is_endless":false,"potions_floor_spawned":[2,4,6,11,16,18],"killed_by":"Slavers","ascension_level":20}}