{"host":"vyiqbz5w606ur92t","time":1612446279,"event":{"mods":["BaseMod","Downfall","Minty Spire (QoL Compilation)","StSLib"],"gold_per_floor":[99,114,114,0,15,45,45,60,60,75,75,90,105,120,135,235,235,135,150,165,90,105,120,170,200,215,245,245,245,269,293,317,426,426,326,350,350,234,248,248,248,148,166,46,46,70,109,124,139,139,139,178,11,11,11,11],"floor_reached":57,"language":"ENG","playtime":5672,"items_purged":["Strike_R","Strike_R","Strike_R","Strike_R"],"score":1630,"play_id":"2f87c6de-87ab-4702-be86-cb6c3b964be5","local_time":"20210204134439","daily_mods":["Allstar","Green Cards","Terminal"],"is_ascension_mode":false,"campfire_choices":[{"data":"Apotheosis","floor":1.0,"key":"SMITH"},{"floor":9.0,"key":"RECALL"},{"data":"Inflame","floor":11.0,"key":"SMITH"},{"data":"Wraith Form v2","floor":18.0,"key":"SMITH"},{"data":"Footwork","floor":29,"key":"SMITH"},{"data":"Offering","floor":35,"key":"SMITH"},{"data":"Fire Breathing","floor":42,"key":"SMITH"},{"data":"Juggernaut","floor":45,"key":"SMITH"},{"data":"Metallicize","floor":54,"key":"SMITH"}],"circlet_count":0,"master_deck":["Strike_R","Defend_R","Defend_R","Defend_R","Defend_R","Bash","Bandage Up","Apotheosis+1","Secret Weapon","Jack Of All Trades","Blade Dance","Choke","True Grit","Inflame+1","Cloak And Dagger","Slice","Shockwave","Juggernaut+1","Seeing Red","Sword Boomerang","Wraith Form v2+1","Rage","Blade Dance","Exhume","Footwork+1","True Grit+1","Blade Dance","Backflip","Offering+1","Havoc","Fire Breathing+1","Finisher","expansioncontent:LastStand","expansioncontent:AwakenDeath","Accuracy+1","Heavy Blade+1","PiercingWail+1","Metallicize+1"],"relics":["Burning Blood","Mummified Hand","The Courier","Philosopher\u0027s Stone","downfall:HeartBlessingRed","CeramicFish","hexamod:BolsterEngine","Orichalcum","SlaversCollar","downfall:HeartBlessingGreen","OrangePellets","Lantern","downfall:HeartBlessingBlue","Kunai","Pantograph","Toolbox"],"acts_visited":["Exordium","TheCity","TheBeyond","TheEnding"],"potions_floor_usage":[31,33,48,55,55],"damage_taken":[{"damage":0.0,"enemies":"Small Slimes","floor":2.0,"turns":4.0},{"damage":0.0,"enemies":"downfall:FleeingMerchant","floor":4.0,"turns":4.0},{"damage":1.0,"enemies":"Cultist","floor":5.0,"turns":3.0},{"damage":0.0,"enemies":"3 Sentries","floor":6.0,"turns":9.0},{"damage":0.0,"enemies":"2 Louse","floor":8.0,"turns":2.0},{"damage":5.0,"enemies":"Exordium Thugs","floor":10.0,"turns":3.0},{"damage":0.0,"enemies":"Large Slime","floor":12.0,"turns":3.0},{"damage":0.0,"enemies":"Exordium Wildlife","floor":13.0,"turns":4.0},{"damage":2.0,"enemies":"3 Louse","floor":14.0,"turns":3.0},{"damage":0.0,"enemies":"Large Slime","floor":15.0,"turns":3.0},{"damage":3.0,"enemies":"WA_ARCHETYPE_RETAIN","floor":16.0,"turns":5.0},{"damage":9.0,"enemies":"Shell Parasite","floor":19.0,"turns":4.0},{"damage":10.0,"enemies":"3 Byrds","floor":20.0,"turns":4.0},{"damage":0.0,"enemies":"downfall:FleeingMerchant","floor":21.0,"turns":4.0},{"damage":9.0,"enemies":"Snake Plant","floor":22.0,"turns":3.0},{"damage":0.0,"enemies":"Sentry and Sphere","floor":23.0,"turns":3.0},{"damage":1.0,"enemies":"Slavers","floor":25.0,"turns":6.0},{"damage":0.0,"enemies":"Chosen and Byrds","floor":26.0,"turns":2.0},{"damage":0,"enemies":"Book of Stabbing","floor":27,"turns":4},{"damage":1,"enemies":"Shelled Parasite and Fungi","floor":30,"turns":6},{"damage":0,"enemies":"Snake Plant","floor":31,"turns":3},{"damage":6,"enemies":"Snecko","floor":32,"turns":4},{"damage":11,"enemies":"IC_MUSHROOM_ARCHETYPE","floor":33,"turns":7},{"damage":0,"enemies":"Orb Walker","floor":36,"turns":2},{"damage":6,"enemies":"downfall:FleeingMerchant","floor":38,"turns":4},{"damage":0,"enemies":"downfall:FleeingMerchant","floor":39,"turns":3},{"damage":2,"enemies":"3 Shapes","floor":46,"turns":2},{"damage":2,"enemies":"Reptomancer","floor":47,"turns":3},{"damage":0,"enemies":"Jaw Worm Horde","floor":48,"turns":2},{"damage":11,"enemies":"Sphere and 2 Shapes","floor":49,"turns":4},{"damage":7,"enemies":"DF_ARCHETYPE_ORBS","floor":50,"turns":4},{"damage":12,"enemies":"downfall:CharBossMerchant","floor":52,"turns":6},{"damage":17,"enemies":"downfall:NeowBoss","floor":55,"turns":12},{"damage":36,"enemies":"downfall:NeowBossFinal","floor":56,"turns":9}],"seed_played":"2514053361250750194","potions_obtained":[{"floor":6.0,"key":"Block Potion"},{"floor":8.0,"key":"Dexterity Potion"},{"floor":10.0,"key":"FearPotion"},{"floor":14.0,"key":"LiquidBronze"},{"floor":15.0,"key":"BlessingOfTheForge"},{"floor":22.0,"key":"GamblersBrew"},{"floor":23.0,"key":"Guardian:BlockOnCardUsePotion"},{"floor":26.0,"key":"sneckomod:MuddlingPotion"},{"floor":30,"key":"DistilledChaos"},{"floor":33,"key":"Swift Potion"},{"floor":46,"key":"hexamod:SoulburnPotion"},{"floor":47,"key":"Dexterity Potion"}],"is_trial":false,"path_per_floor":["R","M","?","$","M","E","T","M","R","M","R","M","M","M","M","B",null,"R","M","M","$","M","M","T","E","M","E","?","R","M","M","M","B",null,"R","M","?","$","$","?","T","R","?","$","R","M","E","M","M","B",null,"E","$","R","B","B",null],"character_chosen":"IRONCLAD","items_purchased":["True Grit","Inflame","Fire Breathing","OrangePellets","Lantern","Toolbox","Metallicize"],"campfire_rested":0,"item_purchase_floors":[4,4,38,39,39,53,53],"current_hp_per_floor":[78,77,76,75,74,73,72,71,70,69,68,67,66,65,64,63,62,61,60,59,58,57,56,55,54,53,52,37,37,49,48,47,42,45,44,43,42,41,40,39,38,47,42,42,42,43,42,41,40,39,38,36,36,35,30,14],"gold":11,"neow_bonus":"","is_daily":true,"chose_seed":false,"campfire_upgraded":8,"win_rate":0.0,"timestamp":1612446279,"path_taken":["R","M","?","$","?","E","T","?","R","M","R","M","M","M","M","BOSS","R","M","M","$","M","M","T","E","M","E","?","R","?","M","M","BOSS","R","M","?","?","$","?","T","R","?","$","R","?","E","M","M","BOSS","E","$","R","BOSS","BOSS"],"items_purchased_type":["Card","Card","Card","Relic","Relic","Relic","Card"],"build_version":"2020-12-22","purchased_purges":4,"victory":true,"max_hp_per_floor":[78,77,76,75,74,73,72,71,70,69,68,67,66,65,64,63,62,61,60,59,58,57,56,55,54,53,52,51,50,49,48,47,46,45,44,43,42,41,40,39,38,47,46,45,44,43,42,41,40,39,38,37,36,35,34,33],"card_choices":[{"not_picked":["PiercingWail","Sever Soul"],"picked":"Blade Dance","floor":2.0},{"not_picked":["Noxious Fumes","Cleave"],"picked":"Choke","floor":4.0},{"not_picked":["Body Slam","Catalyst"],"picked":"Cloak And Dagger","floor":5.0},{"not_picked":["Warcry","Choke"],"picked":"Slice","floor":6.0},{"not_picked":["Iron Wave","Perfected Strike","Wild Strike"],"picked":"SKIP","floor":8.0},{"not_picked":["Pummel","Clothesline"],"picked":"Shockwave","floor":10.0},{"not_picked":["Battle Trance","Dual Wield"],"picked":"Juggernaut","floor":12.0},{"not_picked":["Havoc","Perfected Strike","Dagger Throw"],"picked":"SKIP","floor":13.0},{"not_picked":["Catalyst","Deflect"],"picked":"Seeing Red","floor":14.0},{"not_picked":["Outmaneuver","Concentrate"],"picked":"Sword Boomerang","floor":15.0},{"not_picked":["Tools of the Trade","Bludgeon"],"picked":"Wraith Form v2","floor":16.0},{"not_picked":["Armaments","Flying Knee"],"picked":"Rage","floor":19.0},{"not_picked":["Sever Soul","Clash"],"picked":"Blade Dance","floor":20.0},{"not_picked":["Flying Knee+1","Underhanded Strike"],"picked":"Exhume","floor":21.0},{"not_picked":["Warcry+1","Leg Sweep+1"],"picked":"Footwork","floor":22.0},{"not_picked":["Havoc","Prepared+1"],"picked":"Shrug It Off","floor":23.0},{"not_picked":["Iron Wave","Setup+1","Wild Strike"],"picked":"SKIP","floor":25.0},{"not_picked":["Blade Dance","Armaments","Second Wind"],"picked":"SKIP","floor":26.0},{"not_picked":["Anger","Perfected Strike","Clothesline"],"picked":"SKIP","floor":27},{"not_picked":["Headbutt+1","Dagger Throw"],"picked":"True Grit+1","floor":30},{"not_picked":["Slice","Underhanded Strike"],"picked":"Blade Dance","floor":31},{"not_picked":["Deadly Poison","PiercingWail"],"picked":"Backflip","floor":32},{"not_picked":["Juggernaut","Barricade"],"picked":"Offering","floor":33},{"not_picked":["Flying Knee","True Grit"],"picked":"Havoc","floor":36},{"not_picked":["PiercingWail","Bane+1","Combust+1"],"picked":"SKIP","floor":38},{"not_picked":["Slice","Cloak And Dagger"],"picked":"Finisher","floor":39},{"not_picked":["expansioncontent:PolyBeam","expansioncontent:YouAreMine"],"picked":"expansioncontent:LastStand","floor":43},{"not_picked":["expansioncontent:PrepareCrush","expansioncontent:HyperBeam"],"picked":"expansioncontent:AwakenDeath","floor":43},{"not_picked":["Prepared+1","Flame Barrier"],"picked":"Accuracy+1","floor":46},{"not_picked":["Armaments","Escape Plan+1"],"picked":"Heavy Blade+1","floor":47},{"not_picked":["Twin Strike","Anger+1","Rampage"],"picked":"SKIP","floor":48},{"not_picked":["True Grit","Headbutt","Carnage"],"picked":"SKIP","floor":49},{"not_picked":["Twin Strike","Blade Dance"],"picked":"PiercingWail+1","floor":52}],"player_experience":1468717,"relics_obtained":[{"floor":6.0,"key":"Mummified Hand"},{"floor":7.0,"key":"The Courier"},{"floor":24.0,"key":"CeramicFish"},{"floor":25.0,"key":"hexamod:BolsterEngine"},{"floor":27,"key":"Orichalcum"},{"floor":47,"key":"Kunai"},{"floor":52,"key":"Pantograph"}],"event_choices":[{"cards_removed":["Shrug It Off"],"damage_healed":0,"gold_gain":0,"player_choice":"Removed Skill","damage_taken":0,"max_hp_gain":0,"max_hp_loss":0,"event_name":"Falling","floor":40,"gold_loss":0}],"is_beta":false,"boss_relics":[{"not_picked":["SacredBark","Empty Cage"],"picked":"Philosopher\u0027s Stone"},{"not_picked":["Snecko Eye","Black Star"],"picked":"SlaversCollar"}],"items_purged_floors":[21,38,39,44],"is_endless":false,"potions_floor_spawned":[6,8,10,14,15,22,23,26,30,33,46,47],"ascension_level":0}}