{"host":"my4gslufyvqsq7r2","time":1612473307,"event":{"mods":["BaseMod","Colored Powertips","Hubris","Infinite Spire","Minty Spire (QoL Compilation)","Replay The Spire","StSLib"],"gold_per_floor":[115,115,115,115,35,65,65,80,150,175,188,32,32,67,67,179,179,205,205,231,231,231,231,156,184,210,239,265,279,279],"floor_reached":29,"language":"ENG","playtime":4069,"items_purged":[],"score":294,"play_id":"7b7e593d-ad4c-465b-9b3a-e2853765b48f","local_time":"20210204161507","is_ascension_mode":true,"campfire_choices":[{"floor":7,"key":"REST"},{"data":"Eclipse","floor":15,"key":"SMITH"},{"data":"Feed","floor":23,"key":"SMITH"}],"circlet_count":0,"master_deck":["Defend_R+1","Defend_R","Defend_R","Bash","Sword Boomerang","Sentinel","Intimidate","Eclipse+1","ReplayReversal","Ghostly Armor","Feed+1","Second Wind","Run Through","Bite","Bite","Bite","Bite","Bite","Run Through","Juggernaut"],"relics":["Burning Blood","NeowsBlessing","hubris:BundleOfHerbs","infinitespire:EmpoweringShard","Counterbalance","PreservedInsect","Replay:Bandana","Sozu","hubris:TenFootPole","Boot"],"acts_visited":["Exordium","TheCity"],"potions_floor_usage":[16,25],"damage_taken":[{"damage":0,"enemies":"2 Louse","floor":1,"turns":2},{"damage":0,"enemies":"Lagavulin","floor":6,"turns":1},{"damage":0,"enemies":"Small Slimes","floor":8,"turns":1},{"damage":5,"enemies":"Replay:BlueRogue","floor":10,"turns":4},{"damage":4,"enemies":"Jaw Worm","floor":11,"turns":4},{"damage":7,"enemies":"Red Slaver","floor":14,"turns":3},{"damage":57,"enemies":"Hexaghost","floor":16,"turns":15},{"damage":24,"enemies":"Spheric Guardian","floor":18,"turns":5},{"damage":22,"enemies":"2 Thieves","floor":20,"turns":4},{"damage":15,"enemies":"Centurion and Healer","floor":25,"turns":4},{"damage":22,"enemies":"Snake Plant","floor":27,"turns":3},{"damage":54,"enemies":"Book of Stabbing","floor":29,"turns":5}],"seed_played":"-5827841530572128582","potions_obtained":[{"floor":6,"key":"Doom Potion"},{"floor":8,"key":"AttackPotion"},{"floor":10,"key":"Explosive Potion"}],"is_trial":false,"path_per_floor":["M","?","?","?","$","E","R","M","T","E","M","$","?","M","R","B",null,"M","?","M","?","?","R","?","M","T","M","T","E"],"character_chosen":"IRONCLAD","items_purchased":["Intimidate","PreservedInsect"],"campfire_rested":1,"item_purchase_floors":[5,12],"current_hp_per_floor":[80,80,80,80,80,80,80,80,80,80,80,80,80,79,79,32,80,65,65,49,49,49,49,49,52,52,42,42,0,0],"gold":279,"neow_bonus":"THREE_ENEMY_KILL","is_daily":false,"chose_seed":false,"campfire_upgraded":2,"win_rate":0.0,"timestamp":1612473307,"path_taken":["M","?","?","?","$","E","R","M","T","E","M","$","?","M","R","BOSS","M","?","?","?","?","R","?","M","T","M","?","E"],"items_purchased_type":["Card","Relic"],"build_version":"2020-12-22","purchased_purges":0,"victory":false,"max_hp_per_floor":[80,80,80,80,80,80,80,80,80,80,80,80,80,80,80,80,80,83,83,83,58,58,58,58,58,58,58,58,58,58],"card_choices":[{"not_picked":["Bloodletting","Clash"],"picked":"Sword Boomerang","floor":1},{"not_picked":["Battle Trance","Pommel Strike"],"picked":"Eclipse","floor":6},{"not_picked":["Body Slam","Rupture"],"picked":"Sentinel","floor":8},{"not_picked":["ReplayTheSpireMod:LeadingStrike","Sword Boomerang","Life Link"],"picked":"SKIP","floor":10},{"not_picked":["Intimidate","Hemokinesis"],"picked":"ReplayReversal","floor":11},{"not_picked":["Wild Strike","Hemokinesis"],"picked":"Ghostly Armor","floor":14},{"not_picked":["Barricade","Brutality"],"picked":"Feed","floor":16},{"not_picked":["Iron Wave","Carnage+1"],"picked":"Second Wind","floor":18},{"not_picked":["Second Wind","hubris:CleavingFinish"],"picked":"Run Through","floor":20},{"not_picked":["Clash","Hemokinesis"],"picked":"Run Through","floor":25},{"not_picked":["Feel No Pain","True Grit"],"picked":"Juggernaut","floor":27}],"player_experience":433302,"relics_obtained":[{"floor":6,"key":"hubris:BundleOfHerbs"},{"floor":9,"key":"infinitespire:EmpoweringShard"},{"floor":10,"key":"Counterbalance"},{"floor":13,"key":"Replay:Bandana"},{"floor":26,"key":"hubris:TenFootPole"},{"floor":28,"key":"Boot"}],"event_choices":[{"cards_removed":["Strike_R"],"damage_healed":0,"gold_gain":0,"player_choice":"Forget","damage_taken":0,"max_hp_gain":0,"max_hp_loss":0,"event_name":"Living Wall","floor":2,"gold_loss":0},{"cards_removed":["Defend_R"],"damage_healed":0,"gold_gain":0,"player_choice":"Purged","damage_taken":0,"max_hp_gain":0,"max_hp_loss":0,"event_name":"Purifier","floor":19,"gold_loss":0},{"damage_healed":0,"gold_gain":0,"player_choice":"Became a vampire","damage_taken":0,"max_hp_gain":0,"max_hp_loss":25,"event_name":"Vampires","floor":21,"gold_loss":0,"cards_obtained":["Bite","Bite","Bite","Bite","Bite"]},{"cards_removed":["Sentinel"],"damage_healed":0,"gold_gain":0,"player_choice":"Gave Gold","damage_taken":0,"max_hp_gain":0,"max_hp_loss":0,"event_name":"Beggar","floor":24,"gold_loss":75}],"is_beta":false,"boss_relics":[{"not_picked":["ChewingGum","Fusion Hammer"],"picked":"Sozu"}],"items_purged_floors":[],"is_endless":false,"potions_floor_spawned":[6,8,10,14,18,25],"killed_by":"Book of Stabbing","ascension_level":1}}