{"host":"x205naxbihvu3p76","time":1612430136,"event":{"mods":["AchievementEnabler","BaseMod","Minty Spire (QoL Compilation)","StSLib","SuperFastMode"],"gold_per_floor":[116,191,57,37,51,51,77,77,153,165,165,200,216,227,227,298,298,317,289,28,28,28,28,46,46,73,85,85,85],"floor_reached":28,"language":"KOR","playtime":504,"items_purged":["Defend_B","Strike_B"],"score":506,"play_id":"a4393631-9fcf-46a3-9bb3-e377e3ef3f5b","local_time":"20210204181536","is_ascension_mode":true,"campfire_choices":[{"data":"Go for the Eyes","floor":6,"key":"SMITH"},{"data":"Zap","floor":8,"key":"SMITH"},{"data":"Consume","floor":15,"key":"SMITH"},{"floor":23,"key":"REST"},{"floor":25,"key":"REST"}],"circlet_count":0,"master_deck":["AscendersBane","Strike_B","Strike_B","Strike_B","Defend_B","Defend_B","Defend_B","Zap+1","Dualcast","Glacier","Sweeping Beam","Go for the Eyes+1","Cold Snap","Compile Driver","Consume+1","Buffer","Ball Lightning+1","Turbo","Barrage"],"relics":["Cracked Core","NeowsBlessing","Bag of Preparation","Centennial Puzzle","Inserter","OrangePellets","Nunchaku"],"acts_visited":["Exordium","TheCity"],"potions_floor_usage":[12,16,28,28],"damage_taken":[{"damage":0,"enemies":"2 Louse","floor":1,"turns":1},{"damage":0,"enemies":"Small Slimes","floor":5,"turns":1},{"damage":0,"enemies":"Lagavulin","floor":7,"turns":3},{"damage":0,"enemies":"Cultist","floor":10,"turns":3},{"damage":11,"enemies":"Gremlin Nob","floor":12,"turns":4},{"damage":11,"enemies":"Large Slime","floor":13,"turns":4},{"damage":0,"enemies":"Exordium Wildlife","floor":14,"turns":4},{"damage":14,"enemies":"Slime Boss","floor":16,"turns":8},{"damage":11,"enemies":"Spheric Guardian","floor":18,"turns":4},{"damage":35,"enemies":"2 Thieves","floor":19,"turns":4},{"damage":22,"enemies":"Snake Plant","floor":24,"turns":8},{"damage":4,"enemies":"Snecko","floor":27,"turns":6},{"damage":33,"enemies":"Gremlin Leader","floor":28,"turns":5}],"seed_played":"-1259862286870167127","potions_obtained":[{"floor":1,"key":"FearPotion"},{"floor":4,"key":"SkillPotion"},{"floor":7,"key":"PowerPotion"},{"floor":24,"key":"Dexterity Potion"},{"floor":27,"key":"LiquidBronze"}],"is_trial":false,"path_per_floor":["M","?","$","?","M","R","E","R","T","M","?","E","M","M","R","B",null,"M","M","$","?","$","R","M","R","T","M","E"],"character_chosen":"DEFECT","items_purchased":["Sweeping Beam","OrangePellets"],"campfire_rested":2,"item_purchase_floors":[3,20],"current_hp_per_floor":[64,53,53,53,53,53,53,53,53,53,53,42,31,31,31,17,58,47,12,12,12,12,33,11,32,32,28,0,0],"gold":85,"neow_bonus":"THREE_ENEMY_KILL","is_daily":false,"chose_seed":false,"campfire_upgraded":3,"win_rate":0.0,"timestamp":1612430136,"path_taken":["M","?","$","?","?","R","E","R","T","M","?","E","M","M","R","BOSS","M","M","$","?","$","R","M","R","T","M","E"],"items_purchased_type":["Card","Relic"],"build_version":"2020-12-22","purchased_purges":2,"victory":false,"max_hp_per_floor":[71,71,71,71,71,71,71,71,71,71,71,71,71,71,71,71,71,71,71,71,71,71,71,71,71,71,71,71,71],"card_choices":[{"not_picked":["White Noise","Melter"],"picked":"Glacier","floor":1},{"not_picked":["Hologram","Ball Lightning"],"picked":"Go for the Eyes","floor":5},{"not_picked":["Beam Cell","Glacier","Redo"],"picked":"SKIP","floor":7},{"not_picked":["Streamline","Beam Cell"],"picked":"Cold Snap","floor":10},{"not_picked":["Steam","Sunder"],"picked":"Compile Driver","floor":12},{"not_picked":["Go for the Eyes","Hologram","Stack"],"picked":"SKIP","floor":13},{"not_picked":["Turbo","Gash"],"picked":"Consume","floor":14},{"not_picked":["Thunder Strike","Hyperbeam"],"picked":"Buffer","floor":16},{"not_picked":["Aggregate+1","Go for the Eyes"],"picked":"Ball Lightning+1","floor":18},{"not_picked":["Consume","Stack","Lockon"],"picked":"SKIP","floor":19},{"not_picked":["Double Energy","Streamline"],"picked":"Turbo","floor":24},{"not_picked":["Static Discharge+1","Undo"],"picked":"Barrage","floor":27}],"player_experience":1020076,"relics_obtained":[{"floor":7,"key":"Bag of Preparation"},{"floor":12,"key":"Centennial Puzzle"},{"floor":26,"key":"Nunchaku"}],"event_choices":[{"damage_healed":0,"gold_gain":75,"player_choice":"Gather Gold","damage_taken":11,"max_hp_gain":0,"max_hp_loss":0,"event_name":"World of Goop","floor":2,"gold_loss":0},{"damage_healed":0,"gold_gain":0,"player_choice":"Bought 1 Potion","damage_taken":0,"max_hp_gain":0,"max_hp_loss":0,"event_name":"The Woman in Blue","floor":4,"gold_loss":0},{"damage_healed":0,"gold_gain":0,"player_choice":"Ignored","damage_taken":0,"max_hp_gain":0,"max_hp_loss":0,"event_name":"Liars Game","floor":11,"gold_loss":0},{"damage_healed":0,"gold_gain":0,"player_choice":"Ignored","damage_taken":0,"max_hp_gain":0,"max_hp_loss":0,"event_name":"Cursed Tome","floor":21,"gold_loss":0}],"is_beta":false,"boss_relics":[{"not_picked":["Ectoplasm","Nuclear Battery"],"picked":"Inserter"}],"items_purged_floors":[3,20],"is_endless":false,"potions_floor_spawned":[1,5,7,24,27],"killed_by":"Gremlin Leader","ascension_level":20}}