{"host":"qdfumeom6htv8yxl","time":1612468228,"event":{"mods":["AchievementEnabler","BaseMod","Bestiary","Block Reminder","Colored Powertips","Highlight Path","Minty Spire (QoL Compilation)","Quick Restart","Relic Stats"],"gold_per_floor":[112,29,29,47,7,7,39,39,39,73,85,105,105,124,124,201,201,218,218,198,214,224,224,224],"floor_reached":23,"language":"ENG","playtime":719,"items_purged":[],"score":452,"play_id":"3ee063d4-fcf4-4685-b719-eaa9985e82b1","local_time":"20210204135028","is_ascension_mode":true,"campfire_choices":[{"data":"Beam Cell","floor":6,"key":"SMITH"},{"data":"Sunder","floor":8,"key":"SMITH"},{"floor":15,"key":"REST"}],"circlet_count":0,"master_deck":["AscendersBane","Strike_B+1","Strike_B","Strike_B","Strike_B+1","Defend_B","Defend_B","Defend_B","Defend_B","Zap","Dualcast","Gash","Beam Cell+1","Reinforced Body","Sunder+1","Hologram","Self Repair","Sweeping Beam","Beam Cell","Seek","Buffer","Conserve Battery"],"relics":["Cracked Core","NeowsBlessing","Whetstone","Juzu Bracelet","Bottled Flame","Smiling Mask","Coffee Dripper"],"acts_visited":["Exordium","TheCity"],"potions_floor_usage":[12,16,16,20,21],"damage_taken":[{"damage":0,"enemies":"Jaw Worm","floor":1,"turns":1},{"damage":0,"enemies":"2 Louse","floor":4,"turns":1},{"damage":0,"enemies":"3 Sentries","floor":7,"turns":1},{"damage":13,"enemies":"Lagavulin","floor":10,"turns":4},{"damage":0,"enemies":"Small Slimes","floor":11,"turns":3},{"damage":3,"enemies":"2 Fungi Beasts","floor":12,"turns":2},{"damage":3,"enemies":"Blue Slaver","floor":14,"turns":3},{"damage":33,"enemies":"The Guardian","floor":16,"turns":9},{"damage":16,"enemies":"Shell Parasite","floor":18,"turns":2},{"damage":1,"enemies":"2 Thieves","floor":21,"turns":4},{"damage":50,"enemies":"Cultist and Chosen","floor":22,"turns":6},{"damage":22,"enemies":"Gremlin Leader","floor":23,"turns":3}],"seed_played":"456931074542001868","potions_obtained":[{"floor":1,"key":"Block Potion"},{"floor":10,"key":"Weak Potion"},{"floor":14,"key":"Energy Potion"},{"floor":20,"key":"EntropicBrew"},{"floor":21,"key":"SpeedPotion"}],"is_trial":false,"path_per_floor":["M","$","?","M","$","R","E","R","T","E","M","M","?","M","R","B",null,"M","?","?","M","M","E"],"character_chosen":"DEFECT","items_purchased":["Gash","Beam Cell","Sunder"],"campfire_rested":1,"item_purchase_floors":[2,2,5],"current_hp_per_floor":[64,64,69,69,69,69,69,69,69,56,56,53,42,46,68,42,68,52,52,52,58,15,0,0],"gold":224,"neow_bonus":"THREE_ENEMY_KILL","is_daily":false,"chose_seed":false,"campfire_upgraded":2,"win_rate":0.0,"timestamp":1612468228,"path_taken":["M","$","?","M","$","R","E","R","T","E","M","M","?","M","R","BOSS","M","?","?","M","M","E"],"items_purchased_type":["Card","Card","Card"],"build_version":"2020-12-22","purchased_purges":0,"victory":false,"max_hp_per_floor":[71,71,76,76,76,76,76,76,76,76,76,76,76,76,76,76,76,76,76,76,76,76,76,76],"relic_stats":{"counters":[12,39],"Juzu Bracelet":1,"Whetstone":["Strike_B","Strike_B"],"Smiling Mask":0,"obtain_stats":[{"Bottled Flame":10,"NeowsBlessing":0,"Juzu Bracelet":9,"Coffee Dripper":17,"Whetstone":7,"Cracked Core":0,"Smiling Mask":13},{"Bottled Flame":4,"NeowsBlessing":0,"Juzu Bracelet":3,"Coffee Dripper":8,"Whetstone":3,"Cracked Core":0,"Smiling Mask":6},{"Bottled Flame":7,"NeowsBlessing":0,"Juzu Bracelet":3,"Coffee Dripper":24,"Whetstone":3,"Cracked Core":0,"Smiling Mask":12}]},"card_choices":[{"not_picked":["Chill","Storm","Redo"],"picked":"SKIP","floor":1},{"not_picked":["Turbo","Rebound"],"picked":"Reinforced Body","floor":4},{"not_picked":["Reinforced Body","Glacier","Compile Driver"],"picked":"SKIP","floor":7},{"not_picked":["Chaos","Stack"],"picked":"Hologram","floor":10},{"not_picked":["Barrage","Consume"],"picked":"Self Repair","floor":11},{"not_picked":["Hologram","Ball Lightning"],"picked":"Sweeping Beam","floor":12},{"not_picked":["Cold Snap","Compile Driver"],"picked":"Beam Cell","floor":14},{"not_picked":["Electrodynamics","Fission"],"picked":"Seek","floor":16},{"not_picked":["Glacier","Turbo","Force Field"],"picked":"SKIP","floor":18},{"not_picked":["Sweeping Beam+1","BootSequence","Defragment"],"picked":"SKIP","floor":21},{"not_picked":["Aggregate","Blizzard+1"],"picked":"Conserve Battery","floor":22}],"player_experience":2012987,"relics_obtained":[{"floor":7,"key":"Whetstone"},{"floor":9,"key":"Juzu Bracelet"},{"floor":10,"key":"Bottled Flame"}],"event_choices":[{"damage_healed":0,"gold_gain":0,"player_choice":"Donut","damage_taken":0,"max_hp_gain":5,"max_hp_loss":0,"event_name":"Big Fish","floor":3,"gold_loss":0},{"damage_healed":0,"gold_gain":0,"player_choice":"Success","damage_taken":11,"relics_obtained":["Smiling Mask"],"max_hp_gain":0,"max_hp_loss":0,"event_name":"Scrap Ooze","floor":13,"gold_loss":0},{"damage_healed":0,"gold_gain":0,"player_choice":"1 cards matched","damage_taken":0,"max_hp_gain":0,"max_hp_loss":0,"event_name":"Match and Keep!","floor":19,"gold_loss":0,"cards_obtained":["Buffer"]},{"damage_healed":0,"gold_gain":0,"player_choice":"Bought 1 Potion","damage_taken":0,"max_hp_gain":0,"max_hp_loss":0,"event_name":"The Woman in Blue","floor":20,"gold_loss":0}],"is_beta":false,"boss_relics":[{"not_picked":["Velvet Choker","Ectoplasm"],"picked":"Coffee Dripper"}],"items_purged_floors":[],"is_endless":false,"potions_floor_spawned":[1,10,14,21],"killed_by":"Gremlin Leader","ascension_level":20}}