{"host":"61r95uy0hn86b9iu","time":1612406063,"event":{"mods":["AchievementEnabler","BaseMod","Better Vampires","BetterRewards","Colored Powertips","Hubris","Minty Spire (QoL Compilation)","Shop Mod","StSLib"],"gold_per_floor":[111,111,111,128,128,153,153,169,169,182,182,26,37,56,56,130,130,144,69,69,69,25,25,41,52,78,108,108,108,108,122,122,122,122],"floor_reached":33,"language":"ENG","playtime":751,"items_purged":["Pain"],"score":566,"play_id":"2f4e3104-6610-443a-97b9-503739efb15f","local_time":"20210203203423","is_ascension_mode":true,"campfire_choices":[{"floor":7.0,"key":"REST"},{"floor":15.0,"key":"REST"},{"floor":23.0,"key":"DIG"},{"floor":29.0,"key":"REST"},{"floor":32,"key":"REST"}],"circlet_count":0,"master_deck":["AscendersBane","Strike_B","Strike_B","Strike_B","Defend_B","Defend_B","Defend_B","Defend_B","Zap+1","Dualcast","hubris:PowerSurge","Streamline","Reinforced Body","Sunder","Coolheaded","Rainbow","Reboot","Conserve Battery+1","Capacitor","Barrage","Glacier+1","Static Discharge"],"relics":["Cracked Core","NeowsBlessing","Shovel","WarpedTongs","StoneCalendar","hubris:Icosahedron","hubris:RunicObelisk","Cables","Dead Branch","Toy Ornithopter","MealTicket","Bottled Flame"],"acts_visited":["Exordium","TheCity"],"potions_floor_usage":[31],"damage_taken":[{"damage":0.0,"enemies":"Small Slimes","floor":1.0,"turns":1.0},{"damage":0.0,"enemies":"Jaw Worm","floor":4.0,"turns":1.0},{"damage":0.0,"enemies":"3 Sentries","floor":6.0,"turns":1.0},{"damage":0.0,"enemies":"Cultist","floor":8.0,"turns":2.0},{"damage":14.0,"enemies":"Looter","floor":10.0,"turns":3.0},{"damage":0.0,"enemies":"Exordium Thugs","floor":13.0,"turns":2.0},{"damage":13.0,"enemies":"Exordium Wildlife","floor":14.0,"turns":3.0},{"damage":5.0,"enemies":"Hexaghost","floor":16.0,"turns":9.0},{"damage":0.0,"enemies":"Chosen","floor":18.0,"turns":4.0},{"damage":2.0,"enemies":"Shell Parasite","floor":24.0,"turns":4.0},{"damage":21.0,"enemies":"Sentry and Sphere","floor":25.0,"turns":5.0},{"damage":47.0,"enemies":"Gremlin Leader","floor":27.0,"turns":6.0},{"damage":0,"enemies":"Chosen and Byrds","floor":31,"turns":4},{"damage":55,"enemies":"Champ","floor":33,"turns":11}],"seed_played":"-844014365569785270","potions_obtained":[{"floor":4.0,"key":"Explosive Potion"},{"floor":6.0,"key":"SmokeBomb"},{"floor":10.0,"key":"FearPotion"},{"floor":14.0,"key":"Weak Potion"},{"floor":21.0,"key":"BlessingOfTheForge"},{"floor":27.0,"key":"FearPotion"}],"is_trial":false,"path_per_floor":["M","?","?","M","?","E","R","M","T","M","?","$","M","M","R","B",null,"M","?","T","?","$","R","M","M","T","E","T","R","?","M","R","B"],"character_chosen":"DEFECT","items_purchased":["Sunder","Capacitor"],"campfire_rested":4,"item_purchase_floors":[12,22],"current_hp_per_floor":[64,64,29,29,29,29,50,50,50,36,36,36,36,23,44,39,63,63,63,63,63,63,63,61,50,50,8,8,29,29,34,55,0,0],"gold":122,"neow_bonus":"THREE_ENEMY_KILL","is_daily":false,"chose_seed":false,"campfire_upgraded":0,"win_rate":0.0,"timestamp":1612406063,"path_taken":["M","?","?","M","?","E","R","M","T","?","?","$","M","M","R","BOSS","M","?","?","?","$","R","?","M","T","E","?","R","?","M","R","BOSS"],"items_purchased_type":["Card","Card"],"build_version":"2020-12-22","purchased_purges":1,"victory":false,"max_hp_per_floor":[71,71,71,71,71,71,71,71,71,71,71,71,71,71,71,71,71,71,71,71,71,71,71,71,71,71,71,71,71,71,71,71,71,71],"card_choices":[{"not_picked":["Redo","Heatsinks"],"picked":"hubris:PowerSurge","floor":1.0},{"not_picked":["Sweeping Beam","Barrage"],"picked":"Streamline","floor":4.0},{"not_picked":["Steam","White Noise"],"picked":"Reinforced Body","floor":6.0},{"not_picked":["Rebound","Hologram","hubris:PowerSurge"],"picked":"SKIP","floor":8.0},{"not_picked":["Streamline","Steam","Coolheaded"],"picked":"SKIP","floor":10.0},{"not_picked":["Chill","Gash"],"picked":"Coolheaded","floor":13.0},{"not_picked":["Hologram","Leap"],"picked":"Rainbow","floor":14.0},{"not_picked":["Rainbow","Amplify"],"picked":"Reboot","floor":16.0},{"not_picked":["Sweeping Beam","Fusion+1"],"picked":"Conserve Battery+1","floor":18.0},{"not_picked":["Redo","Go for the Eyes","Gash+1"],"picked":"SKIP","floor":24.0},{"not_picked":["FTL","Cold Snap"],"picked":"Barrage","floor":25.0},{"not_picked":["Compile Driver","Capacitor"],"picked":"Glacier+1","floor":27.0},{"not_picked":["Compile Driver","Gash+1"],"picked":"Static Discharge","floor":31}],"player_experience":3343889,"relics_obtained":[{"floor":6.0,"key":"StoneCalendar"},{"floor":20.0,"key":"Cables"},{"floor":23.0,"key":"Dead Branch"},{"floor":26.0,"key":"Toy Ornithopter"},{"floor":27.0,"key":"MealTicket"},{"floor":28.0,"key":"Bottled Flame"}],"event_choices":[{"damage_healed":0.0,"max_hp_gain":0.0,"max_hp_loss":0.0,"gold_gain":0.0,"event_name":"Living Wall","player_choice":"Grow","floor":2.0,"gold_loss":0.0,"damage_taken":0.0,"cards_upgraded":["Zap"]},{"damage_healed":0.0,"max_hp_gain":0.0,"max_hp_loss":0.0,"gold_gain":0.0,"event_name":"Scrap Ooze","player_choice":"Success","floor":3.0,"gold_loss":0.0,"damage_taken":35.0,"relics_obtained":["Shovel"]},{"damage_healed":0.0,"max_hp_gain":0.0,"max_hp_loss":0.0,"gold_gain":0.0,"event_name":"Accursed Blacksmith","player_choice":"Rummage","floor":5.0,"gold_loss":0.0,"damage_taken":0.0,"relics_obtained":["WarpedTongs"],"cards_obtained":["Pain"]},{"cards_removed":["Strike_B"],"damage_healed":0.0,"max_hp_gain":0.0,"max_hp_loss":0.0,"gold_gain":0.0,"event_name":"Beggar","player_choice":"Gave Gold","floor":19.0,"gold_loss":75.0,"damage_taken":0.0},{"damage_healed":0.0,"max_hp_gain":0.0,"max_hp_loss":0.0,"gold_gain":0.0,"event_name":"Lab","player_choice":"Got Potions","floor":21.0,"gold_loss":0.0,"damage_taken":0.0},{"damage_healed":0,"gold_gain":0,"player_choice":"Leave","damage_taken":0,"max_hp_gain":0,"max_hp_loss":0,"event_name":"FaceTrader","floor":30,"gold_loss":0}],"is_beta":false,"boss_relics":[{"not_picked":["Astrolabe","hubris:BlackHole"],"picked":"hubris:RunicObelisk"}],"items_purged_floors":[12],"is_endless":false,"potions_floor_spawned":[4,6,10,14,24,27],"killed_by":"Champ","ascension_level":19}}