{"host":"2yqfi47fogfu1ic4","time":1612469253,"event":{"mods":["AchievementEnabler","BaseMod","Colored Map","Colored Powertips","Highlight Path","Minty Spire (QoL Compilation)","Permanent Neow","Relic Stats","StSLib"],"gold_per_floor":[118,43,57,57,57,57,86,106,151,183,194,194,119,131,131,208,208,228,238,272,283,283,283,311,311,311,311,121,153,163,190,190,267,267,279,294,184,201,218,250,285,317,399,411,411,411,411,113,113,113,113,113,113,32,60,60],"floor_reached":57,"language":"DEU","playtime":5711,"items_purged":["Strike_G","Strike_G","Backstab+1"],"score":3416,"play_id":"05cac1d0-8b7b-444c-86a1-0cc5a662af54","local_time":"20210204210733","is_ascension_mode":true,"campfire_choices":[{"data":"Dagger Spray","floor":6.0,"key":"SMITH"},{"floor":12.0,"key":"REST"},{"data":"Footwork","floor":15.0,"key":"SMITH"},{"data":"Terror","floor":23.0,"key":"SMITH"},{"data":"Night Terror","floor":25.0,"key":"SMITH"},{"data":"Calculated Gamble","floor":27.0,"key":"SMITH"},{"data":"Acrobatics","floor":32.0,"key":"SMITH"},{"data":"Wraith Form v2","floor":47,"key":"SMITH"},{"floor":49,"key":"RECALL"},{"floor":53,"key":"REST"}],"circlet_count":0,"master_deck":["AscendersBane","Defend_G","Defend_G","Defend_G+1","Defend_G","Defend_G+1","Survivor","Neutralize","Dagger Spray+1","Footwork+1","Eviscerate","Terror+1","Dagger Throw","Acrobatics+1","Night Terror+1","PiercingWail","Calculated Gamble+1","After Image","Tactician","Eviscerate+1","Tactician+1","Wraith Form v2+1","Backflip","Blur","Acrobatics","Madness","Madness","Reflex"],"relics":["Ring of the Snake","FossilizedHelix","Bag of Preparation","Tingsha","HoveringKite","Red Mask","Tiny Chest","Paper Crane","Darkstone Periapt","Letter Opener","Runic Pyramid","WingedGreaves","Orichalcum","Frozen Egg 2","Mummified Hand","Bronze Scales"],"acts_visited":["Exordium","TheCity","TheBeyond","TheEnding"],"potions_floor_usage":[56,56],"damage_taken":[{"damage":1.0,"enemies":"Small Slimes","floor":1.0,"turns":4.0},{"damage":0.0,"enemies":"Jaw Worm","floor":3.0,"turns":5.0},{"damage":28.0,"enemies":"Gremlin Nob","floor":7.0,"turns":5.0},{"damage":0.0,"enemies":"2 Louse","floor":8.0,"turns":2.0},{"damage":3.0,"enemies":"Lagavulin","floor":10.0,"turns":7.0},{"damage":0.0,"enemies":"Gremlin Gang","floor":11.0,"turns":2.0},{"damage":0.0,"enemies":"Large Slime","floor":14.0,"turns":5.0},{"damage":0.0,"enemies":"The Guardian","floor":16.0,"turns":12.0},{"damage":0.0,"enemies":"2 Thieves","floor":18.0,"turns":5.0},{"damage":0.0,"enemies":"Spheric Guardian","floor":19.0,"turns":4.0},{"damage":11.0,"enemies":"Masked Bandits","floor":20.0,"turns":4.0},{"damage":0.0,"enemies":"Snecko","floor":21.0,"turns":3.0},{"damage":0.0,"enemies":"Book of Stabbing","floor":24.0,"turns":7.0},{"damage":0.0,"enemies":"Gremlin Leader","floor":29.0,"turns":4.0},{"damage":0.0,"enemies":"Centurion and Healer","floor":30.0,"turns":6.0},{"damage":13.0,"enemies":"Slavers","floor":31.0,"turns":9.0},{"damage":24.0,"enemies":"Automaton","floor":33.0,"turns":8.0},{"damage":0.0,"enemies":"Orb Walker","floor":35.0,"turns":2.0},{"damage":0,"enemies":"3 Darklings","floor":36,"turns":4},{"damage":0,"enemies":"4 Shapes","floor":38,"turns":2},{"damage":0,"enemies":"Jaw Worm Horde","floor":39,"turns":2},{"damage":0,"enemies":"Nemesis","floor":40,"turns":9},{"damage":0,"enemies":"Reptomancer","floor":41,"turns":2},{"damage":0,"enemies":"Nemesis","floor":42,"turns":3},{"damage":0,"enemies":"3 Darklings","floor":44,"turns":4},{"damage":0,"enemies":"Awakened One","floor":50,"turns":14},{"damage":0,"enemies":"Donu and Deca","floor":51,"turns":2},{"damage":8,"enemies":"Shield and Spear","floor":55,"turns":5},{"damage":0,"enemies":"The Heart","floor":56,"turns":7}],"seed_played":"-6632971186093193651","potions_obtained":[{"floor":8.0,"key":"FearPotion"},{"floor":11.0,"key":"SkillPotion"},{"floor":14.0,"key":"Ancient Potion"},{"floor":16.0,"key":"LiquidBronze"},{"floor":22.0,"key":"Block Potion"},{"floor":24.0,"key":"GamblersBrew"},{"floor":33.0,"key":"BlessingOfTheForge"}],"is_trial":false,"path_per_floor":["M","?","M","?","?","R","E","M","T","E","M","R","$","M","R","B",null,"M","M","?","M","?","R","E","R","T","R","$","E","M","E","R","B",null,"M","M","?","M","M","E","E","E","T","M","T","?","R","$","R","B","B",null,"R","$","E","B",null],"character_chosen":"THE_SILENT","items_purchased":["Tactician","Reflex","GamblersBrew","DuplicationPotion"],"campfire_rested":2,"item_purchase_floors":[28,48,48,54],"current_hp_per_floor":[58,58,58,51,33,33,5,5,5,2,2,20,20,20,20,20,50,50,50,39,39,39,39,39,39,39,39,39,39,39,26,26,2,46,46,46,46,46,46,46,46,46,46,46,46,35,35,35,35,35,35,54,60,60,52,52],"gold":60,"neow_bonus":"ONE_RARE_RELIC","is_daily":false,"chose_seed":false,"campfire_upgraded":7,"win_rate":0.0,"timestamp":1612469253,"path_taken":["M","?","M","?","?","R","E","?","T","E","M","R","$","M","R","BOSS","M","M","?","M","?","R","E","R","T","R","$","E","M","E","R","BOSS","M","?","?","M","M","E","E","E","T","?","?","?","R","$","R","BOSS","BOSS","R","$","E","BOSS"],"items_purchased_type":["Card","Card","Potion","Potion"],"build_version":"2020-12-22","purchased_purges":3,"victory":true,"max_hp_per_floor":[60,60,60,60,60,60,60,60,60,60,60,60,60,60,60,60,60,60,60,60,60,60,60,60,60,60,60,60,60,60,60,60,60,60,60,60,60,60,60,60,60,60,60,60,60,60,60,60,60,60,60,60,60,60,60,60],"relic_stats":{"Darkstone Periapt":0,"counters":[29,148],"Mummified Hand":[21],"Bronze Scales":[96],"HoveringKite":[91],"Tingsha":[1737],"Tiny Chest":1,"Bag of Preparation":[52],"Letter Opener":[529],"Orichalcum":[6],"obtain_stats":[{"Darkstone Periapt":29,"HoveringKite":17,"Tingsha":10,"Bag of Preparation":7,"Letter Opener":31,"Paper Crane":26,"Orichalcum":41,"Frozen Egg 2":42,"Mummified Hand":43,"Bronze Scales":55,"Tiny Chest":24,"WingedGreaves":40,"Red Mask":20,"FossilizedHelix":0,"Ring of the Snake":0,"Runic Pyramid":34},{"Darkstone Periapt":14,"HoveringKite":8,"Tingsha":5,"Bag of Preparation":3,"Letter Opener":16,"Paper Crane":13,"Orichalcum":23,"Frozen Egg 2":24,"Mummified Hand":24,"Bronze Scales":28,"Tiny Chest":13,"WingedGreaves":22,"Red Mask":11,"FossilizedHelix":0,"Ring of the Snake":0,"Runic Pyramid":17},{"Darkstone Periapt":69,"HoveringKite":42,"Tingsha":23,"Bag of Preparation":14,"Letter Opener":84,"Paper Crane":65,"Orichalcum":113,"Frozen Egg 2":116,"Mummified Hand":116,"Bronze Scales":141,"Tiny Chest":65,"WingedGreaves":111,"Red Mask":55,"FossilizedHelix":0,"Ring of the Snake":0,"Runic Pyramid":92}],"Ring of the Snake":[58]},"card_choices":[{"not_picked":["Deflect","Sucker Punch"],"picked":"Dagger Spray","floor":1.0},{"not_picked":["Backflip","Escape Plan"],"picked":"Backstab","floor":3.0},{"not_picked":["Catalyst","Quick Slash"],"picked":"Footwork","floor":7.0},{"not_picked":["Reflex","Underhanded Strike"],"picked":"Eviscerate","floor":8.0},{"not_picked":["Deadly Poison","Dagger Throw"],"picked":"Terror","floor":10.0},{"not_picked":["Quick Slash","PiercingWail"],"picked":"Dagger Throw","floor":11.0},{"not_picked":["Blade Dance","Sucker Punch"],"picked":"Acrobatics","floor":14.0},{"not_picked":["Glass Knife","Malaise"],"picked":"Night Terror","floor":16.0},{"not_picked":["Noxious Fumes+1","Catalyst"],"picked":"PiercingWail","floor":18.0},{"not_picked":["Concentrate","Blur"],"picked":"Calculated Gamble","floor":19.0},{"not_picked":["Blade Dance+1","Dagger Spray"],"picked":"After Image","floor":21.0},{"not_picked":["Crippling Poison","Quick Slash","Dagger Spray"],"picked":"SKIP","floor":24.0},{"not_picked":["Distraction","Storm of Steel"],"picked":"Eviscerate+1","floor":29.0},{"not_picked":["Dagger Throw","Backstab"],"picked":"Tactician+1","floor":30.0},{"not_picked":["Dash","Accuracy","Flechettes"],"picked":"SKIP","floor":31.0},{"not_picked":["Burst","Corpse Explosion"],"picked":"Wraith Form v2","floor":33.0},{"not_picked":["Prepared","Quick Slash+1","Caltrops"],"picked":"SKIP","floor":35.0},{"not_picked":["Deflect","Blade Dance+1","Dagger Throw"],"picked":"SKIP","floor":36},{"not_picked":["Crippling Poison","Blade Dance"],"picked":"Backflip","floor":38},{"not_picked":["All Out Attack","Eviscerate"],"picked":"Blur","floor":39},{"not_picked":["Dodge and Roll","Crippling Poison","Masterful Stab"],"picked":"SKIP","floor":40},{"not_picked":["Dagger Spray","Tools of the Trade"],"picked":"Acrobatics","floor":41},{"not_picked":["Bouncing Flask","Deadly Poison","Sucker Punch"],"picked":"SKIP","floor":42},{"not_picked":["Skewer+1","Flying Knee","Bane"],"picked":"SKIP","floor":44},{"not_picked":["Cloak And Dagger","Terror+1","Sucker Punch+1"],"picked":"SKIP","floor":55}],"player_experience":1626948,"relics_obtained":[{"floor":7.0,"key":"Bag of Preparation"},{"floor":10.0,"key":"Tingsha"},{"floor":20.0,"key":"Red Mask"},{"floor":24.0,"key":"Tiny Chest"},{"floor":26.0,"key":"Paper Crane"},{"floor":29.0,"key":"Darkstone Periapt"},{"floor":31.0,"key":"Letter Opener"},{"floor":40,"key":"WingedGreaves"},{"floor":41,"key":"Orichalcum"},{"floor":42,"key":"Frozen Egg 2"},{"floor":43,"key":"Mummified Hand"},{"floor":55,"key":"Bronze Scales"}],"event_choices":[{"cards_removed":["Strike_G"],"damage_healed":0.0,"max_hp_gain":0.0,"max_hp_loss":0.0,"gold_gain":0.0,"event_name":"The Cleric","player_choice":"Card Removal","floor":2.0,"gold_loss":75.0,"damage_taken":0.0},{"cards_removed":["Strike_G"],"damage_healed":0.0,"max_hp_gain":0.0,"max_hp_loss":0.0,"gold_gain":0.0,"event_name":"Golden Wing","player_choice":"Card Removal","floor":4.0,"gold_loss":0.0,"damage_taken":7.0},{"damage_healed":0.0,"max_hp_gain":0.0,"max_hp_loss":0.0,"gold_gain":0.0,"event_name":"Shining Light","player_choice":"Entered Light","floor":5.0,"gold_loss":0.0,"damage_taken":18.0,"cards_upgraded":["Defend_G","Backstab"]},{"damage_healed":0.0,"max_hp_gain":0.0,"max_hp_loss":0.0,"gold_gain":0.0,"event_name":"Masked Bandits","player_choice":"Fought Bandits","floor":20.0,"gold_loss":0.0,"damage_taken":0.0},{"damage_healed":0.0,"max_hp_gain":0.0,"max_hp_loss":0.0,"gold_gain":0.0,"event_name":"Lab","player_choice":"Got Potions","floor":22.0,"gold_loss":0.0,"damage_taken":0.0},{"cards_removed":["Strike_G"],"damage_healed":0,"gold_gain":0,"player_choice":"Upgrade and Remove","damage_taken":0,"max_hp_gain":0,"max_hp_loss":0,"event_name":"Designer","floor":37,"gold_loss":110,"cards_upgraded":["Defend_G"]},{"damage_healed":0,"gold_gain":0,"player_choice":"Embrace Madness","damage_taken":11,"max_hp_gain":0,"max_hp_loss":0,"event_name":"Winding Halls","floor":46,"gold_loss":0,"cards_obtained":["Madness","Madness"]}],"is_beta":false,"boss_relics":[{"not_picked":["Sozu","Ring of the Serpent"],"picked":"HoveringKite"},{"not_picked":["WristBlade","Busted Crown"],"picked":"Runic Pyramid"}],"items_purged_floors":[13,28,48],"is_endless":false,"potions_floor_spawned":[8,11,14,16,19,24,33,35,36,38,39,44],"ascension_level":20}}