{"host":"ty9fb48q9oru32qm","time":1612458211,"event":{"mods":["2.2 Compatiblity","AchievementEnabler","Act Like it!","Astrologer","BaseMod","Beaked The Cultist","Better Synergies","Block Reminder","ChefMod","Colored Powertips","Conspire","DeckTracker","Downfall","Friendly Minions","GifTheSpireLib","Hermit","Hubris","Infinite Spire","Jorbs\u0027s Wanderer Trilogy","Marisa????????","Minty Spire (QoL Compilation)","Permanent Neow","Quick Restart","Random Character Button","Reliquary","Replay The Spire","Somnambulant","StSLib","Stuff the Spire","The Construct","The Cursed","The Marked","The Runesmith","The Servant 0.9.4","TheHeartMod"],"gold_per_floor":[212,212,224,299,314,340,340,360,360,398,398,411,411,429,429,429,429],"floor_reached":16,"language":"ENG","playtime":1371,"items_purged":[],"score":112,"play_id":"bf2e39e7-68fd-4a81-8cb6-9acdfb724939","local_time":"20210204180331","is_ascension_mode":false,"campfire_choices":[{"data":"chefmod:SliceAndDice","floor":11,"key":"SMITH"},{"floor":15,"key":"REST"}],"circlet_count":0,"master_deck":["chefmod:Strike","chefmod:Strike","chefmod:Strike","chefmod:Strike","chefmod:QuickThaw","chefmod:Defend","chefmod:Defend","chefmod:Defend","chefmod:Defend","chefmod:TodaysSpecial","chefmod:HotSoup","chefmod:SliceAndDice+1","chefmod:Flambe","chefmod:IcePick","Parasite","Regret","chefmod:SliceAndDice+1"],"relics":["chefmod:TrustyPot","downfall:ExtraCursedKey","StuffTheSpire:HeavyRock","Golden Idol","reliquary:WeakTea"],"acts_visited":["Exordium"],"potions_floor_usage":[16,16],"damage_taken":[{"damage":2,"enemies":"conspire:RoseBush","floor":1,"turns":3},{"damage":0,"enemies":"2 Louse","floor":3,"turns":2},{"damage":0,"enemies":"Small Slimes","floor":5,"turns":2},{"damage":13,"enemies":"Replay:BlueRogue","floor":6,"turns":6},{"damage":4,"enemies":"Exordium Thugs","floor":8,"turns":5},{"damage":10,"enemies":"Gremlin Nob","floor":10,"turns":4},{"damage":0,"enemies":"Exordium Wildlife","floor":12,"turns":3},{"damage":5,"enemies":"Blue Slaver","floor":14,"turns":3},{"damage":49,"enemies":"Fading Forest","floor":16,"turns":8}],"seed_played":"-1108584147957186758","potions_obtained":[{"floor":3,"key":"BlessingOfTheForge"},{"floor":5,"key":"LiquidBronze"},{"floor":6,"key":"sneckomod:MuddlingPotion"},{"floor":12,"key":"chefmod:PotionOfPlenty"}],"is_trial":false,"path_per_floor":["M","?","M","?","M","E","?","M","T","E","R","M","?","M","R","B"],"character_chosen":"THE_CHEF","items_purchased":[],"campfire_rested":1,"item_purchase_floors":[],"current_hp_per_floor":[74,74,74,63,63,50,50,46,46,36,36,36,36,31,52,3,3],"gold":429,"neow_bonus":"HUNDRED_GOLD","is_daily":false,"chose_seed":false,"campfire_upgraded":1,"win_rate":0.0,"timestamp":1612458211,"path_taken":["M","?","M","?","M","E","?","M","T","E","R","M","?","M","R","BOSS"],"items_purchased_type":[],"build_version":"2020-12-22","purchased_purges":0,"victory":false,"max_hp_per_floor":[76,76,76,76,76,76,70,70,70,70,70,70,70,70,70,70,70],"card_choices":[{"not_picked":["chefmod:QuickChop","chefmod:FireUp"],"picked":"chefmod:HotSoup","floor":1},{"not_picked":["chefmod:HotSoup","chefmod:IceCreamCone"],"picked":"chefmod:SliceAndDice","floor":3},{"not_picked":["chefmod:Bruschetta","chefmod:FarmersMarket"],"picked":"chefmod:Flambe","floor":5},{"not_picked":["chefmod:FryPan","chefmod:OldCookbook"],"picked":"chefmod:IcePick","floor":6},{"not_picked":["chefmod:ColdSteel","chefmod:IcePick","chefmod:Gelato"],"picked":"SKIP","floor":8},{"not_picked":["chefmod:IceCreamCone","chefmod:SaveForLater"],"picked":"chefmod:SliceAndDice","floor":10},{"not_picked":["chefmod:Mince","chefmod:Defrost","chefmod:LocoMoco"],"picked":"SKIP","floor":12},{"not_picked":["chefmod:HotSoup","chefmod:Defrost","chefmod:LocoMoco"],"picked":"SKIP","floor":14}],"player_experience":285399,"relics_obtained":[{"floor":6,"key":"StuffTheSpire:HeavyRock"},{"floor":10,"key":"reliquary:WeakTea"}],"event_choices":[{"damage_healed":0,"gold_gain":75,"player_choice":"Gather Gold","damage_taken":11,"max_hp_gain":0,"max_hp_loss":0,"event_name":"World of Goop","floor":4,"gold_loss":0},{"damage_healed":0,"gold_gain":0,"player_choice":"Lose Max HP","damage_taken":0,"relics_obtained":["Golden Idol"],"max_hp_gain":0,"max_hp_loss":6,"event_name":"Golden Idol","floor":7,"gold_loss":0},{"damage_healed":0,"gold_gain":0,"player_choice":"Forge","damage_taken":0,"max_hp_gain":0,"max_hp_loss":0,"event_name":"Accursed Blacksmith","floor":13,"gold_loss":0,"cards_upgraded":["chefmod:SliceAndDice"]}],"is_beta":false,"boss_relics":[],"items_purged_floors":[],"is_endless":false,"potions_floor_spawned":[3,5,6,12],"killed_by":"Fading Forest","ascension_level":0}}