{"host":"ygr55oy7qe9vv2jr","time":1612432619,"event":{"mods":["BaseMod","Better Third Choice","Downfall","Minty Spire (QoL Compilation)","Replay The Spire","StSLib"],"gold_per_floor":[99,99,99,99,99,132,155,182,196,196,213,13,13,13,28,131,131,131,142,161,172,186,186,186,221,131,131,158,168,181,181,200,296,296,296,313,327,354,248,148,148,179,194,194,227,102,121,121,135,135,135,167,88,88,88,88,88,88],"floor_reached":56,"language":"ENG","playtime":4175,"items_purged":["bronze:Strike","bronze:Strike","bronze:Strike"],"score":1046,"play_id":"cacdf325-ec66-4f3a-a8ac-3242b8965b5e","local_time":"20210204035659","is_ascension_mode":true,"campfire_choices":[{"data":"bronze:Replicate","floor":1.0,"key":"SMITH"},{"floor":10.0,"key":"RECALL"},{"data":"bronze:Iterate","floor":12.0,"key":"SMITH"},{"data":"bronze:Boost","floor":13.0,"key":"SMITH"},{"data":"bronze:HardenedForm","floor":18.0,"key":"SMITH"},{"data":"bronze:Constructor","floor":23.0,"key":"SMITH"},{"data":"bronze:Goto","floor":27.0,"key":"SMITH"},{"data":"bronze:CutThrough","floor":35,"key":"SMITH"},{"data":"bronze:Fortify","floor":40,"key":"SMITH"},{"data":"bronze:BronzeArmor","floor":54,"key":"SMITH"}],"circlet_count":0,"master_deck":["bronze:Defend","bronze:Defend","bronze:Defend","bronze:Defend","bronze:Replicate+1","bronze:Goto+1","bronze:Boost+1","bronze:Iterate+1","bronze:BronzeArmor+1","bronze:Constructor+1","bronze:CutThrough+1","bronze:HardenedForm+1","bronze:Boost+1","bronze:Separator+1","bronze:Frontload+1","bronze:Iterate+1","bronze:ClassDefault+1","bronze:Fortify+1"],"relics":["bronze:BronzeCore","downfall:HeartsMalice","MealTicket","Lantern","WingedGreaves","downfall:HeartBlessingGreen","downfall:HeartBlessingRed","Snecko Heart","PreservedInsect","ReplayTheSpireMod:Shallot","Torii","Snecko Eye","ReplayTheSpireMod:Ninjato","downfall:HeartBlessingBlue","Mirror","Bottled Flame","ReplayTheSpireMod:TigerMarble","Eternal Feather"],"acts_visited":["Exordium","TheCity","TheBeyond","TheEnding"],"potions_floor_usage":[50,50,55,56],"damage_taken":[{"damage":0.0,"enemies":"2 Louse","floor":2.0,"turns":1.0},{"damage":0.0,"enemies":"Small Slimes","floor":5.0,"turns":1.0},{"damage":0.0,"enemies":"Lagavulin","floor":6.0,"turns":1.0},{"damage":6.0,"enemies":"Gremlin Nob","floor":8.0,"turns":5.0},{"damage":0.0,"enemies":"Cultist","floor":9.0,"turns":3.0},{"damage":4.0,"enemies":"Red Slaver","floor":11.0,"turns":5.0},{"damage":5.0,"enemies":"Exordium Thugs","floor":15.0,"turns":5.0},{"damage":9.0,"enemies":"IC_STATUS_ARCHETYPE","floor":16.0,"turns":7.0},{"damage":0.0,"enemies":"3 Byrds","floor":19.0,"turns":4.0},{"damage":0.0,"enemies":"Spheric Guardian","floor":20.0,"turns":2.0},{"damage":0.0,"enemies":"Shelled Parasite and Fungi","floor":21.0,"turns":3.0},{"damage":0.0,"enemies":"Snecko","floor":22.0,"turns":4.0},{"damage":6.0,"enemies":"Book of Stabbing","floor":25.0,"turns":4.0},{"damage":0.0,"enemies":"downfall:FleeingMerchant","floor":26.0,"turns":4.0},{"damage":0.0,"enemies":"Slavers","floor":28.0,"turns":5.0},{"damage":0.0,"enemies":"Cultist and Chosen","floor":29.0,"turns":5.0},{"damage":0.0,"enemies":"Shelled Parasite and Fungi","floor":30.0,"turns":3.0},{"damage":1.0,"enemies":"Chosen and Byrds","floor":32.0,"turns":3.0},{"damage":6,"enemies":"WA_ARCHETYPE_CALM","floor":33,"turns":7},{"damage":0,"enemies":"3 Shapes","floor":36,"turns":2},{"damage":0,"enemies":"3 Darklings","floor":37,"turns":5},{"damage":0,"enemies":"downfall:FleeingMerchant","floor":39,"turns":3},{"damage":0,"enemies":"Giant Head","floor":42,"turns":5},{"damage":0,"enemies":"Transient","floor":43,"turns":5},{"damage":0,"enemies":"Nemesis","floor":45,"turns":4},{"damage":0,"enemies":"4 Shapes","floor":47,"turns":3},{"damage":0,"enemies":"Spire Growth","floor":49,"turns":3},{"damage":0,"enemies":"DF_ARCHETYPE_ORBS","floor":50,"turns":4},{"damage":0,"enemies":"downfall:CharBossMerchant","floor":52,"turns":4},{"damage":0,"enemies":"downfall:NeowBoss","floor":55,"turns":11},{"damage":14,"enemies":"downfall:NeowBossFinal","floor":56,"turns":8}],"seed_played":"6427200929280643310","potions_obtained":[{"floor":6.0,"key":"Guardian:BlockOnCardUsePotion"},{"floor":11.0,"key":"Fruit Juice"},{"floor":15.0,"key":"bronze:FreeFunctionsPotion"},{"floor":21.0,"key":"Fire Potion"},{"floor":25.0,"key":"Strength Potion"},{"floor":33,"key":"Adrenaline Potion"},{"floor":49,"key":"Reflective Coating"},{"floor":52,"key":"DuplicationPotion"}],"is_trial":false,"path_per_floor":["R","M","?","?","M","E","T","E","M","R","M","R","R","?","M","B",null,"R","M","M","M","M","R","T","E","$","R","E","M","M","?","M","B",null,"R","M","M","T","$","R","T","E","M","?","E","$","M","?","M","B",null,"E","$","R","B","B"],"character_chosen":"THE_AUTOMATON","items_purchased":["bronze:Fortify","ReplayTheSpireMod:Ninjato","Languid Potion"],"campfire_rested":0,"item_purchase_floors":[39,39,53],"current_hp_per_floor":[70,70,70,70,70,70,70,64,64,64,65,65,65,65,60,51,75,75,75,75,75,75,75,75,69,75,75,75,75,75,75,74,68,75,75,75,75,75,75,85,85,85,85,85,85,85,85,85,85,85,85,85,85,85,85,71,71,71],"gold":88,"neow_bonus":"THREE_ENEMY_KILL","is_daily":false,"chose_seed":false,"campfire_upgraded":9,"win_rate":0.0,"timestamp":1612432619,"path_taken":["R","M","?","?","M","E","T","E","M","R","M","R","R","?","M","BOSS","R","M","M","M","M","R","T","E","$","R","E","M","M","?","M","BOSS","R","M","M","?","?","R","T","E","?","?","E","$","M","?","M","BOSS","E","$","R","BOSS","BOSS"],"items_purchased_type":["Card","Relic","Potion"],"build_version":"2020-12-22","purchased_purges":3,"victory":false,"max_hp_per_floor":[70,70,70,70,70,70,70,70,70,70,75,75,75,75,75,75,75,75,75,75,75,75,75,75,75,75,75,75,75,75,75,75,75,75,75,75,75,75,75,85,85,85,85,85,85,85,85,85,85,85,85,85,85,85,85,85,85,85],"card_choices":[{"not_picked":["bronze:Fortify","bronze:Shield"],"picked":"bronze:Boost","floor":2.0},{"not_picked":["bronze:FineTuning","bronze:Frontload"],"picked":"bronze:Iterate","floor":5.0},{"not_picked":["bronze:FineTuning","bronze:WildBeam"],"picked":"bronze:BronzeArmor","floor":6.0},{"not_picked":["bronze:ThunderWave","bronze:Separator","bronze:Overheat"],"picked":"SKIP","floor":8.0},{"not_picked":["bronze:Return","bronze:Backtrace"],"picked":"bronze:Constructor","floor":9.0},{"not_picked":["bronze:BugBarrage","bronze:WildBeam","bronze:OilSpill"],"picked":"SKIP","floor":11.0},{"not_picked":["bronze:BitShift","bronze:Safeguard"],"picked":"bronze:CutThrough","floor":15.0},{"not_picked":["bronze:CleanCode","bronze:Virus"],"picked":"bronze:HardenedForm","floor":16.0},{"not_picked":["bronze:MaxOutput","bronze:Invalidate","bronze:BugBarrage"],"picked":"SKIP","floor":19.0},{"not_picked":["bronze:Return+1","bronze:MaxOutput+1"],"picked":"bronze:Boost+1","floor":20.0},{"not_picked":["bronze:BuggyMess","bronze:OilSpill+1","bronze:DelayedSlice"],"picked":"SKIP","floor":21.0},{"not_picked":["bronze:BuggyMess","bronze:Frontload"],"picked":"bronze:Separator+1","floor":22.0},{"not_picked":["bronze:Overheat","bronze:Turbo"],"picked":"bronze:Frontload+1","floor":25.0},{"not_picked":["bronze:Repulsor","bronze:Constructor","bronze:InfiniteBeams+1"],"picked":"SKIP","floor":26.0},{"not_picked":["bronze:WildBeam","bronze:Turbo","bronze:ThunderWave"],"picked":"SKIP","floor":28.0},{"not_picked":["bronze:Turbo+1","bronze:WhirlingStrike","bronze:CutThrough"],"picked":"SKIP","floor":29.0},{"not_picked":["bronze:CutThrough","bronze:Separator+1","bronze:Frontload+1"],"picked":"SKIP","floor":30.0},{"not_picked":["bronze:CutThrough","bronze:Overload","bronze:ClassDefault+1"],"picked":"SKIP","floor":32.0},{"not_picked":["bronze:CutThrough","bronze:Overload"],"picked":"bronze:ClassDefault+1","floor":32.0},{"not_picked":["bronze:Refactor+1","bronze:ForLoop+1","bronze:WildBeam+1"],"picked":"SKIP","floor":36},{"not_picked":["bronze:Overload","bronze:Terminator","bronze:GetLatest"],"picked":"SKIP","floor":37},{"not_picked":["bronze:OilSpill","bronze:BronzeArmor+1","bronze:Optimize"],"picked":"SKIP","floor":39},{"not_picked":["bronze:MaxOutput","bronze:CutThrough","bronze:ChildClass"],"picked":"SKIP","floor":42},{"not_picked":["bronze:WildBeam","bronze:BitShift","bronze:Optimize"],"picked":"SKIP","floor":43},{"not_picked":["bronze:Refactor","bronze:DelayedSlice","bronze:Overheat"],"picked":"SKIP","floor":45},{"not_picked":["bronze:Format","bronze:BuggyMess+1","bronze:DelayedGuard+1"],"picked":"SKIP","floor":47},{"not_picked":["bronze:Format","bronze:BuggyMess+1","bronze:DelayedGuard+1"],"picked":"SKIP","floor":47},{"not_picked":["bronze:WildBeam+1","bronze:Refactor+1","bronze:Branch+1"],"picked":"SKIP","floor":49},{"not_picked":["bronze:ClassDefault","bronze:BuggyMess","bronze:BitShift"],"picked":"SKIP","floor":52}],"player_experience":818248,"relics_obtained":[{"floor":6.0,"key":"MealTicket"},{"floor":7.0,"key":"Lantern"},{"floor":8.0,"key":"WingedGreaves"},{"floor":24.0,"key":"PreservedInsect"},{"floor":25.0,"key":"ReplayTheSpireMod:Shallot"},{"floor":28.0,"key":"Torii"},{"floor":41,"key":"Mirror"},{"floor":42,"key":"Bottled Flame"},{"floor":45,"key":"ReplayTheSpireMod:TigerMarble"},{"floor":52,"key":"Eternal Feather"}],"event_choices":[{"cards_removed":["bronze:Strike"],"damage_healed":0.0,"max_hp_gain":0.0,"max_hp_loss":0.0,"gold_gain":0.0,"event_name":"Bonfire Elementals","player_choice":"Offered Basic","floor":14.0,"gold_loss":0.0,"damage_taken":0.0}],"is_beta":false,"boss_relics":[{"not_picked":["Honey Jar","SacredBark"],"picked":"Snecko Heart"},{"not_picked":["Replay:Bronze Core","Ring of Chaos"],"picked":"Snecko Eye"}],"items_purged_floors":[26,39,46],"is_endless":false,"potions_floor_spawned":[6,11,15,21,25,28,29,30,33,37,45,49,52],"killed_by":"downfall:NeowBossFinal","ascension_level":2}}