{"host":"t0r9wuv4zaiwets7","time":1612398067,"event":{"mods":["AchievementEnabler","BaseMod","Bestiary","Colored Map","Colored Powertips","Downfall","Highlight Path","Minty Spire (QoL Compilation)","StSLib"],"gold_per_floor":[99,116,134,146,165,165,165,165,183,213,232,232,232,332,351,456,456,456,470,487,504,97,97,97,112,138,38,72,72,85,105,124,228,228,228,247,8,58,74,60,85,139,139,139,159,169,169,180,180,180],"floor_reached":51,"language":"ENG","playtime":3708,"items_purged":[],"score":710,"play_id":"d91b7eff-33fe-412d-9798-56786e781957","local_time":"20210203162107","is_ascension_mode":false,"campfire_choices":[{"data":"Slimebound:Split","floor":1.0,"key":"SMITH"},{"data":"Slimebound:Grow","floor":6.0,"key":"SMITH"},{"data":"Slimebound:Repurpose","floor":8.0,"key":"SMITH"},{"floor":13.0,"key":"REST"},{"data":"Slimebound:DouseInSlime","floor":18.0,"key":"SMITH"},{"floor":27.0,"key":"REST"},{"data":"Slimebound:DuplicatedForm","floor":29.0,"key":"SMITH"},{"data":"Secret Weapon","floor":35.0,"key":"SMITH"},{"floor":43.0,"key":"DIG"},{"floor":47,"key":"DIG"}],"circlet_count":0,"master_deck":["Slimebound:Strike_Slimebound","Slimebound:Strike_Slimebound","Slimebound:Strike_Slimebound","Slimebound:Tackle","Slimebound:Defend_Slimebound","Slimebound:Defend_Slimebound","Slimebound:Defend_Slimebound","Slimebound:Split+1","Slimebound:CorrosiveSpit","Slimebound:OozeBath","Slimebound:RejuvenatingLick","Slimebound:Grow+1","Slimebound:Repurpose+1","Slimebound:RollThrough","Slimebound:GoopSpray","Slimebound:ForwardTackle","Slimebound:PressTheAttack","Slimebound:DouseInSlime+1","Slimebound:LeechEnergy+1","Slimebound:LivingWall+1","Slimebound:SplitBruiser","Slimebound:LevelUp","Slimebound:SpikyOuterGoop","Secret Weapon+1","Slimebound:LeechLife","Slimebound:Overexert","Slimebound:DuplicatedForm+1","Slimebound:SamplingLick","Slimebound:GoopSpray+1","Slimebound:LeechLife","Slimebound:FinishingTackle","Slimebound:MassFeed","Slimebound:HauntingLick+1","Slimebound:Chomp+1","Slimebound:Replication","Slimebound:SlimeBarrage+1","Slimebound:Repurpose","Discovery","Slimebound:SplitMire+1","Slimebound:Prepare+1","Slimebound:GoopTackle+1"],"relics":["Slimebound:AbsorbEndCombat","Art of War","Slimebound:MaxSlimesRelic","bronze:MakeshiftBattery","OrangePellets","Eternal Feather","Anchor","downfall:HeartBlessingGreen","Pocketwatch","Runic Pyramid","Bronze Scales","Girya","Letter Opener","Strawberry","Shovel","Torii","Happy Flower"],"acts_visited":["Exordium","TheCity","TheBeyond"],"potions_floor_usage":[46,49,50],"damage_taken":[{"damage":12.0,"enemies":"Jaw Worm","floor":2.0,"turns":4.0},{"damage":8.0,"enemies":"2 Louse","floor":3.0,"turns":2.0},{"damage":12.0,"enemies":"Cultist","floor":4.0,"turns":3.0},{"damage":19.0,"enemies":"Exordium Thugs","floor":5.0,"turns":4.0},{"damage":10.0,"enemies":"2 Fungi Beasts","floor":9.0,"turns":3.0},{"damage":2.0,"enemies":"Exordium Thugs","floor":11.0,"turns":4.0},{"damage":3.0,"enemies":"Gremlin Gang","floor":15.0,"turns":4.0},{"damage":27.0,"enemies":"WA_ARCHETYPE_RETAIN","floor":16.0,"turns":6.0},{"damage":10.0,"enemies":"Shell Parasite","floor":19.0,"turns":4.0},{"damage":1.0,"enemies":"Snecko","floor":20.0,"turns":3.0},{"damage":25.0,"enemies":"Cultist and Chosen","floor":21.0,"turns":6.0},{"damage":8.0,"enemies":"downfall:FleeingMerchant","floor":22.0,"turns":4.0},{"damage":22.0,"enemies":"Centurion and Healer","floor":25.0,"turns":6.0},{"damage":22.0,"enemies":"Gremlin Leader","floor":26.0,"turns":8.0},{"damage":27.0,"enemies":"Book of Stabbing","floor":28.0,"turns":5.0},{"damage":21.0,"enemies":"Snecko","floor":30.0,"turns":4.0},{"damage":0.0,"enemies":"3 Cultists","floor":31.0,"turns":4.0},{"damage":34.0,"enemies":"Sentry and Sphere","floor":32.0,"turns":7.0},{"damage":45.0,"enemies":"IC_MUSHROOM_ARCHETYPE","floor":33.0,"turns":6.0},{"damage":16.0,"enemies":"3 Shapes","floor":36.0,"turns":3.0},{"damage":15.0,"enemies":"downfall:FleeingMerchant","floor":37.0,"turns":4.0},{"damage":0.0,"enemies":"downfall:FleeingMerchant","floor":38.0,"turns":5.0},{"damage":8.0,"enemies":"3 Darklings","floor":39.0,"turns":5.0},{"damage":0.0,"enemies":"downfall:FleeingMerchant","floor":40.0,"turns":2.0},{"damage":69.0,"enemies":"2 Orb Walkers","floor":42.0,"turns":4.0},{"damage":27.0,"enemies":"Sphere and 2 Shapes","floor":45.0,"turns":4.0},{"damage":20,"enemies":"4 Shapes","floor":46,"turns":4},{"damage":24,"enemies":"Transient","floor":48,"turns":5},{"damage":0,"enemies":"Sphere and 2 Shapes","floor":49,"turns":1},{"damage":118,"enemies":"DF_ARCHETYPE_ORBS","floor":50,"turns":9}],"seed_played":"-6588150793183004832","potions_obtained":[{"floor":2.0,"key":"FairyPotion"},{"floor":9.0,"key":"Fire Potion"},{"floor":11.0,"key":"Swift Potion"},{"floor":20.0,"key":"Slimebound:SlimyTonguePotion"},{"floor":25.0,"key":"SmokeBomb"},{"floor":30.0,"key":"LiquidMemories"},{"floor":46,"key":"SneckoOil"}],"is_trial":false,"path_per_floor":["R","M","M","M","M","R","T","R","M","?","M","?","R","?","M","B",null,"R","M","M","M","$","?","T","M","E","R","E","R","M","M","M","B",null,"R","M","$","?","M","$","T","?","R","?","M","M","R","M","M","B",null],"character_chosen":"SLIMEBOUND","items_purchased":["Slimebound:SpikyOuterGoop","OrangePellets","Secret Weapon","Slimebound:Replication","Bronze Scales","Letter Opener","Discovery"],"campfire_rested":2,"item_purchase_floors":[22,22,22,37,37,40,40],"current_hp_per_floor":[65,57,53,43,32,32,32,32,28,28,32,32,51,51,54,35,65,65,63,65,41,39,39,39,25,11,45,37,52,50,58,65,35,65,65,65,65,68,63,65,72,20,41,68,43,29,53,68,68,20],"gold":180,"neow_bonus":"ONE_RANDOM_RARE_CARD","is_daily":false,"chose_seed":false,"campfire_upgraded":6,"win_rate":0.0,"timestamp":1612398067,"path_taken":["R","M","M","M","M","R","T","R","M","?","M","?","R","?","M","BOSS","R","M","M","M","$","?","T","M","E","R","E","R","M","?","M","BOSS","R","M","$","?","M","$","T","?","R","?","M","M","R","M","M","BOSS"],"items_purchased_type":["Card","Relic","Card","Card","Relic","Relic","Card"],"build_version":"2020-12-22","purchased_purges":0,"victory":true,"max_hp_per_floor":[65,65,65,65,65,65,65,65,65,65,65,65,65,65,65,65,65,65,65,65,65,65,65,65,65,65,65,65,65,65,65,65,65,65,65,65,65,68,71,71,78,78,78,68,68,68,68,68,68,68],"card_choices":[{"not_picked":["Slimebound:LeadByExample","Slimebound:LeechEnergy"],"picked":"Slimebound:RejuvenatingLick","floor":2.0},{"not_picked":["Slimebound:PressTheAttack","Slimebound:SplitLeeching"],"picked":"Slimebound:Grow","floor":3.0},{"not_picked":["Slimebound:LeechEnergy","Slimebound:DivideAndConquer"],"picked":"Slimebound:Repurpose","floor":4.0},{"not_picked":["Slimebound:GrowthPunch","Slimebound:PressTheAttack"],"picked":"Slimebound:RollThrough","floor":5.0},{"not_picked":["Slimebound:AcidTongue","Slimebound:RollThrough"],"picked":"Slimebound:GoopSpray","floor":9.0},{"not_picked":["Slimebound:GoopSpray","Slimebound:SlimeSpikes"],"picked":"Slimebound:ForwardTackle","floor":11.0},{"not_picked":["Slimebound:SplitLeeching","Slimebound:DisruptingSlam"],"picked":"Slimebound:PressTheAttack","floor":15.0},{"not_picked":["Slimebound:DuplicatedForm","Slimebound:PrepareCrush"],"picked":"Slimebound:DouseInSlime","floor":16.0},{"not_picked":["Slimebound:FormOfPuddle","Slimebound:Schlurp+1"],"picked":"Slimebound:LeechEnergy+1","floor":19.0},{"not_picked":["Slimebound:SlimeTap","Slimebound:Prepare"],"picked":"Slimebound:LivingWall+1","floor":20.0},{"not_picked":["Slimebound:SamplingLick","Slimebound:FinishingTackle"],"picked":"Slimebound:SplitBruiser","floor":21.0},{"not_picked":["Slimebound:HauntingLick","Slimebound:LeechEnergy"],"picked":"Slimebound:LevelUp","floor":22.0},{"not_picked":["Slimebound:PressTheAttack","Slimebound:LivingWall+1"],"picked":"Slimebound:Overexert","floor":25.0},{"not_picked":["Slimebound:PressTheAttack+1","Slimebound:Repurpose"],"picked":"Slimebound:DuplicatedForm","floor":26.0},{"not_picked":["Slimebound:TongueLash","Slimebound:SlimeSpikes"],"picked":"Slimebound:SamplingLick","floor":28.0},{"not_picked":["Slimebound:LeechEnergy","Slimebound:GoopTackle"],"picked":"Slimebound:GoopSpray+1","floor":30.0},{"not_picked":["Slimebound:SplitAcid","Slimebound:MegaLick"],"picked":"Slimebound:LeechLife","floor":31.0},{"not_picked":["Slimebound:GoopTackle","Slimebound:PressTheAttack"],"picked":"Slimebound:FinishingTackle","floor":32.0},{"not_picked":["Slimebound:FirmFortitude","Slimebound:SelfFormingGoo"],"picked":"Slimebound:MassFeed","floor":33.0},{"not_picked":["Slimebound:SplitLeeching","Slimebound:LeechingTouch"],"picked":"Slimebound:HauntingLick+1","floor":36.0},{"not_picked":["Slimebound:DisruptingSlam","Slimebound:RollThrough"],"picked":"Slimebound:Chomp+1","floor":37.0},{"not_picked":["Slimebound:SlimeSpikes+1","Slimebound:LeechEnergy"],"picked":"Slimebound:SlimeBarrage+1","floor":39.0},{"not_picked":["Slimebound:LivingWall+1","Slimebound:HauntingLick"],"picked":"Slimebound:Repurpose","floor":40.0},{"not_picked":["Slimebound:DivideAndConquer+1","Slimebound:Chomp"],"picked":"Slimebound:SplitMire+1","floor":42.0},{"not_picked":["Slimebound:SplitLeeching","Slimebound:GoopTackle+1"],"picked":"Slimebound:Prepare+1","floor":45.0},{"not_picked":["Slimebound:RollThrough","Slimebound:FinishingTackle+1","Slimebound:Grow+1"],"picked":"SKIP","floor":46},{"not_picked":["Slimebound:Chomp","Slimebound:SamplingLick"],"picked":"Slimebound:GoopTackle+1","floor":48}],"player_experience":178833,"relics_obtained":[{"floor":7.0,"key":"Art of War"},{"floor":24.0,"key":"Eternal Feather"},{"floor":26.0,"key":"Anchor"},{"floor":28.0,"key":"Pocketwatch"},{"floor":38.0,"key":"Girya"},{"floor":41.0,"key":"Strawberry"},{"floor":42.0,"key":"Shovel"},{"floor":43.0,"key":"Torii"},{"floor":47,"key":"Happy Flower"}],"event_choices":[{"damage_healed":0.0,"max_hp_gain":0.0,"max_hp_loss":0.0,"gold_gain":0.0,"event_name":"Mysterious Sphere","player_choice":"Fight","floor":42.0,"gold_loss":0.0,"damage_taken":0.0}],"is_beta":false,"boss_relics":[{"not_picked":["Coffee Dripper","SlaversCollar"],"picked":"bronze:MakeshiftBattery"},{"not_picked":["Calling Bell","Black Star"],"picked":"Runic Pyramid"}],"items_purged_floors":[],"is_endless":false,"potions_floor_spawned":[2,9,11,16,20,21,25,28,30,36,39,42,45,46],"ascension_level":0}}