{"host":"trw84khdytc0ixrp","time":1612450209,"event":{"mods":["BaseMod","Downfall","Minty Spire (QoL Compilation)","StSLib"],"gold_per_floor":[99,111,261,271,281,40,40,59,88,103,103,103,130,37,56,156,156,56,56,56,74,89,106,132,32,52,81,92,92,123,123,140,245,245,145,156,169,169,169,180,180,194,205,231,231,231,62,76,76,76,76,108,3,3,3,3,3,3],"floor_reached":56,"language":"ENG","playtime":11925,"items_purged":["downfall:Icky"],"score":860,"play_id":"7077677d-d912-4062-b7e2-1c33f08c6ac3","local_time":"20210204155009","is_ascension_mode":false,"campfire_choices":[{"floor":1.0,"key":"RECALL"},{"data":"hexamod:ForkedFlame","floor":18.0,"key":"SMITH"},{"data":"hexamod:InspiringFlames","floor":25.0,"key":"SMITH"},{"data":"hexamod:HeatShield","floor":29,"key":"SMITH"},{"data":"hexamod:UnlimitedPower","floor":35,"key":"SMITH"},{"data":"Writhe","floor":46,"key":"PURGE"},{"floor":54,"key":"REST"}],"circlet_count":0,"master_deck":["hexamod:Strike","hexamod:Strike","hexamod:Strike","hexamod:Defend","hexamod:Defend","hexamod:Defend","hexamod:Defend","hexamod:Sear","hexamod:Float","hexamod:HauntingEcho","hexamod:SkipABeat","hexamod:EmpoweredFlame","hexamod:Hexaguard","hexamod:ShieldOfDarkness","hexamod:FourthSeal","hexamod:SpectralAdrenaline","hexamod:SpectersWail","hexamod:Hexaguard","hexamod:Again","hexamod:ForkedFlame+1","hexamod:HauntingEcho","hexamod:HexaLevel+1","hexamod:HeatShield+1","hexamod:InspiringFlames+1","hexamod:StepThrough","hexamod:GhostOfSpireFuture+1","hexamod:ShieldOfDarkness+1","hexamod:UnlimitedPower+1","expansioncontent:AwakenDeath","expansioncontent:AwakenDeath","hexamod:PhantomCloak+1","hexamod:GhostflameInferno+1","hexamod:InspiringFlames+1","hexamod:Hexaguard+1","hexamod:HeatMetal+1","hexamod:GhostOfSpireFuture+1","hexamod:HauntingEcho+1","hexamod:GhostOfSpirePresent"],"relics":["hexamod:UnbrokenSoul","Bag of Marbles","StoneCalendar","Velvet Choker","downfall:HeartBlessingRed","FossilizedHelix","Potion Belt","downfall:HeartBlessingBlue","Pear","Peace Pipe","downfall:HeartBlessingGreen","Toxic Egg 2","Anchor","Orrery","InkBottle"],"acts_visited":["Exordium","TheCity","TheBeyond","TheEnding"],"potions_floor_usage":[30,31,33,33,40,44,48,49,50,50,55,56],"damage_taken":[{"damage":0.0,"enemies":"2 Louse","floor":2.0,"turns":3.0},{"damage":0.0,"enemies":"Cultist","floor":4.0,"turns":3.0},{"damage":0.0,"enemies":"Small Slimes","floor":5.0,"turns":4.0},{"damage":5.0,"enemies":"downfall:FleeingMerchant","floor":6.0,"turns":4.0},{"damage":0.0,"enemies":"3 Louse","floor":8.0,"turns":3.0},{"damage":3.0,"enemies":"Lagavulin","floor":9.0,"turns":7.0},{"damage":1.0,"enemies":"Red Slaver","floor":10.0,"turns":4.0},{"damage":7.0,"enemies":"Gremlin Nob","floor":13.0,"turns":3.0},{"damage":0.0,"enemies":"downfall:FleeingMerchant","floor":14.0,"turns":4.0},{"damage":0.0,"enemies":"Exordium Thugs","floor":15.0,"turns":4.0},{"damage":13.0,"enemies":"DF_ARCHETYPE_STREAMLINE","floor":16.0,"turns":7.0},{"damage":2.0,"enemies":"3 Byrds","floor":21.0,"turns":3.0},{"damage":0.0,"enemies":"Spheric Guardian","floor":22.0,"turns":4.0},{"damage":7.0,"enemies":"Snake Plant","floor":23.0,"turns":4.0},{"damage":0.0,"enemies":"Centurion and Healer","floor":26.0,"turns":4.0},{"damage":20.0,"enemies":"Slavers","floor":27.0,"turns":7.0},{"damage":0,"enemies":"Sentry and Sphere","floor":28,"turns":6},{"damage":25,"enemies":"Gremlin Leader","floor":30,"turns":8},{"damage":0,"enemies":"Snake Plant","floor":31,"turns":1},{"damage":0,"enemies":"Chosen and Byrds","floor":32,"turns":7},{"damage":38,"enemies":"WA_ARCHETYPE_CALM","floor":33,"turns":9},{"damage":22,"enemies":"3 Darklings","floor":36,"turns":7},{"damage":11,"enemies":"3 Shapes","floor":37,"turns":4},{"damage":24,"enemies":"Sphere and 2 Shapes","floor":40,"turns":7},{"damage":0,"enemies":"Transient","floor":42,"turns":5},{"damage":42,"enemies":"3 Darklings","floor":43,"turns":7},{"damage":57,"enemies":"Nemesis","floor":44,"turns":9},{"damage":0,"enemies":"downfall:FleeingMerchant","floor":47,"turns":4},{"damage":0,"enemies":"Sphere and 2 Shapes","floor":48,"turns":4},{"damage":0,"enemies":"Writhing Mass","floor":49,"turns":1},{"damage":7,"enemies":"SI_POISON_ARCHETYPE","floor":50,"turns":9},{"damage":174,"enemies":"downfall:CharBossMerchant","floor":52,"turns":11},{"damage":53,"enemies":"downfall:NeowBoss","floor":55,"turns":19},{"damage":51,"enemies":"downfall:NeowBossFinal","floor":56,"turns":3}],"seed_played":"5986525171893543653","potions_obtained":[{"floor":5.0,"key":"champ:CounterPotion"},{"floor":8.0,"key":"Regen Potion"},{"floor":9.0,"key":"Dexterity Potion"},{"floor":9.0,"key":"ColorlessPotion"},{"floor":10.0,"key":"Fruit Juice"},{"floor":10.0,"key":"Block Potion"},{"floor":12.0,"key":"EssenceOfSteel"},{"floor":12.0,"key":"PowerPotion"},{"floor":13.0,"key":"AttackPotion"},{"floor":14.0,"key":"SkillPotion"},{"floor":15.0,"key":"Fire Potion"},{"floor":15.0,"key":"DistilledChaos"},{"floor":21.0,"key":"Block Potion"},{"floor":23.0,"key":"ColorlessPotion"},{"floor":23.0,"key":"SkillPotion"},{"floor":27.0,"key":"SmokeBomb"},{"floor":27.0,"key":"EssenceOfSteel"},{"floor":28,"key":"Dexterity Potion"},{"floor":32,"key":"SpeedPotion"},{"floor":33,"key":"Energy Potion"},{"floor":36,"key":"SmokeBomb"},{"floor":37,"key":"Guardian:BlockOnCardUsePotion"},{"floor":40,"key":"Slimebound:ThreeZeroPotion"},{"floor":44,"key":"SkillPotion"},{"floor":47,"key":"hexamod:EctoCoolerPotion"},{"floor":52,"key":"champ:CounterPotion"},{"floor":52,"key":"SteroidPotion"}],"is_trial":false,"path_per_floor":["R","M","?","M","M","$","T","M","E","M","?","?","E","$","M","B",null,"R","?","?","M","M","M","T","R","M","E","M","R","E","M","M","B",null,"R","M","M","?","?","M","T","M","M","E","?","R","$","M","M","B",null,"E","$","R","B","B"],"character_chosen":"THE_SPIRIT","items_purchased":["hexamod:Hexaguard","hexamod:ShieldOfDarkness","hexamod:FourthSeal","hexamod:ForkedFlame","Orrery","CultistPotion"],"campfire_rested":1,"item_purchase_floors":[6,6,6,14,47,53],"current_hp_per_floor":[77,77,77,77,77,72,72,72,69,82,82,82,75,75,75,62,82,82,82,74,72,72,65,65,75,75,65,65,65,40,40,40,2,102,102,80,69,69,64,40,40,40,40,40,40,40,40,40,40,33,102,4,4,34,21,0,0,0],"gold":3,"neow_bonus":"TEN_PERCENT_HP_BONUS","is_daily":false,"chose_seed":false,"campfire_upgraded":4,"win_rate":0.0,"timestamp":1612450209,"path_taken":["R","M","?","M","M","$","T","M","E","M","?","?","E","$","M","BOSS","R","?","?","?","M","M","T","R","M","E","M","R","E","M","M","BOSS","R","M","M","?","?","M","T","M","M","E","?","R","$","?","M","BOSS","E","$","R","BOSS","BOSS"],"items_purchased_type":["Card","Card","Card","Card","Relic","Potion"],"build_version":"2020-12-22","purchased_purges":1,"victory":false,"max_hp_per_floor":[77,77,77,77,77,77,77,77,77,82,82,82,82,82,82,82,82,82,82,82,82,82,82,82,92,92,102,102,102,102,102,102,102,102,102,102,102,102,102,102,102,102,102,102,102,102,102,102,102,102,102,102,102,102,102,102,102,102],"card_choices":[{"not_picked":["hexamod:RainOfEmbers","hexamod:GhostShield"],"picked":"hexamod:HauntingEcho","floor":2.0},{"not_picked":["hexamod:FastForward","hexamod:HauntingEcho"],"picked":"hexamod:SkipABeat","floor":4.0},{"not_picked":["hexamod:Rewind","hexamod:GhostLash"],"picked":"hexamod:EmpoweredFlame","floor":5.0},{"not_picked":["hexamod:HeatShield","hexamod:BurningTouch"],"picked":"hexamod:Rewind","floor":6.0},{"not_picked":["hexamod:NightmareStrike","hexamod:SwordOfDarkness"],"picked":"hexamod:SpectralAdrenaline","floor":8.0},{"not_picked":["hexamod:Hexaguard","hexamod:VolcanoVisage"],"picked":"hexamod:SpectersWail","floor":9.0},{"not_picked":["hexamod:HauntingEcho","hexamod:AdvancingGuard"],"picked":"hexamod:Hexaguard","floor":10.0},{"not_picked":["hexamod:SpectersWail","hexamod:ShieldOfDarkness"],"picked":"hexamod:Again","floor":13.0},{"not_picked":["hexamod:FastForward","hexamod:GhostShield","hexamod:UnleashSpirits"],"picked":"SKIP","floor":14.0},{"not_picked":["hexamod:GhostLash","hexamod:NightmareGuise"],"picked":"hexamod:HauntingEcho","floor":15.0},{"not_picked":["hexamod:WildfireWeapon","hexamod:TimeWarp"],"picked":"hexamod:HexaLevel","floor":16.0},{"not_picked":["hexamod:GhostShield","hexamod:FastForward"],"picked":"hexamod:HeatShield","floor":21.0},{"not_picked":["hexamod:SpectersWail","hexamod:ThermalTransfer","hexamod:UnleashSpirits"],"picked":"SKIP","floor":22.0},{"not_picked":["hexamod:SoulSteal+1","hexamod:SpectersWail+1"],"picked":"hexamod:InspiringFlames","floor":23.0},{"not_picked":["hexamod:Firestarter","hexamod:SwordOfDarkness+1","hexamod:BacktrackSmack"],"picked":"SKIP","floor":26.0},{"not_picked":["hexamod:GhostLash","hexamod:Again"],"picked":"hexamod:StepThrough","floor":27.0},{"not_picked":["hexamod:Firestarter","hexamod:ThermalTransfer+1"],"picked":"hexamod:GhostOfSpireFuture+1","floor":28},{"not_picked":["hexamod:RecurringNightmare","hexamod:PhantomFireball"],"picked":"hexamod:ShieldOfDarkness+1","floor":30},{"not_picked":["hexamod:SpectersWail","hexamod:ThermalTransfer","hexamod:BacktrackSmack+1"],"picked":"SKIP","floor":32},{"not_picked":["hexamod:SixthSeal","hexamod:TurnItUp"],"picked":"hexamod:UnlimitedPower","floor":33},{"not_picked":["hexamod:Firestarter+1","hexamod:PhantomFireball+1","hexamod:BacktrackSmack"],"picked":"SKIP","floor":36},{"not_picked":["hexamod:GhostLash+1","hexamod:ThermalTransfer+1","hexamod:HeatMetal+1"],"picked":"SKIP","floor":37},{"not_picked":["expansioncontent:PolyBeam","expansioncontent:YouAreMine"],"picked":"expansioncontent:AwakenDeath","floor":39},{"not_picked":["expansioncontent:GuardianWhirl","expansioncontent:HyperBeam"],"picked":"expansioncontent:AwakenDeath","floor":39},{"not_picked":["hexamod:SpectersWail","hexamod:BacktrackSmack+1","hexamod:Firestarter+1"],"picked":"SKIP","floor":40},{"not_picked":["hexamod:DynamicBlow+1","hexamod:HeatCrush+1","hexamod:FifthSeal"],"picked":"SKIP","floor":42},{"not_picked":["hexamod:HauntingEcho","hexamod:Firestarter"],"picked":"hexamod:PhantomCloak+1","floor":43},{"not_picked":["hexamod:FastForward+1","hexamod:ChargedBarrage+1"],"picked":"hexamod:GhostflameInferno+1","floor":44},{"not_picked":["hexamod:ThermalTransfer+1","hexamod:Firestarter+1","hexamod:Again+1"],"picked":"SKIP","floor":47},{"not_picked":["hexamod:ThermalTransfer+1","hexamod:SwordOfDarkness+1"],"picked":"hexamod:Hexaguard+1","floor":47},{"not_picked":["hexamod:SpectersWail","hexamod:FirstSeal"],"picked":"hexamod:HeatMetal+1","floor":47},{"not_picked":["hexamod:FastForward+1","hexamod:DynamicBlow"],"picked":"hexamod:GhostOfSpireFuture+1","floor":47},{"not_picked":["hexamod:FastForward+1","hexamod:NightmareGuise+1"],"picked":"hexamod:HauntingEcho+1","floor":47},{"not_picked":["hexamod:BurningTouch+1","hexamod:Firestarter"],"picked":"hexamod:GhostOfSpirePresent","floor":48},{"not_picked":["hexamod:BurningTouch+1","hexamod:NightmareStrike+1","hexamod:SkipABeat+1"],"picked":"SKIP","floor":52}],"player_experience":17731,"relics_obtained":[{"floor":9.0,"key":"Bag of Marbles"},{"floor":13.0,"key":"StoneCalendar"},{"floor":24.0,"key":"Potion Belt"},{"floor":27.0,"key":"Pear"},{"floor":30,"key":"Peace Pipe"},{"floor":41,"key":"Toxic Egg 2"},{"floor":44,"key":"Anchor"},{"floor":52,"key":"InkBottle"}],"event_choices":[{"damage_healed":0.0,"max_hp_gain":0.0,"max_hp_loss":0.0,"gold_gain":0.0,"event_name":"Lab","player_choice":"Got Potions","floor":12.0,"gold_loss":0.0,"damage_taken":0.0}],"is_beta":false,"boss_relics":[{"not_picked":["Fusion Hammer","Runic Pyramid"],"picked":"Velvet Choker"},{"not_picked":["Busted Crown","SlaversCollar"],"picked":"hexamod:UnbrokenSoul"}],"items_purged_floors":[6],"is_endless":false,"potions_floor_spawned":[5,8,9,10,15,23,27,31,33,36,37,49,52],"killed_by":"downfall:NeowBossFinal","ascension_level":0}}