{"host":"spdqkj9ykratwava","time":1612422006,"event":{"mods":["BaseMod","Block Reminder","Minty Spire (QoL Compilation)","Remilia??????","Slay the Relics Exporter","StSLib"],"gold_per_floor":[111,111,122,139,152,180,180,213,237,271,114,125,175,195,195,269,269,269,209,209,209,209,209,209,209,209,209,209,209,209,209,209,209,209,209,159,159,159,159,159,159,159,159,159,159,159,159,159,159,159,159,159],"floor_reached":51,"language":"ENG","playtime":2750,"items_purged":["Strike_RM"],"score":1634,"play_id":"6455f858-6667-4589-8607-7ec8e950b5de","local_time":"20210203230006","is_ascension_mode":true,"campfire_choices":[{"data":"Maim","floor":7.0,"key":"SMITH"},{"data":"FitfulNightmare","floor":15.0,"key":"SMITH"},{"data":"EquivalentExchange","floor":25.0,"key":"SMITH"},{"data":"CeilingFear","floor":32.0,"key":"SMITH"},{"floor":41.0,"key":"REST"},{"data":"DemonKingCradle","floor":44.0,"key":"SMITH"},{"floor":49.0,"key":"RECALL"}],"circlet_count":0,"master_deck":["AscendersBane","Strike_RM","Strike_RM+1","Strike_RM","Defend_RM","Defend_RM","Defend_RM","RedMoon+1","ScarletShoot","DiffusionOfMisfortune","VampireKiss+1","FitfulNightmare+1","Maim+1","ScarletCoffin+1","Stigmanizer+1","VampireSweep+1","ScarletNetherworld+1","Maim","HunterOfTheNight+1","CeilingFear+1","MillenniumVampire+1","ScarletGensokyo","UnstableMagic","EquivalentExchange+1","VampireFantasy","HeartBreak+1","ScarletImprint+1","MiserableFate","Writhe","DemonKingCradle+1","DiffusionOfMisfortune+1","Regret"],"relics":["ScarletHat","TypeBBloodRedTea","Molten Egg 2","Smiling Mask","MealTicket","Tiny Chest","Ectoplasm","Gremlin Horn","Strawberry","Old Coin","Bag of Preparation","Eternal Feather","Black Star","InkBottle","Ornamental Fan","Singing Bowl","Bottled Lightning","Art of War","AntiCross","Orichalcum","Darkstone Periapt","Ancient Tea Set"],"acts_visited":["Exordium","TheCity","TheBeyond"],"potions_floor_usage":[51],"damage_taken":[{"damage":0.0,"enemies":"Jaw Worm","floor":1.0,"turns":4.0},{"damage":0.0,"enemies":"Cultist","floor":3.0,"turns":4.0},{"damage":0.0,"enemies":"2 Louse","floor":4.0,"turns":4.0},{"damage":0.0,"enemies":"Blue Slaver","floor":5.0,"turns":3.0},{"damage":17.0,"enemies":"3 Sentries","floor":6.0,"turns":17.0},{"damage":22.0,"enemies":"Lagavulin","floor":8.0,"turns":7.0},{"damage":12.0,"enemies":"3 Sentries","floor":10.0,"turns":6.0},{"damage":5.0,"enemies":"Large Slime","floor":12.0,"turns":5.0},{"damage":0.0,"enemies":"Exordium Wildlife","floor":14.0,"turns":3.0},{"damage":42.0,"enemies":"Slime Boss","floor":16.0,"turns":15.0},{"damage":0.0,"enemies":"Spheric Guardian","floor":18.0,"turns":4.0},{"damage":3.0,"enemies":"2 Thieves","floor":19.0,"turns":4.0},{"damage":31.0,"enemies":"Snecko","floor":22.0,"turns":4.0},{"damage":5.0,"enemies":"Slavers","floor":23.0,"turns":4.0},{"damage":1.0,"enemies":"Snake Plant","floor":24.0,"turns":4.0},{"damage":34.0,"enemies":"Gremlin Leader","floor":27.0,"turns":5.0},{"damage":0.0,"enemies":"Centurion and Healer","floor":28.0,"turns":6.0},{"damage":4.0,"enemies":"Chosen and Byrds","floor":29.0,"turns":6.0},{"damage":22.0,"enemies":"Book of Stabbing","floor":30.0,"turns":6.0},{"damage":9.0,"enemies":"Snake Plant","floor":31.0,"turns":4.0},{"damage":10.0,"enemies":"Automaton","floor":33.0,"turns":10.0},{"damage":36.0,"enemies":"3 Darklings","floor":35.0,"turns":6.0},{"damage":0.0,"enemies":"Orb Walker","floor":37.0,"turns":3.0},{"damage":64.0,"enemies":"4 Shapes","floor":38.0,"turns":7.0},{"damage":29.0,"enemies":"Nemesis","floor":40.0,"turns":9.0},{"damage":54.0,"enemies":"Reptomancer","floor":42.0,"turns":8.0},{"damage":16.0,"enemies":"Nemesis","floor":48.0,"turns":3.0},{"damage":68,"enemies":"Time Eater","floor":50,"turns":8},{"damage":53,"enemies":"Awakened One","floor":51,"turns":5}],"seed_played":"-5321333755630387881","potions_obtained":[{"floor":6.0,"key":"Regen Potion"},{"floor":8.0,"key":"ColorlessPotion"},{"floor":19.0,"key":"EntropicBrew"}],"is_trial":false,"path_per_floor":["M","?","M","M","M","E","R","E","T","E","$","M","?","M","R","B",null,"M","M","?","T","M","E","M","R","T","E","M","M","E","M","R","B",null,"M","$","M","M","?","E","R","E","T","R","?","?","T","E","R","B","B"],"character_chosen":"REMILIA","items_purchased":["ScarletNetherworld","Maim"],"campfire_rested":1,"item_purchase_floors":[11,11],"current_hp_per_floor":[63,52,55,59,63,48,48,35,35,30,45,48,42,49,49,48,59,63,63,63,63,40,53,56,56,56,39,51,58,51,47,62,63,68,44,59,63,7,21,15,54,25,25,43,43,43,43,32,50,32,0,0],"gold":159,"neow_bonus":"ONE_RARE_RELIC","is_daily":false,"chose_seed":false,"campfire_upgraded":5,"win_rate":0.0,"timestamp":1612422006,"path_taken":["M","?","M","M","M","E","R","E","T","E","$","M","?","?","R","BOSS","M","M","?","?","M","E","M","R","T","E","M","M","E","M","R","BOSS","M","$","M","M","?","E","R","E","T","R","?","?","?","E","R","BOSS","BOSS"],"items_purchased_type":["Card","Card"],"build_version":"2020-12-22","purchased_purges":1,"victory":false,"max_hp_per_floor":[63,63,63,63,63,63,63,63,63,63,63,63,63,63,63,63,63,63,63,63,63,63,70,70,70,70,70,70,70,70,70,70,70,70,70,70,70,70,70,70,70,70,70,70,70,70,70,72,72,72,72,72],"card_choices":[{"not_picked":["VampireKiss","CharismaGuard"],"picked":"DiffusionOfMisfortune","floor":1.0},{"not_picked":["RedMagic","EndlessAdversity+1"],"picked":"VampireKiss+1","floor":3.0},{"not_picked":["EmergencyRegeneration","ScarletDevil+1"],"picked":"FitfulNightmare","floor":4.0},{"not_picked":["MastersStateliness","FavorOfDestiny"],"picked":"Maim","floor":5.0},{"not_picked":["UnstableMagic","ScarletDevil+1"],"picked":"ScarletCoffin+1","floor":6.0},{"not_picked":["RedMagic","BombardNight+1"],"picked":"Stigmanizer+1","floor":8.0},{"not_picked":["UnderTheZenith","ScarletDream"],"picked":"VampireSweep+1","floor":10.0},{"not_picked":["ScarletNetherworld","Ultimatum+1"],"picked":"HunterOfTheNight+1","floor":12.0},{"not_picked":["UltimateOffering+1","CharismaGuard","ForbiddenFruit"],"picked":"SKIP","floor":14.0},{"not_picked":["BloodySeventeenLaser+1","CurseOfVladTepes"],"picked":"CeilingFear","floor":16.0},{"not_picked":["UnderTheZenith","StarOfDavid+1"],"picked":"MillenniumVampire+1","floor":18.0},{"not_picked":["CharismaGuard","StarOfDavid+1"],"picked":"ScarletGensokyo","floor":19.0},{"not_picked":["VampireSweep+1","FavorOfDestiny"],"picked":"UnstableMagic","floor":22.0},{"not_picked":["MiserableFate","ScarletGensokyo+1"],"picked":"EquivalentExchange","floor":23.0},{"not_picked":["RedRainbow+1","UnstableMagic"],"picked":"VampireFantasy","floor":24.0},{"not_picked":["Stigmanizer+1","ScarletNetherworld","VampireSweep+1"],"picked":"SKIP","floor":27.0},{"not_picked":["NightLord+1","BlasphemousPunishment","ForbiddenFruit"],"picked":"SKIP","floor":28.0},{"not_picked":["ChainGang+1","StarOfDavid+1","Stigmanizer+1"],"picked":"SKIP","floor":29.0},{"not_picked":["VampireClaw+1","UnderTheZenith","StarOfDavid+1"],"picked":"SKIP","floor":30.0},{"not_picked":["Maim","RedRainbow+1","ScarletDevil+1"],"picked":"SKIP","floor":31.0},{"not_picked":["EquivalentExchange","CeilingFear"],"picked":"HeartBreak+1","floor":33.0},{"not_picked":["FavorOfDestiny+1","VampireKiss+1"],"picked":"ScarletImprint+1","floor":35.0},{"not_picked":["BloodyMagicSquare+1","BombardNight+1"],"picked":"MiserableFate","floor":37.0},{"not_picked":["UnderTheZenith","Stigmanizer+1","ForbiddenFruit"],"picked":"SKIP","floor":38.0},{"not_picked":["Ultimatum+1","BloodHunter+1"],"picked":"DemonKingCradle","floor":40.0},{"not_picked":["UnderTheZenith","VampireKiss+1"],"picked":"DiffusionOfMisfortune+1","floor":42.0},{"not_picked":["ScarletImprint+1","BloodyMagicSquare","NightDance+1"],"picked":"Singing Bowl","floor":48.0}],"player_experience":530360,"relics_obtained":[{"floor":6.0,"key":"Smiling Mask"},{"floor":8.0,"key":"MealTicket"},{"floor":10.0,"key":"Tiny Chest"},{"floor":21.0,"key":"Gremlin Horn"},{"floor":23.0,"key":"Strawberry"},{"floor":26.0,"key":"Old Coin"},{"floor":27.0,"key":"Bag of Preparation"},{"floor":30.0,"key":"Eternal Feather"},{"floor":40.0,"key":"InkBottle"},{"floor":40.0,"key":"Ornamental Fan"},{"floor":42.0,"key":"Singing Bowl"},{"floor":42.0,"key":"Bottled Lightning"},{"floor":42.0,"key":"Art of War"},{"floor":43.0,"key":"AntiCross"},{"floor":47.0,"key":"Orichalcum"},{"floor":48.0,"key":"Darkstone Periapt"},{"floor":48.0,"key":"Ancient Tea Set"}],"event_choices":[{"damage_healed":0.0,"max_hp_gain":0.0,"max_hp_loss":0.0,"gold_gain":0.0,"event_name":"Scrap Ooze","player_choice":"Success","floor":2.0,"gold_loss":0.0,"damage_taken":11.0,"relics_obtained":["Molten Egg 2"]},{"damage_healed":0.0,"max_hp_gain":0.0,"max_hp_loss":0.0,"gold_gain":50.0,"event_name":"FaceTrader","player_choice":"Touch","floor":13.0,"gold_loss":0.0,"damage_taken":6.0},{"damage_healed":0.0,"max_hp_gain":0.0,"max_hp_loss":0.0,"gold_gain":0.0,"event_name":"Ghosts","player_choice":"Ignored","floor":20.0,"gold_loss":0.0,"damage_taken":0.0},{"damage_healed":14.0,"max_hp_gain":0.0,"max_hp_loss":0.0,"gold_gain":0.0,"event_name":"Winding Halls","player_choice":"Writhe","floor":39.0,"gold_loss":0.0,"damage_taken":0.0,"cards_obtained":["Writhe"]},{"cards_removed":["Defend_RM"],"damage_healed":0.0,"max_hp_gain":0.0,"max_hp_loss":0.0,"gold_gain":0.0,"event_name":"Falling","player_choice":"Removed Skill","floor":45.0,"gold_loss":0.0,"damage_taken":0.0},{"damage_healed":0.0,"max_hp_gain":0.0,"max_hp_loss":0.0,"gold_gain":275.0,"event_name":"Golden Shrine","player_choice":"Desecrate","floor":46.0,"gold_loss":0.0,"damage_taken":0.0,"cards_obtained":["Regret"]}],"is_beta":false,"boss_relics":[{"not_picked":["Tiny House","Fusion Hammer"],"picked":"Ectoplasm"},{"not_picked":["Cursed Key","Calling Bell"],"picked":"Black Star"}],"items_purged_floors":[36],"is_endless":false,"potions_floor_spawned":[6,8,12,14,19,22,28,30,31,35,40,42],"killed_by":"Awakened One","ascension_level":20}}