{"host":"lehbxtjrpalkmwwj","time":1612464619,"event":{"mods":["Aspiration","BaseMod","Colored Map","Colored Powertips","Conspire","GungeonMod","KomeijiMod","Lobotomy","Minty Spire (QoL Compilation)","Quick Restart","Replay The Spire","Shop Mod","StSLib","The Cursed","The Poker Player","[IsaacMod]ÒÔÈö¼âËþ"],"gold_per_floor":[112,212,429,439,439,472,485,485,560,578,594,625,262,295,295,399,399,418,518,552,633,633,633],"floor_reached":22,"language":"ZHS","playtime":717,"items_purged":[],"score":227,"play_id":"6ec5297a-cfcc-4489-ac61-87b3ae0099b6","local_time":"20210205025019","is_ascension_mode":false,"campfire_choices":[{"floor":8,"key":"RECALL"},{"data":"DemoMod:Invincible","floor":15,"key":"SMITH"}],"circlet_count":0,"master_deck":["TheCursedMod:Strike_TheCursed","TheCursedMod:Strike_TheCursed","TheCursedMod:Strike_TheCursed","TheCursedMod:Strike_TheCursed","TheCursedMod:Defend_TheCursed","TheCursedMod:Defend_TheCursed","TheCursedMod:Defend_TheCursed","TheCursedMod:Defend_TheCursed","TheCursedMod:CursedWand","TheCursedMod:CleanUpWorkshop","TheCursedMod:Dregs","EpicFetus","TheCursedMod:SurpriseAttack","TheCursedMod:VoidForm","TheCursedMod:TroublousMinions","TheCursedMod:CircleOfAbyss","TheCursedMod:HellsGateOpen","TheCursedMod:SpitefulPlan","TheCursedMod:ReleasedStrength","DemoMod:Invincible+1","TheCursedMod:CircleOfAbyss","TheCursedMod:ForbiddenAlchemy","TheCursedMod:AbyssShockwave","TheCursedMod:CursedAmulet+1"],"relics":["TheCursedMod:BlackMagic101","HushsDoor","GuppysTail","aspiration:Nostalgia","PureWater","BloodBag","ReplayFunnel","DeathBook","Singing Bowl","Replay:Wax Seal","DemoMod:GnawedKey","DemoMod:RingOfEthereal","TheCursedMod:OminousMark","AnarchistCookbook","DemoMod:GlassGuonStoneRelic","Garlic"],"acts_visited":["Exordium","TheCity"],"potions_floor_usage":[14,16,20,22],"damage_taken":[{"damage":1,"enemies":"Cultist","floor":1,"turns":3},{"damage":6,"enemies":"Jaw Worm","floor":4,"turns":3},{"damage":22,"enemies":"Gremlin Nob","floor":6,"turns":5},{"damage":0,"enemies":"Small Slimes","floor":7,"turns":4},{"damage":0,"enemies":"3 Louse","floor":10,"turns":3},{"damage":4,"enemies":"Red Slaver","floor":11,"turns":5},{"damage":0,"enemies":"3 Sentries","floor":12,"turns":1},{"damage":3,"enemies":"Lagavulin","floor":14,"turns":6},{"damage":3,"enemies":"The Guardian","floor":16,"turns":10},{"damage":38,"enemies":"2 Thieves","floor":18,"turns":4},{"damage":35,"enemies":"conspire:MimicChest","floor":20,"turns":7},{"damage":12,"enemies":"3 Byrds","floor":22,"turns":4}],"seed_played":"3547906324254966729","potions_obtained":[{"floor":4,"key":"Block Potion"},{"floor":10,"key":"Swift Potion"},{"floor":11,"key":"DistilledChaos"},{"floor":18,"key":"SteroidPotion"},{"floor":20,"key":"DistilledChaos"}],"is_trial":false,"path_per_floor":["M","?","T","M","?","E","M","R","T","M","M","E","$","E","R","B",null,"M","?","?","T","M"],"character_chosen":"THE_CURSED","items_purchased":["Replay:Wax Seal","DemoMod:GnawedKey","DemoMod:Invincible"],"campfire_rested":0,"item_purchase_floors":[13,13,13],"current_hp_per_floor":[74,74,46,40,40,18,18,18,18,18,14,14,14,11,11,8,82,46,46,11,11,0,0],"gold":633,"neow_bonus":"NOSTALGIA","is_daily":false,"chose_seed":false,"campfire_upgraded":1,"win_rate":0.0,"timestamp":1612464619,"path_taken":["M","?","?","M","?","E","?","R","T","M","M","E","$","E","R","BOSS","M","?","?","?","M"],"items_purchased_type":["Relic","Relic","Card"],"build_version":"2020-12-22","purchased_purges":0,"victory":false,"max_hp_per_floor":[75,75,82,82,82,82,82,82,82,82,82,82,82,82,82,82,82,84,84,84,84,84,84],"card_choices":[{"not_picked":[],"picked":"EpicFetus","floor":0},{"not_picked":["TheCursedMod:Stretching","TheCursedMod:FleshFromBone"],"picked":"TheCursedMod:SurpriseAttack","floor":1},{"not_picked":["TheCursedMod:CursedSpellbook","TheCursedMod:Torture"],"picked":"TheCursedMod:VoidForm","floor":2},{"not_picked":["TheCursedMod:Evocation","TheCursedMod:RavingStaff"],"picked":"TheCursedMod:TroublousMinions","floor":4},{"not_picked":["TheCursedMod:Grudge","TheCursedMod:ManaBullet"],"picked":"TheCursedMod:CircleOfAbyss","floor":6},{"not_picked":["TheCursedMod:TacticalStrike","Bomb"],"picked":"TheCursedMod:HellsGateOpen","floor":7},{"not_picked":["TheCursedMod:CircleOfCorruption","TheCursedMod:RapidMovement","TheCursedMod:CircleOfFlame"],"picked":"SKIP","floor":10},{"not_picked":["TheCursedMod:CircleOfCorruption","TheCursedMod:BlessingInDisguise"],"picked":"TheCursedMod:SpitefulPlan","floor":11},{"not_picked":["TheCursedMod:Wield","TheCursedMod:LuckyCharm"],"picked":"TheCursedMod:ReleasedStrength","floor":12},{"not_picked":["TheCursedMod:FleshFromBone","TheCursedMod:Evocation"],"picked":"TheCursedMod:CircleOfAbyss","floor":14},{"not_picked":["TheCursedMod:DemonicPact","TheCursedMod:ShockAndAwe"],"picked":"TheCursedMod:ForbiddenAlchemy","floor":16},{"not_picked":["TheCursedMod:RapidMovement","TheCursedMod:Obscuration","TheCursedMod:CircleOfCorruption"],"picked":"Singing Bowl","floor":18},{"not_picked":["TheCursedMod:VitalStrike","TheCursedMod:SmokeScreen"],"picked":"TheCursedMod:AbyssShockwave","floor":19},{"not_picked":["TheCursedMod:TacticalStrike","TheCursedMod:VitalStrike"],"picked":"TheCursedMod:CursedAmulet+1","floor":20}],"player_experience":123602,"relics_obtained":[{"floor":3,"key":"BloodDonationMachine"},{"floor":6,"key":"ReplayFunnel"},{"floor":9,"key":"DeathBook"},{"floor":12,"key":"Singing Bowl"},{"floor":14,"key":"DemoMod:RingOfEthereal"},{"floor":20,"key":"AnarchistCookbook"},{"floor":21,"key":"Garlic"}],"event_choices":[{"damage_healed":0,"gold_gain":0,"player_choice":"Ignored","damage_taken":0,"max_hp_gain":0,"max_hp_loss":0,"event_name":"Golden Wing","floor":5,"gold_loss":0}],"is_beta":false,"boss_relics":[{"not_picked":["SlaversCollar","aspiration:FutureDiary"],"picked":"TheCursedMod:OminousMark"},{"not_picked":[]}],"items_purged_floors":[],"is_endless":false,"potions_floor_spawned":[4,10,11,18,20],"killed_by":"3 Byrds","ascension_level":0}}