{"host":"k5fgrtcqzqosfxt0","time":1612426552,"event":{"mods":["Act Like it!","Aspiration","BaseMod","Downfall","Gensokyo","Minty Spire (QoL Compilation)","StSLib","UnlockEverythingMod"],"gold_per_floor":[118,193,193,193,204,204,233,233,306,332,346,358,358,371,371,371,371],"floor_reached":16,"language":"ZHS","playtime":602,"items_purged":[],"score":220,"play_id":"a490db6c-075c-4b6f-8c65-306b9aae7a74","local_time":"20210204161552","is_ascension_mode":true,"campfire_choices":[{"data":"Reflex","floor":6,"key":"SMITH"},{"data":"Flechettes","floor":8,"key":"SMITH"},{"data":"Acrobatics","floor":13,"key":"SMITH"},{"data":"Acrobatics","floor":15,"key":"SMITH"}],"circlet_count":0,"master_deck":["AscendersBane","Strike_G","Strike_G","Strike_G","Strike_G","Defend_G","Defend_G","Defend_G","Defend_G","Defend_G","Survivor","Neutralize","Reflex+1","Die Die Die","Acrobatics+1","Flechettes+1","Acrobatics+1","Backflip"],"relics":["Ring of the Snake","aspiration:Nostalgia","PureWater","Centennial Puzzle","aspiration:FetidBarrel","Pear"],"acts_visited":["Exordium"],"potions_floor_usage":[7,10,16,16],"damage_taken":[{"damage":2,"enemies":"2 Louse","floor":1,"turns":3},{"damage":0,"enemies":"Small Slimes","floor":5,"turns":2},{"damage":22,"enemies":"3 Sentries","floor":7,"turns":10},{"damage":17,"enemies":"Lagavulin","floor":10,"turns":4},{"damage":0,"enemies":"Jaw Worm","floor":11,"turns":2},{"damage":0,"enemies":"Exordium Wildlife","floor":12,"turns":3},{"damage":0,"enemies":"Red Slaver","floor":14,"turns":4},{"damage":29,"enemies":"The Guardian","floor":16,"turns":10}],"seed_played":"7055984745974069233","potions_obtained":[{"floor":1,"key":"AttackPotion"},{"floor":5,"key":"Strength Potion"},{"floor":7,"key":"Block Potion"},{"floor":10,"key":"Block Potion"}],"is_trial":false,"path_per_floor":["M","?","?","?","M","R","E","R","T","E","M","M","R","M","R","B"],"character_chosen":"THE_SILENT","items_purchased":[],"campfire_rested":0,"item_purchase_floors":[],"current_hp_per_floor":[57,46,46,51,51,51,29,29,29,22,22,22,22,22,22,0,0],"gold":371,"neow_bonus":"NOSTALGIA","is_daily":false,"chose_seed":false,"campfire_upgraded":4,"win_rate":0.0,"timestamp":1612426552,"path_taken":["M","?","?","?","M","R","E","R","T","E","M","M","R","M","R","BOSS"],"items_purchased_type":[],"build_version":"2020-12-22","purchased_purges":0,"victory":false,"max_hp_per_floor":[66,66,66,71,71,71,71,71,71,81,81,81,81,81,81,81,81],"card_choices":[{"not_picked":["Crippling Poison","Dodge and Roll"],"picked":"Reflex","floor":1},{"not_picked":["Footwork","Infinite Blades"],"picked":"Acrobatics","floor":5},{"not_picked":["Calculated Gamble","Catalyst"],"picked":"Flechettes","floor":7},{"not_picked":["Underhanded Strike","Noxious Fumes","Flying Knee"],"picked":"SKIP","floor":10},{"not_picked":["Caltrops","Bouncing Flask","Slice"],"picked":"SKIP","floor":11},{"not_picked":["Dodge and Roll","Bane"],"picked":"Acrobatics","floor":12},{"not_picked":["Outmaneuver","Crippling Poison"],"picked":"Backflip","floor":14}],"player_experience":620485,"relics_obtained":[{"floor":7,"key":"Centennial Puzzle"},{"floor":9,"key":"aspiration:FetidBarrel"},{"floor":10,"key":"Pear"}],"event_choices":[{"damage_healed":0,"gold_gain":75,"player_choice":"Gather Gold","damage_taken":11,"max_hp_gain":0,"max_hp_loss":0,"event_name":"World of Goop","floor":2,"gold_loss":0},{"damage_healed":0,"gold_gain":0,"cards_transformed":["Strike_G"],"player_choice":"Change","damage_taken":0,"max_hp_gain":0,"max_hp_loss":0,"event_name":"Living Wall","floor":3,"gold_loss":0,"cards_obtained":["Die Die Die"]},{"damage_healed":0,"gold_gain":0,"player_choice":"Donut","damage_taken":0,"max_hp_gain":5,"max_hp_loss":0,"event_name":"Big Fish","floor":4,"gold_loss":0}],"is_beta":false,"boss_relics":[],"items_purged_floors":[],"is_endless":false,"potions_floor_spawned":[1,5,7,10],"killed_by":"The Guardian","ascension_level":20}}