{"host":"xhm1ik3sxl6w66st","time":1612402987,"event":{"mods":["BaseMod","Colored Powertips","Downfall","Hermit","Minty Spire (QoL Compilation)","READ ME - Guardian Mod","Replay The Spire","StSLib","The Bug Knight","The Cursed","The Disciple","The Jungle","The Servant 0.9.4"],"gold_per_floor":[114,114,124,124,137,137,168,168,168,93,93,103,103,115,115,219,219,237,256,268,87,113,113,128,128,128],"floor_reached":25,"language":"ENG","playtime":3194,"items_purged":["HollowMod:QuickDashStart","HollowMod:ChannelNail"],"score":203,"play_id":"12e51beb-1a0e-4992-9f2f-d83b3239c2eb","local_time":"20210203184307","is_ascension_mode":false,"campfire_choices":[{"data":"HollowMod:MothsMistake","floor":6,"key":"SMITH"},{"data":"HollowMod:TaintedHusks","floor":11,"key":"SMITH"},{"data":"HollowMod:FocusHealStart","floor":13,"key":"SMITH"},{"data":"HollowMod:CloakDash","floor":15,"key":"SMITH"},{"floor":23,"key":"REST"}],"circlet_count":0,"master_deck":["HollowMod:NailStrikeStart","HollowMod:NailStrikeStart","HollowMod:NailStrikeStart","HollowMod:QuickDashStart","HollowMod:QuickDashStart","HollowMod:QuickDashStart","HollowMod:FocusHealStart+1","HollowMod:PogoStrike","HollowMod:MothsMistake+1","HollowMod:CloakDash","HollowMod:CycloneSlash","HollowMod:TaintedHusks+1","HollowMod:CloakDash+1","HollowMod:Grubsong","HollowMod:Weaversong","HollowMod:DoubleDash+1","HollowMod:InfectedCysts","HollowMod:LifebloodCocoon+1","HollowMod:InfectedCysts+1"],"relics":["HollowMod:VesselMask","NeowsBlessing","HollowMod:StagPassRelic","Snack Pack","Bottled Lightning","Replay:Fungal Core","Juzu Bracelet"],"acts_visited":["Exordium","TheCity"],"potions_floor_usage":[7,7,20,20,25],"damage_taken":[{"damage":0,"enemies":"Small Slimes","floor":1,"turns":1},{"damage":0,"enemies":"Jaw Worm","floor":3,"turns":1},{"damage":0,"enemies":"Cultist","floor":5,"turns":1},{"damage":15,"enemies":"Gremlin Nob","floor":7,"turns":3},{"damage":10,"enemies":"3 Louse","floor":12,"turns":2},{"damage":0,"enemies":"Gremlin Gang","floor":14,"turns":3},{"damage":56,"enemies":"Slime Boss","floor":16,"turns":7},{"damage":28,"enemies":"Shell Parasite","floor":18,"turns":5},{"damage":34,"enemies":"3 Byrds","floor":19,"turns":6},{"damage":25,"enemies":"Snake Plant","floor":20,"turns":4},{"damage":16,"enemies":"Centurion and Healer","floor":24,"turns":4},{"damage":23,"enemies":"Cultist and Chosen","floor":25,"turns":4}],"seed_played":"-3327874260824247652","potions_obtained":[{"floor":1,"key":"champ:CounterPotion"},{"floor":5,"key":"hexamod:SoulburnPotion"},{"floor":7,"key":"GamblersBrew"},{"floor":18,"key":"ColorlessPotion"},{"floor":19,"key":"LiquidMemories"},{"floor":24,"key":"EssenceOfSteel"}],"is_trial":false,"path_per_floor":["M","?","M","?","M","R","E","?","T","$","R","M","R","M","R","B",null,"M","M","M","$","T","R","M","M"],"character_chosen":"THE_BUGKNIGHT","items_purchased":["HollowMod:LifebloodCocoon+1","HollowMod:InfectedCysts"],"campfire_rested":1,"item_purchase_floors":[21,21],"current_hp_per_floor":[75,75,75,75,75,75,60,60,60,60,60,54,54,56,56,10,75,55,29,10,10,10,32,16,0,0],"gold":128,"neow_bonus":"THREE_ENEMY_KILL","is_daily":false,"chose_seed":false,"campfire_upgraded":4,"win_rate":0.0,"timestamp":1612402987,"path_taken":["M","?","M","?","?","R","E","?","T","$","R","M","R","M","R","BOSS","M","?","M","$","?","R","M","M"],"items_purchased_type":["Card","Card"],"build_version":"2020-12-22","purchased_purges":2,"victory":false,"max_hp_per_floor":[75,75,75,75,75,75,75,75,75,75,75,75,75,75,75,75,75,75,75,75,75,75,75,75,75,75],"card_choices":[{"not_picked":["HollowMod:LifebloodCocoon","HollowMod:InfectedCysts"],"picked":"HollowMod:MothsMistake","floor":1},{"not_picked":["HollowMod:SharpenedShadows","HollowMod:NewLittleFool"],"picked":"HollowMod:CloakDash","floor":3},{"not_picked":["HollowMod:SoulStrike","HollowMod:DreamGate"],"picked":"HollowMod:CycloneSlash","floor":5},{"not_picked":["HollowMod:VengefulVoid","HollowMod:SoulEater"],"picked":"HollowMod:TaintedHusks","floor":7},{"not_picked":["HollowMod:ChannelNail","HollowMod:SiblingsShadow"],"picked":"HollowMod:CloakDash","floor":12},{"not_picked":["HollowMod:ShadowDash","HollowMod:HeavyBlow"],"picked":"HollowMod:Grubsong","floor":14},{"not_picked":["HollowMod:MidwifesHunger","HollowMod:Hiveblood"],"picked":"HollowMod:Weaversong","floor":16},{"not_picked":["HollowMod:VengefulVoid","HollowMod:DescendingDark"],"picked":"HollowMod:DoubleDash+1","floor":18},{"not_picked":["HollowMod:DescendingDark","HollowMod:BlackTendrils"],"picked":"HollowMod:ChannelNail","floor":19},{"not_picked":["HollowMod:InfectedAttack","HollowMod:SiblingsSouls"],"picked":"HollowMod:InfectedCysts","floor":20},{"not_picked":["HollowMod:SharpenedNail","HollowMod:CornifersMapStart","HollowMod:PureNailStrike+1"],"picked":"SKIP","floor":24}],"player_experience":170180,"relics_obtained":[{"floor":7,"key":"HollowMod:StagPassRelic"},{"floor":9,"key":"Bottled Lightning"},{"floor":22,"key":"Juzu Bracelet"}],"event_choices":[{"damage_healed":0,"gold_gain":0,"player_choice":"Leave","damage_taken":0,"max_hp_gain":0,"max_hp_loss":0,"event_name":"The Cleric","floor":2,"gold_loss":0},{"cards_removed":["HollowMod:NailStrikeStart"],"damage_healed":0,"gold_gain":0,"player_choice":"Purged","damage_taken":0,"max_hp_gain":0,"max_hp_loss":0,"event_name":"Purifier","floor":4,"gold_loss":0},{"damage_healed":0,"gold_gain":0,"player_choice":"Gave Potion","damage_taken":0,"relics_obtained":["Snack Pack"],"max_hp_gain":0,"max_hp_loss":0,"event_name":"WeMeetAgain","floor":8,"gold_loss":0}],"is_beta":false,"boss_relics":[{"not_picked":["Coffee Dripper","Sozu"],"picked":"Replay:Fungal Core"}],"items_purged_floors":[10,21],"is_endless":false,"potions_floor_spawned":[1,5,7,18,19,24],"killed_by":"Cultist and Chosen","ascension_level":0}}