{"host":"23gyny81b1bad9en","time":1612436628,"event":{"mods":["BaseMod","Minty Spire (QoL Compilation)","StSLib","[IsaacMod]ÒÔÈö¼âËþ"],"gold_per_floor":[118,118,68,79,90,118,134,146,215,215,246,81,36,55,55,154,154,164,214,232,232,232,232,258,272,272,272,300,106,120,135,135,231,231,241,53,70,70,86,86,86,86,112,136,148,189,220,282,294,306],"floor_reached":51,"language":"ZHS","playtime":4834,"items_purged":["Strike_R","Strike_R"],"score":1127,"play_id":"1c9fe668-0eec-4fcf-b799-282e20028aae","local_time":"20210204190348","is_ascension_mode":true,"campfire_choices":[{"data":"Uppercut","floor":10.0,"key":"SMITH"},{"data":"Heavy Blade","floor":15.0,"key":"SMITH"},{"floor":23.0,"key":"REST"},{"floor":27.0,"key":"REST"},{"floor":32.0,"key":"REST"},{"data":"BloodyBrimstone","floor":40,"key":"SMITH"},{"data":"Pummel","floor":42,"key":"SMITH"},{"floor":49,"key":"REST"}],"circlet_count":0,"master_deck":["AscendersBane","Strike_R","Defend_R","Defend_R","Defend_R","Defend_R","BloodyBrimstone+1","Headbutt","Pummel","Uppercut+1","Heavy Blade+1","Flex","Pummel+1","Trip+1","Flex+1","Limit Break+1","Inflame+1","Ghostly Armor+1","Impervious+1","Dark Shackles+1","Iron Wave+1","Spot Weakness+1","Dropkick","Madness+1","Battle Trance+1","Seeing Red+1","Impervious+1","Rampage","Cleave","Rampage","Metallicize+1","Sentinel+1"],"relics":["Burning Blood","HushsDoor","KeepersGift","NeowsBlessing","Art of War","Toxic Egg 2","InkBottle","Empty Cage","Frozen Egg 2","Tiny Chest","Red Skull","Self Forming Clay","PreservedInsect","MagicMushroom","Lee\u0027s Waffle","Omamori","MawBank","Torii","GuppysTail"],"acts_visited":["Exordium","TheCity","TheBeyond"],"potions_floor_usage":[50],"damage_taken":[{"damage":0.0,"enemies":"Cultist","floor":1.0,"turns":1.0},{"damage":0.0,"enemies":"Small Slimes","floor":4.0,"turns":1.0},{"damage":0.0,"enemies":"2 Louse","floor":5.0,"turns":1.0},{"damage":40.0,"enemies":"Lagavulin","floor":6.0,"turns":6.0},{"damage":10.0,"enemies":"2 Fungi Beasts","floor":7.0,"turns":3.0},{"damage":10.0,"enemies":"Exordium Thugs","floor":8.0,"turns":4.0},{"damage":0.0,"enemies":"3 Sentries","floor":11.0,"turns":2.0},{"damage":0.0,"enemies":"Looter","floor":14.0,"turns":3.0},{"damage":40.0,"enemies":"The Guardian","floor":16.0,"turns":8.0},{"damage":20.0,"enemies":"3 Byrds","floor":18.0,"turns":3.0},{"damage":9.0,"enemies":"Hiden Room Battle","floor":19.0,"turns":3.0},{"damage":0.0,"enemies":"2 Thieves","floor":20.0,"turns":2.0},{"damage":35.0,"enemies":"Gremlin Leader","floor":24.0,"turns":5.0},{"damage":6.0,"enemies":"3 Cultists","floor":25.0,"turns":3.0},{"damage":25.0,"enemies":"Slavers","floor":28.0,"turns":4.0},{"damage":5.0,"enemies":"Snecko","floor":30.0,"turns":4.0},{"damage":0.0,"enemies":"Cultist and Chosen","floor":31.0,"turns":4.0},{"damage":9.0,"enemies":"Collector","floor":33.0,"turns":7.0},{"damage":19.0,"enemies":"3 Darklings","floor":35.0,"turns":7.0},{"damage":27,"enemies":"3 Shapes","floor":37,"turns":5},{"damage":0,"enemies":"Jaw Worm Horde","floor":39,"turns":3},{"damage":0,"enemies":"3 Darklings","floor":44,"turns":4},{"damage":19,"enemies":"Giant Head","floor":46,"turns":6},{"damage":25,"enemies":"4 Shapes","floor":47,"turns":5},{"damage":6,"enemies":"Mind Bloom Boss Battle","floor":48,"turns":6},{"damage":66,"enemies":"Awakened One","floor":50,"turns":9}],"seed_played":"8141077474139658174","potions_obtained":[{"floor":6.0,"key":"HeartOfIron"},{"floor":8.0,"key":"Explosive Potion"},{"floor":14.0,"key":"FearPotion"},{"floor":16.0,"key":"Swift Potion"},{"floor":19.0,"key":"FairyPotion"},{"floor":20.0,"key":"ColorlessPotion"},{"floor":24.0,"key":"ColorlessPotion"},{"floor":25.0,"key":"Swift Potion"},{"floor":30.0,"key":"EssenceOfSteel"},{"floor":46,"key":"LiquidBronze"}],"is_trial":false,"path_per_floor":["M","?","?","M","M","E","M","M","T","R","E","$","?","M","R","B",null,"M","?","M","?","?","R","E","M","T","R","E","$","M","M","R","B",null,"M","$","M","?","M","R","T","R","T","M","?","E","M","?","R","B",null],"character_chosen":"IRONCLAD","items_purchased":["Trip+1","Madness+1","Lee\u0027s Waffle","Rampage"],"campfire_rested":4,"item_purchase_floors":[12,29,36,36],"current_hp_per_floor":[78,83,83,85,85,48,44,40,40,40,46,46,46,52,52,18,59,45,27,33,33,33,53,24,24,24,43,24,24,25,31,49,46,62,50,69,48,48,55,55,55,55,55,62,62,50,32,33,52,24],"gold":318,"neow_bonus":"THREE_ENEMY_KILL","is_daily":false,"chose_seed":false,"campfire_upgraded":4,"win_rate":0.0,"timestamp":1612436628,"path_taken":["M","?","?","?","M","E","M","M","T","R","E","$","?","M","R","BOSS","M","?","M","?","?","R","E","M","T","R","E","$","M","M","R","BOSS","M","$","M","?","M","R","?","R","T","?","?","E","M","?","R","BOSS"],"items_purchased_type":["Card","Card","Relic","Card"],"build_version":"2020-12-22","purchased_purges":2,"victory":true,"max_hp_per_floor":[80,85,85,85,85,82,79,79,79,79,76,76,76,76,76,73,73,70,67,67,67,67,67,64,64,64,64,64,64,61,61,61,58,65,62,69,69,69,69,69,69,69,69,69,69,66,66,66,66,63],"card_choices":[{"not_picked":[],"picked":"BloodyBrimstone","floor":0.0},{"not_picked":["Pommel Strike","Flex"],"picked":"Headbutt","floor":1.0},{"not_picked":["Corruption","Wild Strike","Body Slam"],"picked":"SKIP","floor":4.0},{"not_picked":["Twin Strike","Wild Strike"],"picked":"Pummel","floor":5.0},{"not_picked":["Carnage","Rupture"],"picked":"Uppercut","floor":6.0},{"not_picked":["Anger","Body Slam"],"picked":"Heavy Blade","floor":7.0},{"not_picked":["Entrench","Rupture"],"picked":"Flex","floor":8.0},{"not_picked":["Iron Wave","Reaper"],"picked":"Pummel","floor":11.0},{"not_picked":["Sword Boomerang","Rage+1"],"picked":"Flex+1","floor":14.0},{"not_picked":["Reaper","Double Tap+1"],"picked":"Limit Break+1","floor":16.0},{"not_picked":["Cleave","Body Slam+1"],"picked":"Inflame+1","floor":18.0},{"not_picked":["True Grit+1","Rampage"],"picked":"Ghostly Armor+1","floor":19.0},{"not_picked":["Clothesline","Wild Strike","Flex+1"],"picked":"SKIP","floor":20.0},{"not_picked":["Whirlwind","True Grit+1"],"picked":"Iron Wave+1","floor":24.0},{"not_picked":["Thunderclap","Body Slam"],"picked":"Spot Weakness+1","floor":25.0},{"not_picked":["Sever Soul","Pommel Strike"],"picked":"Dropkick","floor":28.0},{"not_picked":["Burning Pact+1","Perfected Strike"],"picked":"Battle Trance+1","floor":30.0},{"not_picked":["Wild Strike","Anger+1"],"picked":"Seeing Red+1","floor":31.0},{"not_picked":["Berserk+1","Limit Break+1"],"picked":"Impervious+1","floor":33.0},{"not_picked":["Entrench+1","Dual Wield+1","Bloodletting+1"],"picked":"SKIP","floor":35.0},{"not_picked":["Shrug It Off+1","Perfected Strike+1"],"picked":"Cleave","floor":37},{"not_picked":["Reckless Charge+1","Battle Trance+1","Clash"],"picked":"SKIP","floor":39},{"not_picked":["Headbutt","Cleave","Uppercut"],"picked":"SKIP","floor":44},{"not_picked":["Madness+1","Dramatic Entrance"],"picked":"Bomb","floor":45},{"not_picked":["Fiend Fire","Havoc+1"],"picked":"Metallicize+1","floor":46},{"not_picked":["Battle Trance+1","Armaments+1","Burning Pact+1"],"picked":"SKIP","floor":47},{"not_picked":["Cleave+1","Clash"],"picked":"Sentinel+1","floor":48}],"player_experience":1412180,"relics_obtained":[{"floor":6.0,"key":"Art of War"},{"floor":9.0,"key":"Toxic Egg 2"},{"floor":11.0,"key":"InkBottle"},{"floor":19.0,"key":"Frozen Egg 2"},{"floor":19.0,"key":"Tiny Chest"},{"floor":24.0,"key":"Red Skull"},{"floor":26.0,"key":"Self Forming Clay"},{"floor":28.0,"key":"PreservedInsect"},{"floor":41,"key":"Omamori"},{"floor":43,"key":"MawBank"},{"floor":46,"key":"Torii"},{"floor":48,"key":"GuppysTail"}],"event_choices":[{"damage_healed":0.0,"max_hp_gain":5.0,"max_hp_loss":0.0,"gold_gain":0.0,"event_name":"Big Fish","player_choice":"Donut","floor":2.0,"gold_loss":0.0,"damage_taken":0.0},{"cards_removed":["Strike_R"],"damage_healed":0.0,"max_hp_gain":0.0,"max_hp_loss":0.0,"gold_gain":0.0,"event_name":"The Cleric","player_choice":"Card Removal","floor":3.0,"gold_loss":50.0,"damage_taken":0.0},{"damage_healed":0.0,"max_hp_gain":0.0,"max_hp_loss":0.0,"gold_gain":0.0,"event_name":"World of Goop","player_choice":"Left Gold","floor":13.0,"gold_loss":45.0,"damage_taken":0.0},{"damage_healed":0.0,"max_hp_gain":0.0,"max_hp_loss":0.0,"gold_gain":0.0,"event_name":"HidenRoomEvent","player_choice":"Fight","floor":19.0,"gold_loss":0.0,"damage_taken":0.0},{"damage_healed":0.0,"max_hp_gain":0.0,"max_hp_loss":0.0,"gold_gain":0.0,"event_name":"Match and Keep!","player_choice":"2 cards matched","floor":21.0,"gold_loss":0.0,"damage_taken":0.0,"cards_obtained":["Impervious","Dark Shackles"]},{"damage_healed":0.0,"max_hp_gain":0.0,"max_hp_loss":0.0,"gold_gain":0.0,"event_name":"Vampires","player_choice":"Ignored","floor":22.0,"gold_loss":0.0,"damage_taken":0.0},{"damage_healed":0,"gold_gain":0,"player_choice":"Copied","damage_taken":0,"max_hp_gain":0,"max_hp_loss":0,"event_name":"Duplicator","floor":38,"gold_loss":0,"cards_obtained":["Rampage"]},{"damage_healed":0,"gold_gain":0,"player_choice":"Memory 1","damage_taken":0,"max_hp_gain":0,"max_hp_loss":0,"event_name":"SensoryStone","floor":45,"gold_loss":0},{"damage_healed":0,"gold_gain":0,"player_choice":"Fight","damage_taken":0,"max_hp_gain":0,"max_hp_loss":0,"event_name":"MindBloom","floor":48,"gold_loss":0}],"is_beta":false,"boss_relics":[{"not_picked":["Ectoplasm","Astrolabe"],"picked":"Empty Cage"},{"not_picked":[]},{"not_picked":["Busted Crown","Fusion Hammer"],"picked":"MagicMushroom"},{"not_picked":[]}],"items_purged_floors":[12,29],"is_endless":false,"potions_floor_spawned":[6,8,14,16,19,20,24,25,30,46,47,48],"ascension_level":11}}