{"host":"928gv66myv2vlnsd","time":1612401786,"event":{"mods":["BaseMod","Highlight Path","Minty Spire (QoL Compilation)","StSLib"],"gold_per_floor":[112,128,146,146,164,196,213,247,247,247,272,288,318,335,335,335,335],"floor_reached":16,"language":"ENG","playtime":1203,"items_purged":[],"score":268,"play_id":"1df8929d-dbea-4868-bb84-59d30f280484","local_time":"20210203202306","is_ascension_mode":true,"campfire_choices":[{"floor":10,"key":"REST"},{"floor":15,"key":"REST"}],"circlet_count":0,"master_deck":["AscendersBane","Strike_R","Strike_R","Strike_R","Strike_R+1","Strike_R","Defend_R","Defend_R","Defend_R","Defend_R","Bash","Apotheosis","Feel No Pain","Thunderclap+1","Dark Embrace","Shrug It Off","Fiend Fire","Sword Boomerang","Cleave","Burning Pact","Combust"],"relics":["Burning Blood","Omamori","Whetstone","Gambling Chip","Ornamental Fan","Ice Cream"],"acts_visited":["Exordium"],"potions_floor_usage":[13,13,16],"damage_taken":[{"damage":9,"enemies":"Cultist","floor":1,"turns":4},{"damage":8,"enemies":"Jaw Worm","floor":2,"turns":5},{"damage":10,"enemies":"Small Slimes","floor":3,"turns":4},{"damage":11,"enemies":"Looter","floor":5,"turns":4},{"damage":17,"enemies":"3 Sentries","floor":6,"turns":11},{"damage":9,"enemies":"Exordium Wildlife","floor":7,"turns":6},{"damage":32,"enemies":"Gremlin Nob","floor":8,"turns":4},{"damage":26,"enemies":"3 Sentries","floor":11,"turns":7},{"damage":5,"enemies":"Blue Slaver","floor":12,"turns":4},{"damage":8,"enemies":"Gremlin Nob","floor":13,"turns":3},{"damage":11,"enemies":"Lots of Slimes","floor":14,"turns":3},{"damage":36,"enemies":"Hexaghost","floor":16,"turns":9}],"seed_played":"-2131042646664886387","potions_obtained":[{"floor":5,"key":"Swift Potion"},{"floor":8,"key":"SteroidPotion"},{"floor":11,"key":"AttackPotion"},{"floor":14,"key":"LiquidBronze"}],"is_trial":false,"path_per_floor":["M","M","M","?","M","E","M","E","T","R","E","M","E","M","R","B"],"character_chosen":"IRONCLAD","items_purchased":[],"campfire_rested":2,"item_purchase_floors":[],"current_hp_per_floor":[65,63,59,64,59,48,45,19,19,40,20,21,19,14,35,0,0],"gold":335,"neow_bonus":"RANDOM_COLORLESS_2","is_daily":false,"chose_seed":false,"campfire_upgraded":0,"win_rate":0.0,"timestamp":1612401786,"path_taken":["M","?","M","?","M","E","M","E","T","R","E","M","E","M","R","BOSS"],"items_purchased_type":[],"build_version":"2020-12-22","purchased_purges":0,"victory":false,"max_hp_per_floor":[68,68,68,73,73,73,73,73,73,73,73,73,73,73,73,73,73],"card_choices":[{"not_picked":["Sadistic Nature","Metamorphosis"],"picked":"Apotheosis","floor":0},{"not_picked":["Bloodletting","Body Slam"],"picked":"Feel No Pain","floor":1},{"not_picked":["Clash","Heavy Blade"],"picked":"Thunderclap","floor":2},{"not_picked":["Warcry","Clash"],"picked":"Dark Embrace","floor":3},{"not_picked":["Flex","Armaments"],"picked":"Shrug It Off","floor":5},{"not_picked":["Havoc","Hemokinesis"],"picked":"Fiend Fire","floor":6},{"not_picked":["Thunderclap","Body Slam"],"picked":"Sword Boomerang","floor":7},{"not_picked":["Demon Form","Heavy Blade","Havoc"],"picked":"SKIP","floor":8},{"not_picked":["Dual Wield","Heavy Blade","Thunderclap"],"picked":"SKIP","floor":11},{"not_picked":["Clothesline","Cleave","Thunderclap"],"picked":"SKIP","floor":12},{"not_picked":["Clothesline","Thunderclap"],"picked":"Cleave","floor":12},{"not_picked":["Shrug It Off","Uppercut"],"picked":"Burning Pact","floor":13},{"not_picked":["Sever Soul","Searing Blow"],"picked":"Combust","floor":14}],"player_experience":1439654,"relics_obtained":[{"floor":6,"key":"Omamori"},{"floor":8,"key":"Whetstone"},{"floor":9,"key":"Gambling Chip"},{"floor":11,"key":"Ornamental Fan"},{"floor":13,"key":"Ice Cream"}],"event_choices":[{"damage_healed":0,"gold_gain":0,"player_choice":"Donut","damage_taken":0,"max_hp_gain":5,"max_hp_loss":0,"event_name":"Big Fish","floor":4,"gold_loss":0}],"is_beta":false,"boss_relics":[],"items_purged_floors":[],"is_endless":false,"potions_floor_spawned":[5,8,11,14],"killed_by":"Hexaghost","ascension_level":20}}