{"host":"52lujqhsyicpcskq","time":1612427298,"event":{"mods":["BaseMod","Colored Map","Minty Spire (QoL Compilation)","Permanent Neow","StSLib","SuperFastMode","everything is the same but u backflip on backflip"],"gold_per_floor":[116,116,136,101,112,145,145,180,226,226,82,111,111,111,111,208,208,227,244,254,254,207,207,222,222,222,222,241,252,100,100,100,100,100],"floor_reached":33,"language":"KOR","playtime":1127,"items_purged":[],"score":421,"play_id":"8c0c3fce-2e94-4ac9-b32e-5fa489313102","local_time":"20210204172818","is_ascension_mode":true,"campfire_choices":[{"data":"Twin Strike","floor":7,"key":"SMITH"},{"data":"Flame Barrier","floor":10,"key":"SMITH"},{"data":"Wild Strike","floor":15,"key":"SMITH"},{"floor":23,"key":"REST"},{"data":"Perfected Strike","floor":25,"key":"SMITH"},{"floor":27,"key":"REST"},{"floor":32,"key":"REST"}],"circlet_count":0,"master_deck":["AscendersBane","Strike_R+1","Strike_R","Strike_R","Strike_R","Defend_R","Defend_R","Defend_R","Bash+1","Twin Strike","Battle Trance","Twin Strike+1","Flame Barrier+1","Inflame","Disarm","Wild Strike+1","Offering","Flex","Sword Boomerang","Twin Strike","Perfected Strike+1","Seeing Red","Decay"],"relics":["Burning Blood","Ornamental Fan","Juzu Bracelet","Akabeko","Toy Ornithopter","Empty Cage","Mercury Hourglass","Happy Flower"],"acts_visited":["Exordium","TheCity"],"potions_floor_usage":[6,12,16,16,28,33],"damage_taken":[{"damage":5,"enemies":"Jaw Worm","floor":1,"turns":6},{"damage":8,"enemies":"2 Louse","floor":3,"turns":3},{"damage":9,"enemies":"Small Slimes","floor":5,"turns":4},{"damage":20,"enemies":"Gremlin Nob","floor":6,"turns":4},{"damage":16,"enemies":"Lagavulin","floor":8,"turns":5},{"damage":24,"enemies":"Gremlin Nob","floor":12,"turns":4},{"damage":46,"enemies":"Slime Boss","floor":16,"turns":9},{"damage":18,"enemies":"Shell Parasite","floor":18,"turns":2},{"damage":13,"enemies":"Spheric Guardian","floor":19,"turns":4},{"damage":19,"enemies":"3 Cultists","floor":20,"turns":5},{"damage":35,"enemies":"Snake Plant","floor":24,"turns":4},{"damage":26,"enemies":"Sentry and Sphere","floor":28,"turns":4},{"damage":19,"enemies":"Cultist and Chosen","floor":29,"turns":4},{"damage":39,"enemies":"Automaton","floor":33,"turns":6}],"seed_played":"-8680375706702019210","potions_obtained":[{"floor":3,"key":"Weak Potion"},{"floor":6,"key":"ColorlessPotion"},{"floor":8,"key":"SteroidPotion"},{"floor":12,"key":"PowerPotion"},{"floor":18,"key":"Dexterity Potion"},{"floor":19,"key":"FearPotion"},{"floor":29,"key":"Fire Potion"}],"is_trial":false,"path_per_floor":["M","?","M","?","M","E","R","E","T","R","$","E","?","?","R","B",null,"M","M","M","?","$","R","M","R","T","R","M","M","$","?","R","B"],"character_chosen":"IRONCLAD","items_purchased":["Inflame","Disarm","Perfected Strike","Happy Flower"],"campfire_rested":3,"item_purchase_floors":[11,11,22,30],"current_hp_per_floor":[73,57,55,75,72,58,58,48,48,48,48,30,80,80,80,40,70,58,51,38,38,38,62,33,33,33,57,42,29,29,29,53,19,19],"gold":100,"neow_bonus":"THREE_CARDS","is_daily":false,"chose_seed":false,"campfire_upgraded":4,"win_rate":0.0,"timestamp":1612427298,"path_taken":["M","?","M","?","M","E","R","E","T","R","$","E","?","?","R","BOSS","M","M","M","?","$","R","M","R","T","R","M","M","$","?","R","BOSS"],"items_purchased_type":["Card","Card","Card","Relic"],"build_version":"2020-12-22","purchased_purges":0,"victory":false,"max_hp_per_floor":[80,80,80,80,80,80,80,80,80,80,80,80,80,80,80,80,80,80,80,80,80,80,80,80,80,80,80,80,80,80,80,80,80,80],"card_choices":[{"not_picked":["Metallicize","Pummel"],"picked":"Twin Strike","floor":0},{"not_picked":["Clash","Warcry"],"picked":"Battle Trance","floor":1},{"not_picked":["Pummel","Armaments"],"picked":"Twin Strike","floor":3},{"not_picked":["Reckless Charge","Burning Pact","Sever Soul"],"picked":"SKIP","floor":5},{"not_picked":["Evolve","Sword Boomerang"],"picked":"Flame Barrier","floor":6},{"not_picked":["Sword Boomerang","Whirlwind"],"picked":"Seeing Red","floor":8},{"not_picked":["True Grit","Rupture"],"picked":"Wild Strike","floor":12},{"not_picked":["Corruption","Berserk"],"picked":"Offering","floor":16},{"not_picked":["Armaments+1","Heavy Blade"],"picked":"Flex","floor":18},{"not_picked":["Thunderclap+1","Heavy Blade"],"picked":"Sword Boomerang","floor":19},{"not_picked":["Hemokinesis","Anger"],"picked":"Twin Strike","floor":20},{"not_picked":["Cleave","Reckless Charge"],"picked":"Seeing Red","floor":24},{"not_picked":["Clothesline","Anger","Evolve"],"picked":"SKIP","floor":28},{"not_picked":["Anger+1","Intimidate","Burning Pact"],"picked":"SKIP","floor":29}],"player_experience":751924,"relics_obtained":[{"floor":6,"key":"Ornamental Fan"},{"floor":8,"key":"Juzu Bracelet"},{"floor":9,"key":"Akabeko"},{"floor":12,"key":"Toy Ornithopter"},{"floor":26,"key":"Mercury Hourglass"}],"event_choices":[{"damage_healed":0,"gold_gain":0,"player_choice":"Entered Light","damage_taken":16,"max_hp_gain":0,"max_hp_loss":0,"event_name":"Shining Light","floor":2,"gold_loss":0,"cards_upgraded":["Bash","Strike_R"]},{"damage_healed":20,"gold_gain":0,"player_choice":"Healed","damage_taken":0,"max_hp_gain":0,"max_hp_loss":0,"event_name":"The Cleric","floor":4,"gold_loss":35},{"cards_removed":["Seeing Red"],"damage_healed":50,"gold_gain":0,"player_choice":"Offered Uncommon","damage_taken":0,"max_hp_gain":0,"max_hp_loss":0,"event_name":"Bonfire Elementals","floor":13,"gold_loss":0},{"damage_healed":0,"gold_gain":0,"player_choice":"Ignored","damage_taken":0,"max_hp_gain":0,"max_hp_loss":0,"event_name":"Liars Game","floor":14,"gold_loss":0},{"damage_healed":0,"gold_gain":0,"player_choice":"Ignored","damage_taken":0,"max_hp_gain":0,"max_hp_loss":0,"event_name":"Vampires","floor":21,"gold_loss":0},{"damage_healed":0,"gold_gain":0,"player_choice":"Smashed Altar","damage_taken":0,"max_hp_gain":0,"max_hp_loss":0,"event_name":"Forgotten Altar","floor":31,"gold_loss":0,"cards_obtained":["Decay"]}],"is_beta":false,"boss_relics":[{"not_picked":["Velvet Choker","Tiny House"],"picked":"Empty Cage"}],"items_purged_floors":[],"is_endless":false,"potions_floor_spawned":[3,6,8,12,18,19,24,29],"killed_by":"Automaton","ascension_level":12}}