{"host":"4cz9gr89nglr7k8k","time":1612472118,"event":{"mods":["BaseMod","Minty Spire (QoL Compilation)","Relic Stats","Slay-I"],"gold_per_floor":[363,328,339,339,386,386,386,401,428,428,447,447,470,494,494,587,587,587,587],"floor_reached":18,"language":"DEU","playtime":458,"items_purged":[],"score":304,"play_id":"f925cbaf-c1f1-4c45-b268-4aa3bab88d4f","local_time":"20210204215518","is_ascension_mode":true,"campfire_choices":[{"floor":6,"key":"REST"},{"floor":10,"key":"REST"},{"data":"Rampage","floor":12,"key":"SMITH"},{"floor":15,"key":"REST"}],"circlet_count":0,"master_deck":["AscendersBane","Strike_R","Strike_R","Strike_R","Strike_R","Strike_R","Defend_R","Defend_R+1","Defend_R","Defend_R+1","Bash","Doubt","Clash","Spot Weakness","Bash","Clumsy","Rampage+1","Disarm","Heavy Blade","Power Through","Impervious"],"relics":["Black Blood","Golden Idol","Pen Nib","War Paint"],"acts_visited":["Exordium","TheCity"],"potions_floor_usage":[16,16,18],"damage_taken":[{"damage":33,"enemies":"Small Slimes","floor":1,"turns":4},{"damage":14,"enemies":"Jaw Worm","floor":3,"turns":3},{"damage":4,"enemies":"2 Louse","floor":8,"turns":3},{"damage":18,"enemies":"Red Slaver","floor":11,"turns":3},{"damage":0,"enemies":"Exordium Wildlife","floor":13,"turns":2},{"damage":27,"enemies":"Blue Slaver","floor":14,"turns":5},{"damage":65,"enemies":"The Guardian","floor":16,"turns":13},{"damage":65,"enemies":"Spheric Guardian","floor":18,"turns":10}],"seed_played":"-1660771924643897628","potions_obtained":[{"floor":11,"key":"SkillPotion"},{"floor":13,"key":"Weak Potion"},{"floor":16,"key":"ColorlessPotion"}],"is_trial":false,"path_per_floor":["M","?","M","?","T","R","?","M","T","R","M","R","M","M","R","B",null,"M"],"character_chosen":"IRONCLAD","items_purchased":[],"campfire_rested":3,"item_purchase_floors":[],"current_hp_per_floor":[41,59,51,25,25,47,47,49,49,71,59,59,65,44,66,7,58,0,0],"gold":587,"neow_bonus":"TWO_FIFTY_GOLD","is_daily":false,"chose_seed":false,"campfire_upgraded":1,"win_rate":0.0,"timestamp":1612472118,"path_taken":["M","?","M","?","?","R","?","M","T","R","M","R","?","M","R","BOSS","M"],"items_purchased_type":[],"build_version":"2020-12-22","purchased_purges":0,"victory":false,"max_hp_per_floor":[75,75,75,75,75,75,75,75,75,75,75,75,75,75,75,75,75,75,75],"relic_stats":{"counters":[8,43],"Golden Idol":36,"Black Blood":42,"Pen Nib":[5],"War Paint":["Defend_R","Defend_R"],"obtain_stats":[{"Golden Idol":4,"Black Blood":17,"Pen Nib":5,"War Paint":9,"Burning Blood":0},{"Golden Idol":2,"Black Blood":7,"Pen Nib":2,"War Paint":3,"Burning Blood":0},{"Golden Idol":7,"Black Blood":33,"Pen Nib":7,"War Paint":10,"Burning Blood":0}]},"card_choices":[{"not_picked":["Pommel Strike","Pummel"],"picked":"Clash","floor":1},{"not_picked":["Thunderclap","Clash"],"picked":"Spot Weakness","floor":3},{"not_picked":["Warcry","Havoc"],"picked":"Rampage","floor":8},{"not_picked":["Havoc","Pommel Strike"],"picked":"Disarm","floor":11},{"not_picked":["Body Slam","Wild Strike"],"picked":"Heavy Blade","floor":13},{"not_picked":["Entrench","Body Slam"],"picked":"Power Through","floor":14},{"not_picked":["Double Tap","Fiend Fire"],"picked":"Impervious","floor":16}],"player_experience":1539787,"relics_obtained":[{"floor":5,"key":"Pen Nib"},{"floor":9,"key":"War Paint"}],"event_choices":[{"damage_healed":18,"gold_gain":0,"player_choice":"Healed","damage_taken":0,"max_hp_gain":0,"max_hp_loss":0,"event_name":"The Cleric","floor":2,"gold_loss":35},{"damage_healed":0,"gold_gain":0,"player_choice":"Take Damage","damage_taken":26,"relics_obtained":["Golden Idol"],"max_hp_gain":0,"max_hp_loss":0,"event_name":"Golden Idol","floor":4,"gold_loss":0},{"damage_healed":0,"gold_gain":0,"player_choice":"2 cards matched","damage_taken":0,"max_hp_gain":0,"max_hp_loss":0,"event_name":"Match and Keep!","floor":7,"gold_loss":0,"cards_obtained":["Bash","Clumsy"]}],"is_beta":false,"boss_relics":[{"not_picked":["Black Star","Velvet Choker"],"picked":"Black Blood"}],"items_purged_floors":[],"is_endless":false,"potions_floor_spawned":[11,13,14,16],"killed_by":"Spheric Guardian","ascension_level":20}}