{"host":"746m694if73h3gai","time":1612448217,"event":{"mods":["2.2 Compatiblity","AchievementEnabler","Act Like it!","BaseMod","Colored Map","Colored Powertips","Minty Spire (QoL Compilation)","Quick Restart","Rare Cards Sparkle","Relic Stats","StSLib","everything is the same but u backflip on backflip","slay the spire mod where everything is the same but ironclad has a cowboy hat"],"gold_per_floor":[116,130,150,61,71,71,71,101,101,119,119,138,138,138,138,261,261,279,279,279,53,69,69,15,39,39,83,83,83,83,124,124,250,250,271,290,290,623,623,623],"floor_reached":39,"language":"ENG","playtime":978,"items_purged":["Strike_G"],"score":480,"play_id":"71d7ed3d-42da-4876-a28d-67df2346543a","local_time":"20210204151657","is_ascension_mode":true,"campfire_choices":[{"floor":6,"key":"REST"},{"floor":15,"key":"REST"},{"floor":23,"key":"REST"},{"floor":30,"key":"REST"},{"floor":32,"key":"REST"}],"circlet_count":0,"master_deck":["Strike_G+1","Strike_G","Defend_G+1","Defend_G","Defend_G","Defend_G","Survivor","Neutralize","Skewer","Backstab","Accuracy","Accuracy","Blade Dance+1","Cloak And Dagger","Leg Sweep","Backflip","Slice+1","Concentrate+1","Footwork+1","Escape Plan","Infinite Blades","RitualDagger","Blade Dance","Venomology","Night Terror","Backflip+1","Accuracy","Mayhem"],"relics":["Fusion Hammer","Gremlin Horn","Darkstone Periapt","Astrolabe","Chemical X","Ornamental Fan","Sundial","MutagenicStrength","Anchor","Runic Pyramid"],"acts_visited":["Exordium","TheCity","TheBeyond"],"potions_floor_usage":[8,16,16,31,33,36,39,39,39,39],"damage_taken":[{"damage":1,"enemies":"Small Slimes","floor":1,"turns":4},{"damage":4,"enemies":"Cultist","floor":2,"turns":4},{"damage":2,"enemies":"2 Louse","floor":3,"turns":2},{"damage":0,"enemies":"Large Slime","floor":5,"turns":4},{"damage":12,"enemies":"Gremlin Nob","floor":8,"turns":3},{"damage":0,"enemies":"2 Fungi Beasts","floor":10,"turns":2},{"damage":0,"enemies":"Looter","floor":12,"turns":2},{"damage":4,"enemies":"Slime Boss","floor":16,"turns":4},{"damage":18,"enemies":"2 Thieves","floor":18,"turns":4},{"damage":4,"enemies":"Chosen","floor":22,"turns":3},{"damage":24,"enemies":"Snake Plant","floor":25,"turns":2},{"damage":9,"enemies":"Slavers","floor":27,"turns":7},{"damage":7,"enemies":"Gremlin Leader","floor":31,"turns":4},{"damage":37,"enemies":"Automaton","floor":33,"turns":7},{"damage":62,"enemies":"3 Darklings","floor":35,"turns":6},{"damage":0,"enemies":"Orb Walker","floor":36,"turns":4},{"damage":29,"enemies":"Writhing Mass","floor":39,"turns":3}],"seed_played":"-5437807451717214318","potions_obtained":[{"floor":1,"key":"Weak Potion"},{"floor":5,"key":"EssenceOfSteel"},{"floor":8,"key":"SkillPotion"},{"floor":12,"key":"AttackPotion"},{"floor":18,"key":"Fire Potion"},{"floor":27,"key":"Fire Potion"},{"floor":31,"key":"Strength Potion"},{"floor":33,"key":"PowerPotion"}],"is_trial":false,"path_per_floor":["M","M","M","$","M","R","?","E","T","M","?","M","?","?","R","B",null,"M","?","?","$","M","R","$","M","T","E","?","?","R","E","R","B",null,"M","M","?","?","M"],"character_chosen":"THE_SILENT","items_purchased":["Accuracy","Blade Dance","Chemical X","Blade Dance"],"campfire_rested":5,"item_purchase_floors":[4,4,21,24],"current_hp_per_floor":[69,65,63,63,63,70,56,44,44,44,27,27,27,27,48,44,70,52,52,46,46,42,63,63,39,39,30,30,30,51,44,65,28,70,8,8,8,8,0,0],"gold":623,"neow_bonus":"BOSS_RELIC","is_daily":false,"chose_seed":false,"campfire_upgraded":0,"win_rate":0.0,"timestamp":1612448217,"path_taken":["M","M","M","$","M","R","?","E","T","M","?","M","?","?","R","BOSS","M","?","?","$","M","R","$","M","T","E","?","?","R","E","R","BOSS","M","M","?","?","M"],"items_purchased_type":["Card","Card","Relic","Card"],"build_version":"2020-12-22","purchased_purges":1,"victory":false,"max_hp_per_floor":[70,70,70,70,70,70,70,70,70,70,70,70,70,70,70,70,70,70,70,70,70,70,70,70,70,70,70,70,70,70,70,70,70,70,70,70,70,70,70,70],"relic_stats":{"Darkstone Periapt":0,"Gremlin Horn":[15,15],"counters":[17,65],"Ornamental Fan":[108],"Sundial":[2],"Astrolabe":["Slice","Concentrate","Footwork"],"Chemical X":[11],"obtain_stats":[{"Darkstone Periapt":9,"Anchor":31,"Gremlin Horn":8,"Golden Idol":11,"Ornamental Fan":26,"Sundial":27,"Astrolabe":17,"MutagenicStrength":28,"Fusion Hammer":0,"Chemical X":21,"Ring of the Snake":0,"Runic Pyramid":34},{"Darkstone Periapt":5,"Anchor":13,"Gremlin Horn":5,"Golden Idol":6,"Ornamental Fan":11,"Sundial":12,"Astrolabe":8,"MutagenicStrength":12,"Fusion Hammer":0,"Chemical X":9,"Ring of the Snake":0,"Runic Pyramid":14},{"Darkstone Periapt":17,"Anchor":45,"Gremlin Horn":17,"Golden Idol":19,"Ornamental Fan":34,"Sundial":41,"Astrolabe":25,"MutagenicStrength":41,"Fusion Hammer":0,"Chemical X":29,"Ring of the Snake":0,"Runic Pyramid":52}]},"card_choices":[{"not_picked":["Well Laid Plans","Blade Dance"],"picked":"Skewer","floor":1},{"not_picked":["Cloak And Dagger","Quick Slash"],"picked":"Backstab","floor":2},{"not_picked":["Backflip","Tools of the Trade"],"picked":"Accuracy","floor":3},{"not_picked":["Backstab","Dagger Spray"],"picked":"Cloak And Dagger","floor":5},{"not_picked":["Dagger Throw","Deadly Poison"],"picked":"Leg Sweep","floor":8},{"not_picked":["Leg Sweep","Riddle With Holes","Eviscerate"],"picked":"SKIP","floor":10},{"not_picked":["Deflect","Predator"],"picked":"Backflip","floor":12},{"not_picked":["Night Terror","Corpse Explosion"],"picked":"Doppelganger","floor":16},{"not_picked":["Quick Slash","Crippling Poison"],"picked":"Escape Plan","floor":18},{"not_picked":["Concentrate","Deadly Poison","Sucker Punch"],"picked":"SKIP","floor":22},{"not_picked":["Quick Slash","Eviscerate","Blur"],"picked":"SKIP","floor":25},{"not_picked":["Slice+1","Quick Slash+1"],"picked":"Venomology","floor":27},{"not_picked":["Sucker Punch","Dagger Throw+1","Escape Plan"],"picked":"SKIP","floor":31},{"not_picked":["Grand Finale","Doppelganger"],"picked":"Night Terror","floor":33},{"not_picked":["Dagger Throw","Leg Sweep+1"],"picked":"Backflip+1","floor":35},{"not_picked":["Terror+1","Leg Sweep"],"picked":"Accuracy","floor":36},{"not_picked":["Blind","Violence"],"picked":"Mayhem","floor":37}],"player_experience":85332,"relics_obtained":[{"floor":8,"key":"Gremlin Horn"},{"floor":9,"key":"Darkstone Periapt"},{"floor":26,"key":"Ornamental Fan"},{"floor":27,"key":"Sundial"},{"floor":31,"key":"Anchor"}],"event_choices":[{"damage_healed":0,"gold_gain":0,"player_choice":"Entered Light","damage_taken":14,"max_hp_gain":0,"max_hp_loss":0,"event_name":"Shining Light","floor":7,"gold_loss":0,"cards_upgraded":["Strike_G","Defend_G"]},{"damage_healed":0,"gold_gain":0,"player_choice":"Take Damage","damage_taken":17,"relics_obtained":["Golden Idol"],"max_hp_gain":0,"max_hp_loss":0,"event_name":"Golden Idol","floor":11,"gold_loss":0},{"damage_healed":0,"gold_gain":0,"player_choice":"Grow","damage_taken":0,"max_hp_gain":0,"max_hp_loss":0,"event_name":"Living Wall","floor":13,"gold_loss":0,"cards_upgraded":["Blade Dance"]},{"cards_removed":["Strike_G"],"damage_healed":0,"gold_gain":0,"player_choice":"Purged","damage_taken":0,"max_hp_gain":0,"max_hp_loss":0,"event_name":"Purifier","floor":14,"gold_loss":0},{"damage_healed":0,"gold_gain":0,"player_choice":"Read","damage_taken":0,"max_hp_gain":0,"max_hp_loss":0,"event_name":"The Library","floor":19,"gold_loss":0,"cards_obtained":["Infinite Blades"]},{"damage_healed":0,"gold_gain":0,"player_choice":"Joined the Cult","damage_taken":6,"max_hp_gain":0,"max_hp_loss":0,"event_name":"Nest","floor":20,"gold_loss":0,"cards_obtained":["RitualDagger"]},{"damage_healed":0,"gold_gain":0,"player_choice":"Inject Mutagens","damage_taken":0,"relics_obtained":["MutagenicStrength"],"max_hp_gain":0,"max_hp_loss":0,"event_name":"Drug Dealer","floor":28,"gold_loss":0},{"damage_healed":0,"gold_gain":0,"player_choice":"Ignored","damage_taken":0,"max_hp_gain":0,"max_hp_loss":0,"event_name":"Vampires","floor":29,"gold_loss":0},{"damage_healed":0,"gold_gain":0,"player_choice":"Memory 1","damage_taken":0,"max_hp_gain":0,"max_hp_loss":0,"event_name":"SensoryStone","floor":37,"gold_loss":0},{"damage_healed":0,"gold_gain":333,"player_choice":"Gave Idol","damage_taken":0,"max_hp_gain":0,"max_hp_loss":0,"event_name":"The Moai Head","floor":38,"relics_lost":["Golden Idol"],"gold_loss":0}],"is_beta":false,"boss_relics":[{"not_picked":["Tiny House","Philosopher\u0027s Stone"],"picked":"Astrolabe"},{"not_picked":["Coffee Dripper","Cursed Key"],"picked":"Runic Pyramid"}],"items_purged_floors":[21],"is_endless":false,"potions_floor_spawned":[1,5,8,12,18,27,31,33],"killed_by":"Writhing Mass","ascension_level":3}}