{"host":"at5b10nm0iti0w4x","time":1612480150,"event":{"mods":["AchievementEnabler","BaseMod","Bestiary","Block Reminder","Colored Map","Colored Powertips","Highlight Path","Keyboard Shortcuts","Minty Spire (QoL Compilation)","Relic Stats","StSLib","SuperFastMode"],"gold_per_floor":[117,137,163,175,175,206,206,222,247,264,274,303,5,5,5,109,109,126,126,143,163,54,82,82,111,111,142,142,142,142,161,161,257,257,270,283,56,56,68,93,93,143,143,169,169,197,197,0,0,0],"floor_reached":51,"language":"ENG","playtime":2229,"items_purged":["Writhe"],"score":1026,"play_id":"67dd8c22-0f50-45ad-904f-e3ea5e17edda","local_time":"20210204180910","is_ascension_mode":false,"campfire_choices":[{"data":"Flying Knee","floor":7,"key":"SMITH"},{"data":"Catalyst","floor":15,"key":"SMITH"},{"floor":24,"key":"REST"},{"data":"Catalyst","floor":28,"key":"SMITH"},{"data":"Backstab","floor":30,"key":"SMITH"},{"floor":32,"key":"REST"},{"floor":41,"key":"REST"},{"data":"Catalyst","floor":45,"key":"SMITH"},{"data":"Secret Technique","floor":47,"key":"SMITH"},{"data":"Backflip","floor":49,"key":"SMITH"}],"circlet_count":0,"master_deck":["Strike_G+1","Strike_G+1","Strike_G+1","Strike_G+1","Strike_G+1","Defend_G+1","Defend_G+1","Defend_G+1","Defend_G+1","Defend_G+1","Survivor","Neutralize+1","Dagger Spray","Flying Knee+1","Catalyst+1","Bane","Finisher","Well Laid Plans+1","Bouncing Flask","Apotheosis+1","Footwork+1","Envenom+1","Catalyst+1","Deflect+1","Backflip+1","Footwork+1","Riddle With Holes","Backstab+1","Venomology","Blur+1","Corpse Explosion","CurseOfTheBell","Dagger Spray+1","Catalyst+1","Secret Technique+1","Sadistic Nature+1","Poisoned Stab+1","Crippling Poison+1"],"relics":["Ring of the Snake","TungstenRod","Bronze Scales","Frozen Egg 2","Snake Skull","Mango","Black Star","Paper Crane","PreservedInsect","Oddly Smooth Stone","Torii","Bag of Preparation","Meat on the Bone","Regal Pillow","WingedGreaves","Calling Bell","Juzu Bracelet","Letter Opener","Unceasing Top","Toy Ornithopter","Pen Nib","Vajra","Ginger","Happy Flower","Pantograph","Mummified Hand","Orichalcum","Bottled Flame","Red Mask"],"acts_visited":["Exordium","TheCity","TheBeyond"],"potions_floor_usage":[6,18,23,23,33,35,35,40,50,50,50],"damage_taken":[{"damage":0,"enemies":"Cultist","floor":1,"turns":4},{"damage":1,"enemies":"Jaw Worm","floor":2,"turns":5},{"damage":0,"enemies":"2 Louse","floor":4,"turns":2},{"damage":4,"enemies":"Lagavulin","floor":6,"turns":6},{"damage":0,"enemies":"Exordium Wildlife","floor":8,"turns":4},{"damage":0,"enemies":"Large Slime","floor":10,"turns":6},{"damage":1,"enemies":"3 Louse","floor":11,"turns":2},{"damage":11,"enemies":"3 Sentries","floor":12,"turns":6},{"damage":3,"enemies":"The Guardian","floor":16,"turns":5},{"damage":1,"enemies":"Spheric Guardian","floor":18,"turns":4},{"damage":8,"enemies":"Shell Parasite","floor":20,"turns":4},{"damage":13,"enemies":"3 Cultists","floor":21,"turns":4},{"damage":21,"enemies":"Slavers","floor":23,"turns":6},{"damage":6,"enemies":"Gremlin Leader","floor":25,"turns":6},{"damage":5,"enemies":"Book of Stabbing","floor":27,"turns":4},{"damage":6,"enemies":"Snake Plant","floor":31,"turns":3},{"damage":0,"enemies":"Automaton","floor":33,"turns":6},{"damage":0,"enemies":"3 Darklings","floor":35,"turns":2},{"damage":8,"enemies":"Orb Walker","floor":36,"turns":4},{"damage":22,"enemies":"Sphere and 2 Shapes","floor":39,"turns":5},{"damage":44,"enemies":"Nemesis","floor":40,"turns":5},{"damage":0,"enemies":"Mind Bloom Boss Battle","floor":42,"turns":3},{"damage":8,"enemies":"Reptomancer","floor":44,"turns":4},{"damage":0,"enemies":"Giant Head","floor":46,"turns":5},{"damage":0,"enemies":"Donu and Deca","floor":50,"turns":4}],"seed_played":"5447948146558784495","potions_obtained":[{"floor":2,"key":"FearPotion"},{"floor":10,"key":"Explosive Potion"},{"floor":11,"key":"Dexterity Potion"},{"floor":12,"key":"Block Potion"},{"floor":18,"key":"Energy Potion"},{"floor":20,"key":"SpeedPotion"},{"floor":31,"key":"SteroidPotion"},{"floor":35,"key":"Swift Potion"},{"floor":36,"key":"GamblersBrew"}],"is_trial":false,"path_per_floor":["M","M","T","M","?","E","R","M","T","M","M","E","$","?","R","B",null,"M","?","M","M","$","E","R","E","T","E","R","?","R","M","R","B",null,"M","M","$","?","M","E","R","?","T","E","R","E","R","?","R","B",null],"character_chosen":"THE_SILENT","items_purchased":["Bouncing Flask","Apotheosis","Footwork+1","Footwork+1","Toy Ornithopter","Catalyst"],"campfire_rested":3,"item_purchase_floors":[13,13,13,22,37,37],"current_hp_per_floor":[63,62,62,62,62,58,58,58,58,58,57,60,60,60,60,57,77,76,76,68,55,55,34,57,51,51,46,46,46,46,40,77,77,77,77,69,69,60,50,23,61,61,61,53,53,53,53,53,53,77],"gold":0,"neow_bonus":"ONE_RARE_RELIC","is_daily":false,"chose_seed":false,"campfire_upgraded":7,"win_rate":0.0,"timestamp":1612480150,"path_taken":["M","M","?","M","?","E","R","M","T","M","?","E","?","?","R","BOSS","M","?","M","M","$","E","R","E","T","E","R","?","R","M","R","BOSS","M","M","$","?","M","E","R","?","T","E","R","E","R","?","R","BOSS"],"items_purchased_type":["Card","Card","Card","Card","Relic","Card"],"build_version":"2020-12-22","purchased_purges":1,"victory":true,"max_hp_per_floor":[63,63,63,63,63,63,63,63,63,63,63,77,77,77,77,77,77,77,77,77,77,77,77,77,77,77,77,77,77,77,77,77,77,77,77,77,77,77,77,77,77,77,77,77,77,77,77,77,77,77],"relic_stats":{"Regal Pillow":29,"Torii":18,"Happy Flower":[4],"counters":[25,109],"Snake Skull":[209],"PreservedInsect":319,"Pen Nib":[3],"Bag of Preparation":[22],"Juzu Bracelet":0,"Letter Opener":[36],"Ginger":[3],"Orichalcum":[6],"Mummified Hand":[11],"Bronze Scales":[236],"Pantograph":24,"Black Star":6,"obtain_stats":[{"Regal Pillow":27,"Torii":25,"Vajra":40,"Mango":12,"Snake Skull":9,"Bag of Preparation":25,"Juzu Bracelet":34,"Ginger":42,"Mummified Hand":44,"Pantograph":44,"WingedGreaves":27,"Red Mask":48,"Ring of the Snake":0,"Happy Flower":43,"Oddly Smooth Stone":23,"PreservedInsect":23,"Pen Nib":40,"Letter Opener":34,"Frozen Egg 2":6,"Paper Crane":19,"Orichalcum":46,"Calling Bell":34,"Bottled Flame":46,"Bronze Scales":3,"Black Star":17,"TungstenRod":0,"Unceasing Top":34,"Toy Ornithopter":37,"Meat on the Bone":26},{"Regal Pillow":15,"Torii":14,"Vajra":21,"Mango":8,"Snake Skull":5,"Bag of Preparation":14,"Juzu Bracelet":17,"Ginger":22,"Mummified Hand":23,"Pantograph":23,"WingedGreaves":15,"Red Mask":24,"Ring of the Snake":0,"Happy Flower":22,"Oddly Smooth Stone":13,"PreservedInsect":13,"Pen Nib":21,"Letter Opener":17,"Frozen Egg 2":4,"Paper Crane":10,"Orichalcum":24,"Calling Bell":17,"Bottled Flame":24,"Bronze Scales":2,"Black Star":9,"TungstenRod":0,"Unceasing Top":17,"Toy Ornithopter":19,"Meat on the Bone":14},{"Regal Pillow":68,"Torii":64,"Vajra":93,"Mango":35,"Snake Skull":21,"Bag of Preparation":64,"Juzu Bracelet":77,"Ginger":96,"Mummified Hand":100,"Pantograph":100,"WingedGreaves":68,"Red Mask":105,"Ring of the Snake":0,"Happy Flower":96,"Oddly Smooth Stone":58,"PreservedInsect":58,"Pen Nib":93,"Letter Opener":77,"Frozen Egg 2":17,"Paper Crane":44,"Orichalcum":105,"Calling Bell":77,"Bottled Flame":105,"Bronze Scales":9,"Black Star":40,"TungstenRod":0,"Unceasing Top":77,"Toy Ornithopter":83,"Meat on the Bone":64}],"TungstenRod":48,"Unceasing Top":[4],"Toy Ornithopter":5,"Ring of the Snake":[50],"Meat on the Bone":24},"card_choices":[{"not_picked":["PiercingWail","Prepared"],"picked":"Dagger Spray","floor":1},{"not_picked":["Caltrops","Acrobatics"],"picked":"Flying Knee","floor":2},{"not_picked":["Backflip","Deadly Poison"],"picked":"Catalyst","floor":4},{"not_picked":["Calculated Gamble","Prepared","Heel Hook"],"picked":"SKIP","floor":6},{"not_picked":["Choke","Acrobatics","Doppelganger"],"picked":"SKIP","floor":8},{"not_picked":["Quick Slash","PiercingWail"],"picked":"Bane","floor":10},{"not_picked":["Endless Agony","Predator"],"picked":"Finisher","floor":11},{"not_picked":["Caltrops+1","Backstab"],"picked":"Well Laid Plans+1","floor":12},{"not_picked":["Venomology","Burst"],"picked":"Envenom+1","floor":16},{"not_picked":["Backstab","Prepared"],"picked":"Catalyst","floor":18},{"not_picked":["Prepared","Quick Slash"],"picked":"Deflect+1","floor":20},{"not_picked":["Crippling Poison","Deadly Poison"],"picked":"Backflip","floor":21},{"not_picked":["Poisoned Stab+1","Dagger Spray"],"picked":"Riddle With Holes","floor":23},{"not_picked":["Escape Plan+1","Dagger Spray"],"picked":"Backstab","floor":25},{"not_picked":["Deadly Poison+1","Flying Knee+1"],"picked":"Venomology","floor":27},{"not_picked":["Dash","Noxious Fumes+1"],"picked":"Blur+1","floor":31},{"not_picked":["Wraith Form v2+1","Unload"],"picked":"Corpse Explosion","floor":33},{"not_picked":["Heel Hook","Dash+1"],"picked":"Dagger Spray+1","floor":35},{"not_picked":["Escape Plan+1","Acrobatics","Poisoned Stab+1"],"picked":"SKIP","floor":36},{"not_picked":["Chrysalis","Violence"],"picked":"Secret Technique","floor":38},{"not_picked":["Discovery","Secret Technique"],"picked":"Sadistic Nature+1","floor":38},{"not_picked":["Quick Slash","Blur"],"picked":"Poisoned Stab+1","floor":39},{"not_picked":["Quick Slash+1","Calculated Gamble","Expertise"],"picked":"SKIP","floor":40},{"not_picked":["All Out Attack","Underhanded Strike"],"picked":"Crippling Poison+1","floor":44},{"not_picked":["Caltrops+1","Finisher+1","Blade Dance"],"picked":"SKIP","floor":46}],"player_experience":26895,"relics_obtained":[{"floor":3,"key":"Bronze Scales"},{"floor":6,"key":"Frozen Egg 2"},{"floor":9,"key":"Snake Skull"},{"floor":12,"key":"Mango"},{"floor":23,"key":"PreservedInsect"},{"floor":23,"key":"Oddly Smooth Stone"},{"floor":25,"key":"Torii"},{"floor":25,"key":"Bag of Preparation"},{"floor":26,"key":"Meat on the Bone"},{"floor":27,"key":"Regal Pillow"},{"floor":27,"key":"WingedGreaves"},{"floor":34,"key":"Juzu Bracelet"},{"floor":34,"key":"Letter Opener"},{"floor":34,"key":"Unceasing Top"},{"floor":40,"key":"Pen Nib"},{"floor":40,"key":"Vajra"},{"floor":42,"key":"Ginger"},{"floor":43,"key":"Happy Flower"},{"floor":44,"key":"Pantograph"},{"floor":44,"key":"Mummified Hand"},{"floor":46,"key":"Orichalcum"},{"floor":46,"key":"Bottled Flame"}],"event_choices":[{"damage_healed":0,"gold_gain":0,"player_choice":"Upgraded","damage_taken":0,"max_hp_gain":0,"max_hp_loss":0,"event_name":"Upgrade Shrine","floor":5,"gold_loss":0,"cards_upgraded":["Neutralize"]},{"damage_healed":0,"gold_gain":0,"player_choice":"Grow","damage_taken":0,"max_hp_gain":0,"max_hp_loss":0,"event_name":"Living Wall","floor":14,"gold_loss":0,"cards_upgraded":["Apotheosis"]},{"damage_healed":0,"gold_gain":0,"player_choice":"Opened","damage_taken":0,"relics_obtained":["Paper Crane"],"max_hp_gain":0,"max_hp_loss":0,"event_name":"The Mausoleum","floor":19,"gold_loss":0,"cards_obtained":["Writhe"]},{"damage_healed":0,"gold_gain":0,"player_choice":"Simplicity","damage_taken":0,"max_hp_gain":0,"max_hp_loss":0,"event_name":"Back to Basics","floor":29,"gold_loss":0,"cards_upgraded":["Strike_G","Strike_G","Strike_G","Strike_G","Strike_G","Defend_G","Defend_G","Defend_G","Defend_G","Defend_G"]},{"damage_healed":0,"gold_gain":0,"player_choice":"Memory 3","damage_taken":10,"max_hp_gain":0,"max_hp_loss":0,"event_name":"SensoryStone","floor":38,"gold_loss":0},{"damage_healed":0,"gold_gain":0,"player_choice":"Fight","damage_taken":0,"max_hp_gain":0,"max_hp_loss":0,"event_name":"MindBloom","floor":42,"gold_loss":0},{"damage_healed":0,"gold_gain":0,"player_choice":"Paid","damage_taken":0,"relics_obtained":["Red Mask"],"max_hp_gain":0,"max_hp_loss":0,"event_name":"Tomb of Lord Red Mask","floor":48,"gold_loss":197}],"is_beta":false,"boss_relics":[{"not_picked":["Runic Dome","Runic Pyramid"],"picked":"Black Star"},{"not_picked":["Astrolabe","Busted Crown"],"picked":"Calling Bell"}],"items_purged_floors":[22],"is_endless":false,"potions_floor_spawned":[2,10,11,12,18,20,31,35,36],"ascension_level":0}}