{"host":"w7o06k3e8uel8euj","time":1612418582,"event":{"mods":["AchievementEnabler","BaseMod","Colored Powertips","Custom Start","DeckTracker","Keyboard Shortcuts","Minty Spire (QoL Compilation)","Quick Restart","Relic Stats","StSLib","SuperFastMode","everything is the same but u backflip on backflip"],"gold_per_floor":[112,37,37,56,56,90,90,103,103,115,134,134,168,184,184,279,279,297,197,197,197,197,197,197,197,220,220,231,231,247,45,45,45,45],"floor_reached":33,"language":"KOR","playtime":745,"items_purged":["Strike_G","Strike_G","Strike_G+1"],"score":348,"play_id":"2ad1688b-ccc1-4749-b02f-7a0d8aaf8e7b","local_time":"20210204150302","is_ascension_mode":true,"campfire_choices":[{"data":"Neutralize","floor":7.0,"key":"SMITH"},{"data":"Dagger Spray","floor":12.0,"key":"SMITH"},{"data":"Prepared","floor":15.0,"key":"SMITH"},{"floor":23,"key":"DIG"},{"floor":25,"key":"DIG"},{"floor":27,"key":"DIG"},{"floor":29,"key":"DIG"},{"floor":32,"key":"DIG"}],"circlet_count":0,"master_deck":["Strike_G+1","Strike_G+1","Defend_G+1","Defend_G+1","Defend_G+1","Defend_G+1","Survivor","Neutralize+1","Die Die Die","Dagger Spray+1","Backflip","Prepared+1","Well Laid Plans+1","Adrenaline","CurseOfTheBell","Acrobatics","Acrobatics+1","Riddle With Holes"],"relics":["Ring of the Snake","NeowsBlessing","TheAbacus","Shuriken","Frozen Egg 2","Meat on the Bone","Juzu Bracelet","Calling Bell","Bag of Marbles","Question Card","Shovel","Ninja Scroll","HornCleat","Happy Flower","The Courier","CeramicFish","Membership Card","Bronze Scales"],"acts_visited":["Exordium","TheCity"],"potions_floor_usage":[33],"damage_taken":[{"damage":0.0,"enemies":"Jaw Worm","floor":1.0,"turns":1.0},{"damage":0.0,"enemies":"Small Slimes","floor":4.0,"turns":1.0},{"damage":0.0,"enemies":"3 Sentries","floor":6.0,"turns":1.0},{"damage":0.0,"enemies":"2 Louse","floor":8.0,"turns":2.0},{"damage":10.0,"enemies":"Large Slime","floor":10.0,"turns":6.0},{"damage":2.0,"enemies":"Blue Slaver","floor":11.0,"turns":3.0},{"damage":17.0,"enemies":"Gremlin Nob","floor":13.0,"turns":4.0},{"damage":11.0,"enemies":"Exordium Thugs","floor":14.0,"turns":4.0},{"damage":30.0,"enemies":"Slime Boss","floor":16.0,"turns":8.0},{"damage":19.0,"enemies":"2 Thieves","floor":18.0,"turns":2.0},{"damage":6,"enemies":"Shell Parasite","floor":28,"turns":3},{"damage":5,"enemies":"Snecko","floor":30,"turns":4},{"damage":45,"enemies":"Champ","floor":33,"turns":10}],"seed_played":"387194477303811318","potions_obtained":[{"floor":4.0,"key":"Energy Potion"},{"floor":8.0,"key":"LiquidMemories"},{"floor":11.0,"key":"Explosive Potion"},{"floor":16.0,"key":"AttackPotion"},{"floor":30,"key":"BlessingOfTheForge"}],"is_trial":false,"path_per_floor":["M","$","?","M","?","E","R","M","T","M","M","R","E","M","R","B",null,"M","$","?","?","?","R","?","R","T","R","M","R","M","$","R","B"],"character_chosen":"THE_SILENT","items_purchased":["TheAbacus","Membership Card","Riddle With Holes"],"campfire_rested":0,"item_purchase_floors":[2,31,31],"current_hp_per_floor":[70,70,67,67,67,67,67,67,67,57,55,55,38,39,39,21,58,39,39,39,39,39,39,39,39,39,39,45,45,40,40,40,0,0],"gold":45,"neow_bonus":"THREE_ENEMY_KILL","is_daily":false,"chose_seed":false,"campfire_upgraded":3,"win_rate":0.0,"timestamp":1612418582,"path_taken":["M","$","?","M","?","E","R","M","T","M","M","R","E","M","R","BOSS","M","$","?","?","?","R","?","R","T","R","M","R","M","$","R","BOSS"],"items_purchased_type":["Relic","Relic","Card"],"build_version":"2020-12-22","purchased_purges":3,"victory":false,"max_hp_per_floor":[70,70,70,70,70,70,70,70,70,70,70,70,70,70,70,70,70,70,70,70,70,70,70,70,70,70,70,70,70,70,70,70,70,70],"relic_stats":{"TheAbacus":[108],"Shovel":5,"Happy Flower":[5],"counters":[13,49],"Shuriken":[29],"CeramicFish":9,"Bronze Scales":[12],"Juzu Bracelet":1,"Question Card":3,"obtain_stats":[{"NeowsBlessing":0,"Happy Flower":26,"CeramicFish":29,"The Courier":27,"Juzu Bracelet":13,"Frozen Egg 2":6,"Question Card":17,"Calling Bell":17,"TheAbacus":2,"Shovel":17,"HornCleat":25,"Shuriken":3,"Ninja Scroll":23,"Bronze Scales":32,"Bag of Marbles":17,"Membership Card":31,"Ring of the Snake":0,"Meat on the Bone":9},{"NeowsBlessing":0,"Happy Flower":10,"CeramicFish":11,"The Courier":10,"Juzu Bracelet":7,"Frozen Egg 2":3,"Question Card":9,"Calling Bell":9,"TheAbacus":1,"Shovel":9,"HornCleat":10,"Shuriken":1,"Ninja Scroll":10,"Bronze Scales":12,"Bag of Marbles":9,"Membership Card":12,"Ring of the Snake":0,"Meat on the Bone":4},{"NeowsBlessing":0,"Happy Flower":32,"CeramicFish":35,"The Courier":32,"Juzu Bracelet":18,"Frozen Egg 2":3,"Question Card":30,"Calling Bell":30,"TheAbacus":1,"Shovel":30,"HornCleat":32,"Shuriken":1,"Ninja Scroll":32,"Bronze Scales":39,"Bag of Marbles":30,"Membership Card":39,"Ring of the Snake":0,"Meat on the Bone":5}],"Ring of the Snake":[26],"Meat on the Bone":36},"card_choices":[{"not_picked":["PiercingWail","Bane","Deflect"],"picked":"SKIP","floor":1.0},{"not_picked":["Masterful Stab","All Out Attack","Footwork"],"picked":"SKIP","floor":4.0},{"not_picked":["Sucker Punch","Deflect"],"picked":"Die Die Die","floor":6.0},{"not_picked":["Underhanded Strike","Tactician"],"picked":"Dagger Spray","floor":8.0},{"not_picked":["Prepared","Noxious Fumes+1"],"picked":"Backflip","floor":10.0},{"not_picked":["Backflip","Poisoned Stab"],"picked":"Prepared","floor":11.0},{"not_picked":["Outmaneuver","Prepared","Calculated Gamble"],"picked":"SKIP","floor":13.0},{"not_picked":["Dagger Spray","Underhanded Strike"],"picked":"Well Laid Plans+1","floor":14.0},{"not_picked":["Night Terror","Storm of Steel"],"picked":"Adrenaline","floor":16.0},{"not_picked":["Slice","Leg Sweep","Blur"],"picked":"Acrobatics","floor":18.0},{"not_picked":["Sucker Punch","Backflip+1","Bane"],"picked":"Acrobatics+1","floor":28},{"not_picked":["PiercingWail","Tools of the Trade+1","Dodge and Roll","Bane+1"],"picked":"SKIP","floor":30}],"player_experience":524012,"relics_obtained":[{"floor":6.0,"key":"Frozen Egg 2"},{"floor":9.0,"key":"Meat on the Bone"},{"floor":13.0,"key":"Juzu Bracelet"},{"floor":17.0,"key":"Bag of Marbles"},{"floor":17.0,"key":"Question Card"},{"floor":17.0,"key":"Shovel"},{"floor":23,"key":"Ninja Scroll"},{"floor":25,"key":"HornCleat"},{"floor":26,"key":"Happy Flower"},{"floor":27,"key":"The Courier"},{"floor":29,"key":"CeramicFish"},{"floor":32,"key":"Bronze Scales"}],"event_choices":[{"damage_healed":0.0,"max_hp_gain":0.0,"max_hp_loss":0.0,"gold_gain":0.0,"event_name":"Scrap Ooze","player_choice":"Success","floor":3.0,"gold_loss":0.0,"damage_taken":3.0,"relics_obtained":["Shuriken"]},{"damage_healed":0.0,"max_hp_gain":0.0,"max_hp_loss":0.0,"gold_gain":0.0,"event_name":"Liars Game","player_choice":"Ignored","floor":5.0,"gold_loss":0.0,"damage_taken":0.0},{"damage_healed":0.0,"max_hp_gain":0.0,"max_hp_loss":0.0,"gold_gain":0.0,"event_name":"The Mausoleum","player_choice":"Ignored","floor":20.0,"gold_loss":0.0,"damage_taken":0.0},{"damage_healed":0,"gold_gain":0,"player_choice":"Ignored","damage_taken":0,"max_hp_gain":0,"max_hp_loss":0,"event_name":"Cursed Tome","floor":21,"gold_loss":0},{"cards_removed":["Defend_G"],"damage_healed":0,"gold_gain":0,"player_choice":"Offered Basic","damage_taken":0,"max_hp_gain":0,"max_hp_loss":0,"event_name":"Bonfire Elementals","floor":22,"gold_loss":0},{"damage_healed":0,"gold_gain":0,"player_choice":"Simplicity","damage_taken":0,"max_hp_gain":0,"max_hp_loss":0,"event_name":"Back to Basics","floor":24,"gold_loss":0,"cards_upgraded":["Strike_G","Strike_G","Strike_G","Defend_G","Defend_G","Defend_G","Defend_G"]}],"is_beta":false,"boss_relics":[{"not_picked":["Snecko Eye","Runic Dome"],"picked":"Calling Bell"}],"items_purged_floors":[2,19,31],"is_endless":false,"potions_floor_spawned":[4,8,11,16,30],"killed_by":"Champ","ascension_level":5}}