{"host":"aapp7ew3jk5k1bvd","time":1612441929,"event":{"mods":["AchievementEnabler","BaseMod","Colored Map","Minty Spire (QoL Compilation)","Permanent Neow","StSLib","SuperFastMode"],"gold_per_floor":[115,40,59,76,31,106,106,6,6,18,29,39,39,67,67,67,67],"floor_reached":16,"language":"KOR","playtime":491,"items_purged":["Strike_B","Strike_B"],"score":102,"play_id":"a4d64cd1-9866-4818-9542-646abccd2b90","local_time":"20210204213209","is_ascension_mode":false,"campfire_choices":[{"data":"Zap","floor":7,"key":"SMITH"},{"data":"Dualcast","floor":13,"key":"SMITH"},{"floor":15,"key":"REST"}],"circlet_count":0,"master_deck":["Strike_B","Strike_B","Defend_B","Defend_B","Defend_B","Defend_B","Zap+1","Dualcast+1","Conserve Battery","Glacier","Conserve Battery","Beam Cell","Conserve Battery","Seek","Cold Snap","Glacier"],"relics":["Cracked Core"],"acts_visited":["Exordium"],"potions_floor_usage":[14],"damage_taken":[{"damage":1,"enemies":"Jaw Worm","floor":1,"turns":4},{"damage":2,"enemies":"2 Louse","floor":3,"turns":3},{"damage":0,"enemies":"Cultist","floor":4,"turns":4},{"damage":1,"enemies":"Large Slime","floor":10,"turns":9},{"damage":0,"enemies":"Exordium Wildlife","floor":11,"turns":8},{"damage":0,"enemies":"3 Louse","floor":12,"turns":5},{"damage":35,"enemies":"Gremlin Nob","floor":14,"turns":6},{"damage":32,"enemies":"Slime Boss","floor":16,"turns":18}],"seed_played":"2967320107815980680","potions_obtained":[{"floor":1,"key":"CultistPotion"},{"floor":11,"key":"FearPotion"},{"floor":12,"key":"Swift Potion"},{"floor":14,"key":"FocusPotion"}],"is_trial":false,"path_per_floor":["M","$","M","M","$","?","R","$","T","M","M","M","R","E","R","B"],"character_chosen":"DEFECT","items_purchased":["Conserve Battery"],"campfire_rested":1,"item_purchase_floors":[5],"current_hp_per_floor":[74,74,72,72,72,61,61,61,61,60,60,60,60,25,47,15,15],"gold":67,"neow_bonus":"THREE_CARDS","is_daily":false,"chose_seed":false,"campfire_upgraded":2,"win_rate":0.0,"timestamp":1612441929,"path_taken":["M","$","M","M","$","?","R","$","T","M","M","M","R","E","R","BOSS"],"items_purchased_type":["Card"],"build_version":"2020-12-22","purchased_purges":2,"victory":false,"max_hp_per_floor":[75,75,75,75,75,75,75,75,75,75,75,75,75,75,75,75,75],"card_choices":[{"not_picked":["Streamline","Beam Cell"],"picked":"Conserve Battery","floor":0},{"not_picked":["Barrage","Cold Snap"],"picked":"Glacier","floor":1},{"not_picked":["Force Field","Rebound"],"picked":"Conserve Battery","floor":3},{"not_picked":["Auto Shields","Static Discharge"],"picked":"Beam Cell","floor":4},{"not_picked":["Leap","Turbo"],"picked":"Seek","floor":10},{"not_picked":["Conserve Battery","Stack"],"picked":"Cold Snap","floor":11},{"not_picked":["Go for the Eyes","Hologram"],"picked":"Glacier","floor":12},{"not_picked":["Go for the Eyes","Recycle","Compile Driver"],"picked":"SKIP","floor":14}],"player_experience":1312562,"relics_obtained":[],"event_choices":[{"damage_healed":0,"gold_gain":75,"player_choice":"Gather Gold","damage_taken":11,"max_hp_gain":0,"max_hp_loss":0,"event_name":"World of Goop","floor":6,"gold_loss":0}],"is_beta":false,"boss_relics":[],"items_purged_floors":[2,8],"is_endless":false,"potions_floor_spawned":[1,11,12,14],"killed_by":"Slime Boss","ascension_level":0}}