{"host":"t82x4fs26nyg0hdo","time":1612421810,"event":{"mods":["BaseMod","Minty Spire (QoL Compilation)","StSLib"],"gold_per_floor":[113,33,51,28,28,60,60,89,144,163,163,198,218,247,247,354,444,466,489,439,463,463,463],"floor_reached":22,"language":"KOR","playtime":1361,"items_purged":[],"score":254,"play_id":"6138128e-6955-4d16-8183-3f3083b9449e","local_time":"20210204155650","is_ascension_mode":true,"campfire_choices":[{"data":"Infinite Blades","floor":7,"key":"SMITH"},{"floor":11,"key":"REST"},{"floor":15,"key":"REST"}],"circlet_count":0,"master_deck":["Survivor","Neutralize","Dagger Spray","Infinite Blades+1","Backflip","Distraction","Backflip","Regret","PiercingWail","Noxious Fumes","Deadly Poison","Corpse Explosion","Poisoned Stab","Noxious Fumes","Adrenaline","Acrobatics","Terror","PiercingWail","Tactician","Calculated Gamble","Distraction","Finisher","Doppelganger","Well Laid Plans","After Image","Accuracy","Infinite Blades","Blade Dance"],"relics":["Ring of the Snake","NeowsBlessing","Art of War","Omamori","TungstenRod","Bag of Marbles","CeramicFish","Pandora\u0027s Box"],"acts_visited":["Exordium","TheCity"],"potions_floor_usage":[16,21,21],"damage_taken":[{"damage":0,"enemies":"Cultist","floor":1,"turns":1},{"damage":0,"enemies":"Jaw Worm","floor":3,"turns":1},{"damage":0,"enemies":"Lagavulin","floor":6,"turns":1},{"damage":33,"enemies":"3 Sentries","floor":8,"turns":6},{"damage":12,"enemies":"Small Slimes","floor":10,"turns":3},{"damage":15,"enemies":"Lagavulin","floor":12,"turns":7},{"damage":7,"enemies":"Exordium Thugs","floor":13,"turns":4},{"damage":2,"enemies":"2 Fungi Beasts","floor":14,"turns":3},{"damage":39,"enemies":"The Guardian","floor":16,"turns":9},{"damage":43,"enemies":"2 Thieves","floor":18,"turns":4},{"damage":5,"enemies":"Spheric Guardian","floor":19,"turns":3},{"damage":20,"enemies":"Chosen and Byrds","floor":21,"turns":6},{"damage":5,"enemies":"Snake Plant","floor":22,"turns":1}],"seed_played":"7980968836081250717","potions_obtained":[{"floor":1,"key":"BlessingOfTheForge"},{"floor":8,"key":"Strength Potion"},{"floor":10,"key":"BlessingOfTheForge"},{"floor":16,"key":"AttackPotion"},{"floor":18,"key":"Poison Potion"}],"is_trial":false,"path_per_floor":["M","$","M","$","?","E","R","E","T","M","R","E","M","M","R","B",null,"M","M","?","M","M"],"character_chosen":"THE_SILENT","items_purchased":["Infinite Blades","Backflip","Backflip"],"campfire_rested":2,"item_purchase_floors":[2,2,4],"current_hp_per_floor":[70,70,70,70,70,70,70,37,37,25,46,31,24,22,43,4,70,27,22,22,2,0,0],"gold":463,"neow_bonus":"THREE_ENEMY_KILL","is_daily":false,"chose_seed":false,"campfire_upgraded":1,"win_rate":0.0,"timestamp":1612421810,"path_taken":["M","$","M","?","?","E","R","E","T","M","R","E","M","M","R","BOSS","M","M","?","M","?"],"items_purchased_type":["Card","Card","Card"],"build_version":"2020-12-22","purchased_purges":0,"victory":false,"max_hp_per_floor":[70,70,70,70,70,70,70,70,70,70,70,70,70,70,70,70,70,70,70,70,70,70,70],"card_choices":[{"not_picked":["Setup","Expertise"],"picked":"Dagger Spray","floor":1},{"not_picked":["Setup","Blur"],"picked":"Distraction","floor":3},{"not_picked":["Endless Agony","Backflip"],"picked":"PiercingWail","floor":6},{"not_picked":["Blade Dance","Choke"],"picked":"Noxious Fumes","floor":8},{"not_picked":["Flying Knee","Bane"],"picked":"Deadly Poison","floor":10},{"not_picked":["Tactician","Riddle With Holes"],"picked":"Corpse Explosion","floor":12},{"not_picked":["Acrobatics","Quick Slash"],"picked":"Poisoned Stab","floor":13},{"not_picked":["Bouncing Flask","Grand Finale"],"picked":"Noxious Fumes","floor":14},{"not_picked":["Night Terror","Unload"],"picked":"Adrenaline","floor":16},{"not_picked":["Backflip","Bouncing Flask+1"],"picked":"Accuracy","floor":18},{"not_picked":["Finisher","Dodge and Roll"],"picked":"Infinite Blades","floor":19},{"not_picked":["Poisoned Stab+1","Dodge and Roll"],"picked":"Blade Dance","floor":21}],"player_experience":166882,"relics_obtained":[{"floor":6,"key":"Omamori"},{"floor":8,"key":"TungstenRod"},{"floor":9,"key":"Bag of Marbles"},{"floor":12,"key":"CeramicFish"}],"event_choices":[{"damage_healed":0,"gold_gain":0,"player_choice":"Box","damage_taken":0,"relics_obtained":["Art of War"],"max_hp_gain":0,"max_hp_loss":0,"event_name":"Big Fish","floor":5,"gold_loss":0,"cards_obtained":["Regret"]},{"damage_healed":0,"gold_gain":0,"player_choice":"Bet on Murderer","damage_taken":0,"max_hp_gain":0,"max_hp_loss":0,"event_name":"The Joust","floor":20,"gold_loss":50}],"is_beta":false,"boss_relics":[{"not_picked":["Velvet Choker","Black Star"],"picked":"Pandora\u0027s Box"}],"items_purged_floors":[],"is_endless":false,"potions_floor_spawned":[1,8,10,16,18],"killed_by":"Snake Plant","ascension_level":2}}