{"host":"2d0rd30cigwncx1y","time":1612457949,"event":{"mods":["BaseMod","Colored Map","Colored Powertips","Downfall","MarisaÅiñ∂âJÅ@ñÇóùçπÅj","Minty Spire (QoL Compilation)","Replay The Spire","StSLib","The Alterego","The Marked","The Servant 0.9.4"],"gold_per_floor":[99,116,128,139,139,139,139,151,180,18,31,56,56,56,70,168,168,68,88,101,111,111,131,203,203,103,121,48,82,98,166,178,178,178,178],"floor_reached":33,"language":"ENG","playtime":2005,"items_purged":[],"score":271,"play_id":"0eb98f99-973d-4ee4-a91d-29cc10f23ea5","local_time":"20210204175909","is_ascension_mode":false,"campfire_choices":[{"data":"Slimebound:SplitBruiser","floor":1.0,"key":"SMITH"},{"data":"Slimebound:SplitMire","floor":6.0,"key":"SMITH"},{"data":"Slimebound:LeadByExample","floor":13.0,"key":"SMITH"},{"data":"Slimebound:FirmFortitude","floor":18.0,"key":"SMITH"},{"data":"Slimebound:MassRepurpose","floor":26,"key":"SMITH"}],"circlet_count":0,"master_deck":["Slimebound:Strike_Slimebound","Slimebound:Strike_Slimebound","Slimebound:Tackle","Slimebound:Defend_Slimebound","Slimebound:Defend_Slimebound","Slimebound:Defend_Slimebound","Slimebound:Defend_Slimebound","Slimebound:Split","Slimebound:CorrosiveSpit","Slimebound:SplitBruiser+1","Slimebound:LeechingTouch","Slimebound:LivingWall","Slimebound:SplitMire+1","Slimebound:SplitLeeching","Slimebound:GoopTackle","Slimebound:GoopTackle","Slimebound:SlimeSlap","Slimebound:SplitMire","Slimebound:MassRepurpose+1","Slimebound:LeadByExample+1","Slimebound:LivingWall","Slimebound:SplitAcid","Slimebound:ComboTackle","Slimebound:FirmFortitude+1","Slimebound:SpikyOuterGoop+1","Slimebound:SlimeBarrage+1","Slimebound:SplitAcid","Slimebound:SplitMire","Slimebound:PressTheAttack+1","Slimebound:RainOfGoop","Slimebound:RainOfGoop","Slimebound:LevelUp","Slimebound:GoopSpray"],"relics":["Slimebound:AbsorbEndCombat","Gremlin Horn","Slimebound:SelfDamagePreventRelic","Ancient Tea Set","Dream Catcher","Coffee Dripper","downfall:HeartBlessingGreen","Replay:Bottled Steam","downfall:HeartBlessingBlue","Vajra","Snack Pack"],"acts_visited":["Exordium","TheCity"],"potions_floor_usage":[30,33,33,33],"damage_taken":[{"damage":1.0,"enemies":"2 Louse","floor":2.0,"turns":2.0},{"damage":3.0,"enemies":"Jaw Worm","floor":3.0,"turns":3.0},{"damage":0.0,"enemies":"Small Slimes","floor":4.0,"turns":3.0},{"damage":15.0,"enemies":"2 Fungi Beasts","floor":8.0,"turns":3.0},{"damage":5.0,"enemies":"Replay:BlueRogue","floor":9.0,"turns":5.0},{"damage":11.0,"enemies":"downfall:FleeingMerchant","floor":10.0,"turns":4.0},{"damage":1.0,"enemies":"Red Slaver","floor":11.0,"turns":2.0},{"damage":0.0,"enemies":"Blue Slaver","floor":15.0,"turns":1.0},{"damage":17.0,"enemies":"DF_ARCHETYPE_STREAMLINE","floor":16.0,"turns":7.0},{"damage":6,"enemies":"3 Byrds","floor":19,"turns":3},{"damage":0,"enemies":"Spheric Guardian","floor":20,"turns":4},{"damage":2,"enemies":"Cultist and Chosen","floor":21,"turns":3},{"damage":21,"enemies":"Snake Plant","floor":23,"turns":3},{"damage":17,"enemies":"Sentry and Sphere","floor":27,"turns":4},{"damage":2,"enemies":"downfall:FleeingMerchant","floor":28,"turns":4},{"damage":27,"enemies":"Gremlin Leader","floor":29,"turns":3},{"damage":13,"enemies":"Shelled Parasite and Fungi","floor":30,"turns":4},{"damage":24,"enemies":"Snake Plant","floor":32,"turns":3},{"damage":19,"enemies":"IC_MUSHROOM_ARCHETYPE","floor":33,"turns":3}],"seed_played":"964492700160987136","potions_obtained":[{"floor":8.0,"key":"Energy Potion"},{"floor":9.0,"key":"sneckomod:MuddlingPotion"},{"floor":11.0,"key":"Regen Potion"},{"floor":21,"key":"ColorlessPotion"},{"floor":30,"key":"Ancient Potion"}],"is_trial":false,"path_per_floor":["R","M","M","M","?","R","T","M","E","$","M","T","R","?","M","B",null,"R","M","M","M","?","M","T","?","R","M","$","E","M","T","M","B"],"character_chosen":"SLIMEBOUND","items_purchased":["Slimebound:SelfDamagePreventRelic","Slimebound:RainOfGoop"],"campfire_rested":0,"item_purchase_floors":[10,28],"current_hp_per_floor":[65,64,63,65,65,65,65,52,51,44,45,45,45,45,45,36,65,65,59,59,63,63,46,46,46,56,45,45,26,19,19,1,0,0,0],"gold":178,"neow_bonus":"TRANSFORM_CARD","is_daily":false,"chose_seed":false,"campfire_upgraded":5,"win_rate":0.0,"timestamp":1612457949,"path_taken":["R","M","M","M","?","R","T","M","E","$","M","?","R","?","M","BOSS","R","M","?","?","?","?","T","?","R","M","$","E","M","?","M","BOSS"],"items_purchased_type":["Relic","Card"],"build_version":"2020-12-22","purchased_purges":0,"victory":false,"max_hp_per_floor":[65,65,65,65,65,65,65,65,65,65,65,65,65,65,65,65,65,65,65,65,65,65,65,65,65,75,75,75,75,75,75,75,75,75,75],"card_choices":[{"not_picked":["Slimebound:ComboTackle","Slimebound:RollThrough"],"picked":"Slimebound:LeechingTouch","floor":2.0},{"not_picked":["Slimebound:ServeAndProtect","Slimebound:ComboTackle"],"picked":"Slimebound:LivingWall","floor":3.0},{"not_picked":["Slimebound:HauntingLick","Slimebound:Schlurp"],"picked":"Slimebound:SplitMire","floor":4.0},{"not_picked":["Slimebound:SplitMire","Slimebound:ComboTackle"],"picked":"Slimebound:MassRepurpose","floor":8.0},{"not_picked":["Slimebound:WasteNot","Slimebound:Gluttony"],"picked":"Slimebound:LeadByExample","floor":9.0},{"not_picked":["Slimebound:FinishingTackle","Slimebound:OneTwoCombo"],"picked":"Slimebound:LivingWall","floor":10.0},{"not_picked":["Slimebound:RollThrough","Slimebound:Gluttony"],"picked":"Slimebound:SplitAcid","floor":11.0},{"not_picked":["Slimebound:SlimeBarrage","Slimebound:ServeAndProtect"],"picked":"Slimebound:ComboTackle","floor":15.0},{"not_picked":["Slimebound:LeechLife","Slimebound:DouseInSlime"],"picked":"Slimebound:FirmFortitude","floor":16.0},{"not_picked":["Slimebound:SplitAcid","Slimebound:Dissolve"],"picked":"Slimebound:SpikyOuterGoop+1","floor":19},{"not_picked":["Slimebound:SlimeTap","Slimebound:SamplingLick","Slimebound:LivingWall+1"],"picked":"SKIP","floor":20},{"not_picked":["Slimebound:GoopTackle","Slimebound:LivingWall+1"],"picked":"Slimebound:SlimeBarrage+1","floor":21},{"not_picked":["Slimebound:SplitLeeching","Slimebound:SlimeBarrage+1"],"picked":"Slimebound:SplitAcid","floor":23},{"not_picked":["Slimebound:GoopSpray","Slimebound:SlimeBarrage"],"picked":"Slimebound:SplitMire","floor":27},{"not_picked":["Slimebound:ViciousTackle","Slimebound:ServeAndProtect"],"picked":"Slimebound:PressTheAttack+1","floor":28},{"not_picked":["Slimebound:PressTheAttack+1","Slimebound:FormOfPuddle","Slimebound:SamplingLick"],"picked":"SKIP","floor":29},{"not_picked":["Slimebound:HauntingLick+1","Slimebound:GoopSpray"],"picked":"Slimebound:LevelUp","floor":30},{"not_picked":["Slimebound:SplitBruiser","Slimebound:Chomp"],"picked":"Slimebound:GoopSpray","floor":32}],"player_experience":129494,"relics_obtained":[{"floor":9.0,"key":"Gremlin Horn"},{"floor":12.0,"key":"Ancient Tea Set"},{"floor":14.0,"key":"Dream Catcher"},{"floor":24,"key":"Replay:Bottled Steam"},{"floor":29,"key":"Vajra"},{"floor":31,"key":"Snack Pack"}],"event_choices":[{"damage_healed":0.0,"max_hp_gain":0.0,"max_hp_loss":0.0,"gold_gain":0.0,"event_name":"Wheel of Change","player_choice":"Relic","floor":14.0,"gold_loss":0.0,"damage_taken":0.0}],"is_beta":false,"boss_relics":[{"not_picked":["Painkiller Herb","SlaversCollar"],"picked":"Coffee Dripper"}],"items_purged_floors":[],"is_endless":false,"potions_floor_spawned":[8,9,11,16,19,21,27,30],"killed_by":"IC_MUSHROOM_ARCHETYPE","ascension_level":0}}