{"host":"v4tuy5ykrbdcm9o9","time":1612452463,"event":{"mods":["BaseMod","Duelist Mod","Minty Spire (QoL Compilation)","Replay The Spire","StSLib"],"gold_per_floor":[218,218,26,40,51,77,92,121,121,121,449,468,499,518,518,620,620,630,649,666,581,581,581,581],"floor_reached":23,"language":"ENG","playtime":3818,"items_purged":[],"score":335,"play_id":"b79c5087-7b0f-440a-ad1d-e408d6c32bc3","local_time":"20210204102743","is_ascension_mode":true,"campfire_choices":[{"floor":10,"key":"REST"},{"floor":15,"key":"RECALL"}],"circlet_count":0,"master_deck":["Strike_B","Strike_B+1","Strike_B","Strike_B+1","Defend_B","Defend_B","Defend_B","Zap","Dualcast","FTL","Go for the Eyes","Gash","Compile Driver","Conserve Battery","Cold Snap","Scrape","Chill","Loop","Rebound","Melter","ReplayTheSpireMod:Omega Cannon","Panic Button","Stack+1","Barrage+1"],"relics":["Cracked Core","Sling","Whetstone","ReplayFunnel","Cables","Old Coin","Replay:Wax Seal","Black Star","Sundial"],"acts_visited":["Exordium","TheCity"],"potions_floor_usage":[6,8,13,16,19,23,23],"damage_taken":[{"damage":2,"enemies":"Jaw Worm","floor":1,"turns":3},{"damage":0,"enemies":"Cultist","floor":4,"turns":3},{"damage":0,"enemies":"2 Louse","floor":5,"turns":2},{"damage":20,"enemies":"Lagavulin","floor":6,"turns":6},{"damage":2,"enemies":"2 Fungi Beasts","floor":7,"turns":3},{"damage":0,"enemies":"3 Sentries","floor":8,"turns":3},{"damage":14,"enemies":"Replay:BlueRogue","floor":11,"turns":4},{"damage":0,"enemies":"Red Slaver","floor":12,"turns":3},{"damage":4,"enemies":"Gremlin Nob","floor":13,"turns":3},{"damage":2,"enemies":"Blue Slaver","floor":14,"turns":3},{"damage":1,"enemies":"Slime Boss","floor":16,"turns":8},{"damage":0,"enemies":"3 Byrds","floor":18,"turns":4},{"damage":17,"enemies":"Shell Parasite","floor":19,"turns":3},{"damage":16,"enemies":"Chosen and Byrds","floor":20,"turns":5},{"damage":39,"enemies":"Book of Stabbing","floor":23,"turns":5}],"seed_played":"-5640493348196806692","potions_obtained":[{"floor":1,"key":"ColorlessPotion"},{"floor":2,"key":"PowerPotion"},{"floor":2,"key":"SteroidPotion"},{"floor":6,"key":"SneckoOil"},{"floor":7,"key":"AttackPotion"},{"floor":8,"key":"Flashbang"},{"floor":16,"key":"SteroidPotion"},{"floor":20,"key":"SneckoOil"}],"is_trial":false,"path_per_floor":["M","?","$","M","M","E","M","E","T","R","E","M","E","M","R","B",null,"M","M","M","?","?","E"],"character_chosen":"DEFECT","items_purchased":["Sling","Go for the Eyes"],"campfire_rested":1,"item_purchase_floors":[3,3],"current_hp_per_floor":[66,66,66,66,66,46,44,44,44,66,52,52,48,46,46,45,68,68,51,35,35,35,0,0],"gold":581,"neow_bonus":"HUNDRED_GOLD","is_daily":false,"chose_seed":false,"campfire_upgraded":0,"win_rate":0.0,"timestamp":1612452463,"path_taken":["M","?","$","M","M","E","M","E","T","R","E","?","E","?","R","BOSS","M","M","?","?","?","E"],"items_purchased_type":["Relic","Card"],"build_version":"2020-12-22","purchased_purges":0,"victory":false,"max_hp_per_floor":[75,75,75,75,75,75,75,75,75,75,75,75,75,75,75,75,75,75,75,75,75,75,75,75],"card_choices":[{"not_picked":["Skim","Cold Snap"],"picked":"FTL","floor":1},{"not_picked":["Tempest","Leap"],"picked":"Gash","floor":4},{"not_picked":["BasicCrystalCard","Barrage"],"picked":"Compile Driver","floor":5},{"not_picked":["ReplayTheSpireMod:Calculation Training","Tempest"],"picked":"Conserve Battery","floor":6},{"not_picked":["Tempest","Glacier"],"picked":"Cold Snap","floor":7},{"not_picked":["Core Surge","Doom and Gloom"],"picked":"Scrape","floor":8},{"not_picked":["Panic Button","Steam"],"picked":"Chill","floor":11},{"not_picked":["Redo","Force Field"],"picked":"Loop","floor":12},{"not_picked":["Compile Driver","ReplayTheSpireMod:Calculation Training"],"picked":"Rebound","floor":13},{"not_picked":["Go for the Eyes","Hologram"],"picked":"Melter","floor":14},{"not_picked":["Amplify","Meteor Strike"],"picked":"ReplayTheSpireMod:Omega Cannon","floor":16},{"not_picked":["Barrage+1","Melter"],"picked":"Panic Button","floor":18},{"not_picked":["Cold Snap","Streamline+1"],"picked":"Stack+1","floor":19},{"not_picked":["Stack","Coolheaded"],"picked":"Barrage+1","floor":20}],"player_experience":763572,"relics_obtained":[{"floor":6,"key":"Whetstone"},{"floor":8,"key":"ReplayFunnel"},{"floor":9,"key":"Cables"},{"floor":11,"key":"Old Coin"},{"floor":13,"key":"Replay:Wax Seal"}],"event_choices":[{"damage_healed":0,"gold_gain":0,"player_choice":"Got Potions","damage_taken":0,"max_hp_gain":0,"max_hp_loss":0,"event_name":"Lab","floor":2,"gold_loss":0},{"damage_healed":0,"gold_gain":0,"player_choice":"Obtained Relic","damage_taken":0,"relics_obtained":["Sundial"],"max_hp_gain":0,"max_hp_loss":0,"event_name":"Addict","floor":21,"gold_loss":85},{"cards_removed":["Defend_B"],"damage_healed":0,"gold_gain":0,"player_choice":"Purged","damage_taken":0,"max_hp_gain":0,"max_hp_loss":0,"event_name":"Purifier","floor":22,"gold_loss":0}],"is_beta":false,"boss_relics":[{"not_picked":["Coffee Dripper","Replay:Drink Me"],"picked":"Black Star"}],"items_purged_floors":[],"is_endless":false,"potions_floor_spawned":[1,5,6,7,8,16,20],"killed_by":"Book of Stabbing","ascension_level":7}}