{"host":"2tgyrzvaa7l04o2e","time":1612457738,"event":{"mods":["BaseMod","Highlight Path","Minty Spire (QoL Compilation)","Permanent Neow","Relic Stats"],"gold_per_floor":[111,123,140,153,78,108,108,134,134,134,134],"floor_reached":10,"language":"ENG","playtime":369,"items_purged":[],"score":140,"play_id":"a2106456-6a82-4e59-ae32-c80509de9c17","local_time":"20210204175538","is_ascension_mode":true,"campfire_choices":[{"floor":7,"key":"REST"}],"circlet_count":0,"master_deck":["AscendersBane","Strike_B","Strike_B","Strike_B","Defend_B","Defend_B","Defend_B","Defend_B","Zap","Dualcast","Capacitor","Streamline","Storm","Hologram","Chill","Heatsinks"],"relics":["Cracked Core","Potion Belt","PreservedInsect","Boot","Question Card"],"acts_visited":["Exordium"],"potions_floor_usage":[6,8,8],"damage_taken":[{"damage":6,"enemies":"Cultist","floor":1,"turns":3},{"damage":2,"enemies":"2 Louse","floor":2,"turns":3},{"damage":0,"enemies":"Small Slimes","floor":3,"turns":2},{"damage":19,"enemies":"Blue Slaver","floor":4,"turns":4},{"damage":23,"enemies":"Lagavulin","floor":6,"turns":6},{"damage":26,"enemies":"3 Sentries","floor":8,"turns":6},{"damage":15,"enemies":"Lagavulin","floor":10,"turns":4}],"seed_played":"-3655815689225516989","potions_obtained":[{"floor":1,"key":"Fire Potion"},{"floor":2,"key":"AttackPotion"},{"floor":6,"key":"EssenceOfSteel"}],"is_trial":false,"path_per_floor":["M","M","M","M","?","E","R","E","T","E"],"character_chosen":"DEFECT","items_purchased":[],"campfire_rested":1,"item_purchase_floors":[],"current_hp_per_floor":[58,56,56,37,37,14,35,9,9,0,0],"gold":134,"neow_bonus":"RANDOM_COMMON_RELIC","is_daily":false,"chose_seed":false,"campfire_upgraded":0,"win_rate":0.0,"timestamp":1612457738,"path_taken":["M","M","M","?","?","E","R","E","T","E"],"items_purchased_type":[],"build_version":"2020-12-22","purchased_purges":0,"victory":false,"max_hp_per_floor":[71,71,71,71,71,71,71,71,71,71,71],"relic_stats":{"counters":[7,28],"PreservedInsect":63,"Boot":[0],"Question Card":0,"obtain_stats":[{"Potion Belt":0,"PreservedInsect":6,"Cracked Core":0,"Boot":8,"Question Card":9},{"Potion Belt":0,"PreservedInsect":5,"Cracked Core":0,"Boot":6,"Question Card":6},{"Potion Belt":0,"PreservedInsect":18,"Cracked Core":0,"Boot":24,"Question Card":24}]},"card_choices":[{"not_picked":["Turbo","BootSequence"],"picked":"Capacitor","floor":1},{"not_picked":["Rebound","Compile Driver"],"picked":"Streamline","floor":2},{"not_picked":["Conserve Battery","Static Discharge"],"picked":"Storm","floor":3},{"not_picked":["Steam Power","Hello World"],"picked":"Hologram","floor":4},{"not_picked":["Multi-Cast","Lockon"],"picked":"Chill","floor":6},{"not_picked":["Reprogram","Self Repair"],"picked":"Heatsinks","floor":8}],"player_experience":697418,"relics_obtained":[{"floor":6,"key":"PreservedInsect"},{"floor":8,"key":"Boot"},{"floor":9,"key":"Question Card"}],"event_choices":[{"cards_removed":["Strike_B"],"damage_healed":0,"gold_gain":0,"player_choice":"Card Removal","damage_taken":0,"max_hp_gain":0,"max_hp_loss":0,"event_name":"The Cleric","floor":5,"gold_loss":75}],"is_beta":false,"boss_relics":[],"items_purged_floors":[],"is_endless":false,"potions_floor_spawned":[1,2,6],"killed_by":"Lagavulin","ascension_level":16}}