{"host":"k919bq8mkuzdqhzi","time":1612403569,"event":{"mods":["AchievementEnabler","BaseMod","Colored Map","Colored Powertips","DeckTracker","Minty Spire (QoL Compilation)","Relic Sorter","SuperFastMode"],"gold_per_floor":[369,369,381,393,404,432,432,432,432,93,93,93,114,114,114,114,114],"floor_reached":16,"language":"ENG","playtime":1300,"items_purged":["Strike_G"],"score":100,"play_id":"b918e4c6-446d-4dd4-a903-05c6a11a5eba","local_time":"20210203205249","is_ascension_mode":false,"campfire_choices":[{"data":"Leg Sweep","floor":7,"key":"SMITH"},{"floor":12,"key":"REST"},{"floor":15,"key":"REST"}],"circlet_count":0,"master_deck":["Strike_G","Strike_G","Strike_G","Defend_G","Defend_G","Defend_G","Defend_G","Defend_G","Survivor","Neutralize","Sucker Punch","Night Terror","Dagger Spray","Dodge and Roll","Outmaneuver","Leg Sweep+1","Injury","Infinite Blades","Expertise","Footwork"],"relics":["Ring of the Snake","Bag of Marbles","Golden Idol","Vajra","Tiny Chest","Pantograph"],"acts_visited":["Exordium"],"potions_floor_usage":[6,6],"damage_taken":[{"damage":0,"enemies":"Jaw Worm","floor":1,"turns":4},{"damage":0,"enemies":"Cultist","floor":3,"turns":4},{"damage":0,"enemies":"Small Slimes","floor":4,"turns":3},{"damage":9,"enemies":"Exordium Thugs","floor":5,"turns":6},{"damage":52,"enemies":"Lagavulin","floor":6,"turns":10},{"damage":6,"enemies":"3 Louse","floor":13,"turns":6},{"damage":65,"enemies":"Slime Boss","floor":16,"turns":20}],"seed_played":"5966572462101350159","potions_obtained":[{"floor":4,"key":"PowerPotion"},{"floor":5,"key":"Regen Potion"}],"is_trial":false,"path_per_floor":["M","?","M","M","M","E","R","?","T","$","T","R","M","?","R","B"],"character_chosen":"THE_SILENT","items_purchased":["Infinite Blades","Expertise","Tiny Chest"],"campfire_rested":2,"item_purchase_floors":[10,10,10],"current_hp_per_floor":[63,63,63,63,54,17,17,17,17,17,17,35,29,22,40,0,0],"gold":114,"neow_bonus":"TWO_FIFTY_GOLD","is_daily":false,"chose_seed":false,"campfire_upgraded":1,"win_rate":0.0,"timestamp":1612403569,"path_taken":["M","?","?","M","M","E","R","?","T","$","?","R","M","?","R","BOSS"],"items_purchased_type":["Card","Card","Relic"],"build_version":"2020-12-22","purchased_purges":1,"victory":false,"max_hp_per_floor":[63,63,63,63,63,63,63,63,63,63,63,63,63,63,63,63,63],"card_choices":[{"not_picked":["Underhanded Strike","Expertise"],"picked":"Sucker Punch","floor":1},{"not_picked":["Slice","Quick Slash"],"picked":"Dagger Spray","floor":3},{"not_picked":["Riddle With Holes","Quick Slash"],"picked":"Dodge and Roll","floor":4},{"not_picked":["Bane","Reflex"],"picked":"Outmaneuver","floor":5},{"not_picked":["Unload","Deadly Poison"],"picked":"Leg Sweep","floor":6},{"not_picked":["Sucker Punch","Outmaneuver"],"picked":"Footwork","floor":13}],"player_experience":76841,"relics_obtained":[{"floor":6,"key":"Bag of Marbles"},{"floor":9,"key":"Vajra"},{"floor":11,"key":"Pantograph"}],"event_choices":[{"damage_healed":0,"gold_gain":0,"player_choice":"1 cards matched","damage_taken":0,"max_hp_gain":0,"max_hp_loss":0,"event_name":"Match and Keep!","floor":2,"gold_loss":0,"cards_obtained":["Night Terror"]},{"damage_healed":0,"gold_gain":0,"player_choice":"Take Wound","damage_taken":0,"relics_obtained":["Golden Idol"],"max_hp_gain":0,"max_hp_loss":0,"event_name":"Golden Idol","floor":8,"gold_loss":0,"cards_obtained":["Injury"]},{"cards_removed":["Strike_G"],"damage_healed":0,"gold_gain":0,"player_choice":"Card Removal","damage_taken":7,"max_hp_gain":0,"max_hp_loss":0,"event_name":"Golden Wing","floor":14,"gold_loss":0}],"is_beta":false,"boss_relics":[],"items_purged_floors":[10],"is_endless":false,"potions_floor_spawned":[4,5],"killed_by":"Slime Boss","ascension_level":0}}