{"host":"aapp7ew3jk5k1bvd","time":1612440084,"event":{"mods":["AchievementEnabler","BaseMod","Colored Map","Minty Spire (QoL Compilation)","Permanent Neow","StSLib","SuperFastMode"],"gold_per_floor":[114,189,200,200,211,211,236,236,259,259,259,277,295,295,295,295,295],"floor_reached":16,"language":"KOR","playtime":278,"items_purged":[],"score":100,"play_id":"98beed6e-3779-4bf9-ae97-4364e1338afa","local_time":"20210204210124","is_ascension_mode":false,"campfire_choices":[{"data":"Armaments","floor":6.0,"key":"SMITH"},{"data":"Bash","floor":11.0,"key":"SMITH"},{"floor":15.0,"key":"REST"}],"circlet_count":0,"master_deck":["Strike_R","Strike_R","Strike_R+1","Strike_R+1","Strike_R","Defend_R","Defend_R","Defend_R","Bash+1","Armaments+1","Twin Strike"],"relics":["Burning Blood","Tiny Chest","Du-Vu Doll","Ginger","Smiling Mask","Pear"],"acts_visited":["Exordium"],"potions_floor_usage":[16,16],"damage_taken":[{"damage":14.0,"enemies":"Jaw Worm","floor":1.0,"turns":7.0},{"damage":0.0,"enemies":"Small Slimes","floor":3.0,"turns":3.0},{"damage":0.0,"enemies":"2 Louse","floor":5.0,"turns":3.0},{"damage":40.0,"enemies":"Lagavulin","floor":7.0,"turns":7.0},{"damage":7.0,"enemies":"Red Slaver","floor":12.0,"turns":6.0},{"damage":8.0,"enemies":"2 Fungi Beasts","floor":13.0,"turns":4.0},{"damage":50,"enemies":"The Guardian","floor":16,"turns":9}],"seed_played":"8728098014457163371","potions_obtained":[{"floor":3.0,"key":"FearPotion"},{"floor":12.0,"key":"Strength Potion"},{"floor":13.0,"key":"Strength Potion"}],"is_trial":false,"path_per_floor":["M","?","M","?","M","R","E","T","T","T","R","M","M","?","R","B"],"character_chosen":"IRONCLAD","items_purchased":[],"campfire_rested":1,"item_purchase_floors":[],"current_hp_per_floor":[72,61,67,60,66,66,32,32,32,42,42,41,39,21,48,0,0],"gold":295,"neow_bonus":"RANDOM_COMMON_RELIC","is_daily":false,"chose_seed":false,"campfire_upgraded":2,"win_rate":0.0,"timestamp":1612440084,"path_taken":["M","?","M","?","M","R","E","?","T","?","R","?","M","?","R","BOSS"],"items_purchased_type":[],"build_version":"2020-12-22","purchased_purges":0,"victory":false,"max_hp_per_floor":[80,80,80,80,80,80,80,80,80,90,90,90,90,90,90,90,90],"card_choices":[{"not_picked":["Cleave","Sword Boomerang"],"picked":"Armaments","floor":1.0},{"not_picked":["Wild Strike","Rampage","Entrench"],"picked":"SKIP","floor":3.0},{"not_picked":["True Grit","Headbutt","Anger"],"picked":"SKIP","floor":5.0},{"not_picked":["Heavy Blade","Ghostly Armor","Combust"],"picked":"SKIP","floor":7.0},{"not_picked":["Clash","Armaments"],"picked":"Twin Strike","floor":12.0},{"not_picked":["Rage","Spot Weakness","Metallicize"],"picked":"SKIP","floor":13.0},{"not_picked":["Rage","Spot Weakness","Metallicize"],"picked":"SKIP","floor":13.0}],"player_experience":1311032,"relics_obtained":[{"floor":7.0,"key":"Du-Vu Doll"},{"floor":8.0,"key":"Ginger"},{"floor":9.0,"key":"Smiling Mask"},{"floor":10.0,"key":"Pear"}],"event_choices":[{"damage_healed":0.0,"max_hp_gain":0.0,"max_hp_loss":0.0,"gold_gain":75.0,"event_name":"World of Goop","player_choice":"Gather Gold","floor":2.0,"gold_loss":0.0,"damage_taken":11.0},{"cards_removed":["Defend_R"],"damage_healed":0.0,"max_hp_gain":0.0,"max_hp_loss":0.0,"gold_gain":0.0,"event_name":"Golden Wing","player_choice":"Card Removal","floor":4.0,"gold_loss":0.0,"damage_taken":7.0},{"damage_healed":0.0,"max_hp_gain":0.0,"max_hp_loss":0.0,"gold_gain":0.0,"event_name":"Shining Light","player_choice":"Entered Light","floor":14.0,"gold_loss":0.0,"damage_taken":18.0,"cards_upgraded":["Strike_R","Strike_R"]}],"is_beta":false,"boss_relics":[],"items_purged_floors":[],"is_endless":false,"potions_floor_spawned":[3,12,13],"killed_by":"The Guardian","ascension_level":0}}