{"host":"lzlnscgb2n0l5w2m","time":1612405519,"event":{"mods":["AchievementEnabler","Act Like it!","BaseMod","Block Reminder","Colored Map","Colored Powertips","Highlight Path","Marisa¡]Ãú«B¡@Å]²z¨F¡^","Minty Spire (QoL Compilation)","Permanent Neow","Relic Stats","StSLib","The Cursed"],"gold_per_floor":[116,116,129,129,148,200,234,234,234,271,271,306,85,117,117,237,237,257,297,337,61,81,81],"floor_reached":22,"language":"ZHS","playtime":2129,"items_purged":["Defend_MRS","Strike_MRS"],"score":190,"play_id":"4370028a-9981-4961-9fba-51f5cb510ec0","local_time":"20210204102519","is_ascension_mode":false,"campfire_choices":[{"data":"Robbery","floor":8,"key":"SMITH"},{"data":"Chrysalis","floor":11,"key":"SMITH"},{"data":"EarthLightRay","floor":15,"key":"SMITH"}],"circlet_count":0,"master_deck":["Strike_MRS","Strike_MRS","Defend_MRS","Defend_MRS","Defend_MRS","MasterSpark","UpSweep","Chrysalis+1","DC","PowerUp","Robbery+1","ManaConvection","EarthLightRay+1","MagicAbsorber","6A+1","Acceleration"],"relics":["MiniHakkero","Art of War","Bottled Flame","Lee\u0027s Waffle","Philosopher\u0027s Stone","Medical Kit"],"acts_visited":["Exordium","TheCity"],"potions_floor_usage":[6,6,22],"damage_taken":[{"damage":2.0,"enemies":"2 Louse","floor":1.0,"turns":2.0},{"damage":0,"enemies":"Small Slimes","floor":3,"turns":3},{"damage":1,"enemies":"Cultist","floor":5,"turns":4},{"damage":25,"enemies":"Lagavulin","floor":6,"turns":4},{"damage":6,"enemies":"Exordium Thugs","floor":7,"turns":4},{"damage":9,"enemies":"2 Fungi Beasts","floor":10,"turns":3},{"damage":10,"enemies":"Looter","floor":12,"turns":3},{"damage":0,"enemies":"Large Slime","floor":14,"turns":6},{"damage":41,"enemies":"Slime Boss","floor":16,"turns":10},{"damage":11,"enemies":"Spheric Guardian","floor":18,"turns":3},{"damage":25,"enemies":"Shell Parasite","floor":19,"turns":5},{"damage":27,"enemies":"Shelled Parasite and Fungi","floor":20,"turns":5},{"damage":36,"enemies":"Centurion and Healer","floor":22,"turns":3}],"seed_played":"1715164555670862704","potions_obtained":[{"floor":3,"key":"AttackPotion"},{"floor":6,"key":"EntropicBrew"}],"is_trial":false,"path_per_floor":["M","?","M","?","M","E","M","R","T","M","R","M","$","M","R","B",null,"M","M","M","$","M"],"character_chosen":"MARISA","items_purchased":["Lee\u0027s Waffle","Acceleration","Medical Kit"],"campfire_rested":0,"item_purchase_floors":[13,21,21],"current_hp_per_floor":[73,73,73,73,72,47,41,41,41,32,32,22,82,82,82,47,82,71,52,25,25,0,0],"gold":81,"neow_bonus":"RANDOM_COLORLESS_2","is_daily":false,"chose_seed":false,"campfire_upgraded":3,"win_rate":0.0,"timestamp":1612405519,"path_taken":["M","?","M","?","M","E","M","R","T","M","R","M","$","M","R","BOSS","M","M","M","$","?"],"items_purchased_type":["Relic","Card","Relic"],"build_version":"2020-12-22","purchased_purges":2,"victory":false,"max_hp_per_floor":[75,75,75,75,75,75,75,75,75,75,75,75,82,82,82,82,82,82,82,82,82,82,82],"relic_stats":{"Lee\u0027s Waffle":60,"counters":[13,55],"Art of War":[4],"Medical Kit":[0],"obtain_stats":[{"Bottled Flame":9,"Lee\u0027s Waffle":13,"Philosopher\u0027s Stone":17,"Art of War":6,"MiniHakkero":0,"Medical Kit":21,"Mercury Hourglass":20},{"Bottled Flame":5,"Lee\u0027s Waffle":7,"Philosopher\u0027s Stone":9,"Art of War":4,"MiniHakkero":0,"Medical Kit":12,"Mercury Hourglass":12},{"Bottled Flame":17,"Lee\u0027s Waffle":23,"Philosopher\u0027s Stone":39,"Art of War":13,"MiniHakkero":0,"Medical Kit":52,"Mercury Hourglass":51}]},"card_choices":[{"not_picked":["Transmutation","Sadistic Nature"],"picked":"Chrysalis","floor":0.0},{"not_picked":["MysteriousBeam","DoubleSpark"],"picked":"DC","floor":1.0},{"not_picked":["FairyDestructionRay","GravityBeat"],"picked":"PowerUp","floor":3},{"not_picked":["Orbital","PowerUp"],"picked":"Robbery","floor":5},{"not_picked":["UnstableBomb","MachineGunSpark","6A"],"picked":"SKIP","floor":6},{"not_picked":["Acceleration","MysteriousBeam","BlazeAway"],"picked":"SKIP","floor":7},{"not_picked":["OortCloud","Acceleration","UnstableBomb"],"picked":"SKIP","floor":10},{"not_picked":["OortCloud","EventHorizon"],"picked":"ManaConvection","floor":12},{"not_picked":["Occultation","LuminesStrike"],"picked":"EarthLightRay","floor":14},{"not_picked":["ShootingEcho","ChargingUp+1"],"picked":"MagicAbsorber","floor":18},{"not_picked":["StarBarrage","DoubleSpark","LuminesStrike"],"picked":"SKIP","floor":19},{"not_picked":["OortCloud","Singularity"],"picked":"6A+1","floor":20}],"player_experience":286400,"relics_obtained":[{"floor":6,"key":"Art of War"},{"floor":9,"key":"Bottled Flame"}],"event_choices":[{"cards_removed":["Decay"],"damage_healed":0,"gold_gain":0,"player_choice":"Forget","damage_taken":0,"max_hp_gain":0,"max_hp_loss":0,"event_name":"Living Wall","floor":2,"gold_loss":0},{"cards_removed":["Strike_MRS"],"damage_healed":0,"gold_gain":0,"player_choice":"Purged","damage_taken":0,"max_hp_gain":0,"max_hp_loss":0,"event_name":"Purifier","floor":4,"gold_loss":0}],"is_beta":false,"boss_relics":[{"not_picked":["Black Star","Astrolabe"],"picked":"Philosopher\u0027s Stone"}],"items_purged_floors":[13,21],"is_endless":false,"potions_floor_spawned":[3,6,14,19],"killed_by":"Centurion and Healer","ascension_level":0}}