{"host":"6fkscwgr344hcmao","time":1612465554,"event":{"mods":["2.2 Compatiblity","AchievementEnabler","BaseMod","Colored Map","Highlight Path","Minty Spire (QoL Compilation)","Random Character Button","Rare Cards Sparkle"],"gold_per_floor":[109,126,126,146,164,164,164,164,244,258,275,44,64,93,93,191,191,202,217,35,52,52,52,62,62,113,113,129,129,147,166,166,267,267,279,333,333,1,1,1,20,0,0,25,25,25,25,375,375,375,375,375,5,40,40,40],"floor_reached":55,"language":"POL","playtime":3262,"items_purged":["Decay","Strike_R","Strike_R","Bash"],"score":722,"play_id":"8284b7e0-4b5f-4e3b-80fb-ea5574d1f5ec","local_time":"20210204200554","is_ascension_mode":false,"campfire_choices":[{"data":"Rampage","floor":6.0,"key":"SMITH"},{"floor":15.0,"key":"REST"},{"floor":23.0,"key":"REST"},{"data":"Offering","floor":25.0,"key":"SMITH"},{"floor":27.0,"key":"RECALL"},{"data":"Deep Breath","floor":29.0,"key":"SMITH"},{"floor":32.0,"key":"REST"},{"floor":40.0,"key":"REST"},{"data":"Double Tap","floor":45.0,"key":"SMITH"},{"data":"Warcry","floor":49.0,"key":"SMITH"},{"data":"Warcry","floor":52.0,"key":"SMITH"}],"circlet_count":0,"master_deck":["Defend_R","Defend_R","Defend_R","Defend_R","Deep Breath+1","Rampage+1","Offering+1","Warcry+1","Flash of Steel","Double Tap+1","Warcry+1","Finesse","Warcry+1","Headbutt+1","Violence","Warcry"],"relics":["Burning Blood","TheAbacus","PreservedInsect","Empty Cage","Bag of Marbles","SacredBark","FossilizedHelix","Strange Spoon","Red Mask","Paper Frog","Old Coin","Lantern"],"acts_visited":["Exordium","TheCity","TheBeyond","TheEnding"],"potions_floor_usage":[55,55],"damage_taken":[{"damage":3.0,"enemies":"Small Slimes","floor":1.0,"turns":4.0},{"damage":1.0,"enemies":"Cultist","floor":2.0,"turns":3.0},{"damage":1.0,"enemies":"Jaw Worm","floor":4.0,"turns":3.0},{"damage":8.0,"enemies":"2 Fungi Beasts","floor":5.0,"turns":3.0},{"damage":29.0,"enemies":"Gremlin Gang","floor":10.0,"turns":6.0},{"damage":8.0,"enemies":"Large Slime","floor":11.0,"turns":5.0},{"damage":6.0,"enemies":"3 Louse","floor":13.0,"turns":4.0},{"damage":6.0,"enemies":"Gremlin Nob","floor":14.0,"turns":2.0},{"damage":34.0,"enemies":"Slime Boss","floor":16.0,"turns":12.0},{"damage":11.0,"enemies":"3 Byrds","floor":18.0,"turns":6.0},{"damage":16.0,"enemies":"2 Thieves","floor":19.0,"turns":5.0},{"damage":6.0,"enemies":"Cultist and Chosen","floor":21.0,"turns":4.0},{"damage":16.0,"enemies":"Snecko","floor":24.0,"turns":5.0},{"damage":7.0,"enemies":"Shelled Parasite and Fungi","floor":28.0,"turns":4.0},{"damage":22.0,"enemies":"Snake Plant","floor":30.0,"turns":2.0},{"damage":6.0,"enemies":"Centurion and Healer","floor":31.0,"turns":3.0},{"damage":25.0,"enemies":"Automaton","floor":33.0,"turns":6.0},{"damage":11.0,"enemies":"3 Shapes","floor":35.0,"turns":3.0},{"damage":32.0,"enemies":"2 Orb Walkers","floor":36.0,"turns":4.0},{"damage":14.0,"enemies":"3 Darklings","floor":41.0,"turns":6.0},{"damage":4.0,"enemies":"Reptomancer","floor":44.0,"turns":2.0},{"damage":0.0,"enemies":"Mind Bloom Boss Battle","floor":48.0,"turns":5.0},{"damage":46.0,"enemies":"Donu and Deca","floor":50.0,"turns":5.0},{"damage":10.0,"enemies":"Shield and Spear","floor":54.0,"turns":3.0},{"damage":87,"enemies":"The Heart","floor":55,"turns":3}],"seed_played":"3995833637828426263","potions_obtained":[{"floor":1.0,"key":"Strength Potion"},{"floor":3.0,"key":"Energy Potion"},{"floor":3.0,"key":"LiquidMemories"},{"floor":11.0,"key":"Strength Potion"},{"floor":13.0,"key":"LiquidBronze"},{"floor":16.0,"key":"LiquidMemories"},{"floor":19.0,"key":"Regen Potion"},{"floor":24.0,"key":"Dexterity Potion"},{"floor":33.0,"key":"Block Potion"},{"floor":41.0,"key":"Block Potion"},{"floor":44.0,"key":"AttackPotion"},{"floor":54.0,"key":"GamblersBrew"}],"is_trial":false,"path_per_floor":["M","M","?","M","M","R","?","?","T","M","M","$","M","E","R","B",null,"M","M","$","M","?","R","M","R","T","R","M","R","M","M","R","B",null,"M","?","?","$","?","R","M","?","T","E","R","?","$","?","R","B",null,"R","$","E","B"],"character_chosen":"IRONCLAD","items_purchased":["TheAbacus","Flash of Steel","Warcry","Strange Spoon","Violence","Warcry"],"campfire_rested":4,"item_purchase_floors":[12,20,38,38,53,53],"current_hp_per_floor":[80,80,80,80,78,78,78,78,78,55,53,53,53,53,77,49,80,75,65,65,65,50,75,65,65,65,65,73,73,57,57,82,63,85,80,54,54,54,54,78,70,70,70,72,72,72,72,78,78,38,81,81,81,77,0,0],"gold":40,"neow_bonus":"RANDOM_COLORLESS","is_daily":false,"chose_seed":false,"campfire_upgraded":6,"win_rate":0.0,"timestamp":1612465554,"path_taken":["M","M","?","M","?","R","?","?","T","M","M","$","M","E","R","BOSS","M","?","$","M","?","R","M","R","T","R","M","R","M","M","R","BOSS","M","?","?","$","?","R","M","?","T","E","R","?","$","?","R","BOSS","R","$","E","BOSS"],"items_purchased_type":["Relic","Card","Card","Relic","Card","Card"],"build_version":"2020-12-22","purchased_purges":4,"victory":false,"max_hp_per_floor":[80,80,80,80,80,80,80,80,80,80,80,80,80,80,80,80,80,80,80,80,80,85,85,85,85,85,85,85,85,85,85,85,85,85,85,85,81,81,81,81,81,81,81,81,81,81,81,81,81,81,81,81,81,81,81,81],"card_choices":[{"not_picked":["Forethought","Panacea"],"picked":"Deep Breath","floor":0.0},{"not_picked":["Dark Embrace","Blood for Blood"],"picked":"Rampage","floor":1.0},{"not_picked":["Perfected Strike","Clothesline","Feel No Pain"],"picked":"SKIP","floor":2.0},{"not_picked":["Armaments","Cleave","Thunderclap"],"picked":"SKIP","floor":4.0},{"not_picked":["Second Wind","Armaments"],"picked":"Headbutt","floor":5.0},{"not_picked":["Clash","Body Slam","Anger"],"picked":"SKIP","floor":10.0},{"not_picked":["Flame Barrier","Entrench"],"picked":"Offering","floor":11.0},{"not_picked":["Anger","Thunderclap","Bloodletting"],"picked":"SKIP","floor":13.0},{"not_picked":["Flame Barrier","Wild Strike"],"picked":"Warcry","floor":14.0},{"not_picked":["Headbutt+1","Havoc","Perfected Strike"],"picked":"SKIP","floor":18.0},{"not_picked":["Fire Breathing","Shockwave","Barricade"],"picked":"SKIP","floor":19.0},{"not_picked":["Feel No Pain","Cleave","Shockwave"],"picked":"SKIP","floor":21.0},{"not_picked":["Whirlwind+1","Rampage","Sword Boomerang"],"picked":"SKIP","floor":24.0},{"not_picked":["Anger","Spot Weakness","Dropkick"],"picked":"SKIP","floor":28.0},{"not_picked":["Iron Wave","Spot Weakness","Intimidate+1"],"picked":"SKIP","floor":30.0},{"not_picked":["Disarm+1","Heavy Blade","Hemokinesis"],"picked":"SKIP","floor":31.0},{"not_picked":["Berserk","Fiend Fire"],"picked":"Double Tap","floor":33.0},{"not_picked":["Dropkick","Clash","Seeing Red+1"],"picked":"SKIP","floor":35.0},{"not_picked":["Panacea","Bandage Up"],"picked":"Finesse","floor":39.0},{"not_picked":["Infernal Blade+1","Searing Blow+1","Pommel Strike+1"],"picked":"SKIP","floor":41.0},{"not_picked":["Infernal Blade+1","Searing Blow+1","Pommel Strike+1"],"picked":"SKIP","floor":41.0},{"not_picked":["Wild Strike","Body Slam"],"picked":"Warcry+1","floor":44.0},{"not_picked":["Dark Embrace","Thunderclap"],"picked":"Headbutt+1","floor":48.0},{"not_picked":["Inflame+1","Uppercut","Anger"],"picked":"SKIP","floor":54.0}],"player_experience":232206,"relics_obtained":[{"floor":14.0,"key":"PreservedInsect"},{"floor":26.0,"key":"Bag of Marbles"},{"floor":36.0,"key":"FossilizedHelix"},{"floor":44.0,"key":"Paper Frog"},{"floor":48.0,"key":"Old Coin"},{"floor":54.0,"key":"Lantern"}],"event_choices":[{"damage_healed":0.0,"max_hp_gain":0.0,"max_hp_loss":0.0,"gold_gain":0.0,"event_name":"Lab","player_choice":"Got Potions","floor":3.0,"gold_loss":0.0,"damage_taken":0.0},{"cards_removed":["Strike_R"],"damage_healed":0.0,"max_hp_gain":0.0,"max_hp_loss":0.0,"gold_gain":0.0,"event_name":"Living Wall","player_choice":"Forget","floor":7.0,"gold_loss":0.0,"damage_taken":0.0},{"damage_healed":0.0,"max_hp_gain":0.0,"max_hp_loss":0.0,"gold_gain":0.0,"event_name":"Wheel of Change","player_choice":"Cursed","floor":8.0,"gold_loss":0.0,"damage_taken":0.0,"cards_obtained":["Decay"]},{"damage_healed":0.0,"max_hp_gain":5.0,"max_hp_loss":0.0,"gold_gain":0.0,"event_name":"Forgotten Altar","player_choice":"Shed Blood","floor":22.0,"gold_loss":0.0,"damage_taken":20.0},{"damage_healed":0.0,"max_hp_gain":0.0,"max_hp_loss":0.0,"gold_gain":0.0,"event_name":"Mysterious Sphere","player_choice":"Fight","floor":36.0,"gold_loss":0.0,"damage_taken":0.0},{"damage_healed":0.0,"max_hp_gain":0.0,"max_hp_loss":4.0,"gold_gain":0.0,"event_name":"Winding Halls","player_choice":"Max HP","floor":37.0,"gold_loss":0.0,"damage_taken":0.0},{"damage_healed":0.0,"max_hp_gain":0.0,"max_hp_loss":0.0,"gold_gain":0.0,"event_name":"SensoryStone","player_choice":"Memory 1","floor":39.0,"gold_loss":0.0,"damage_taken":0.0},{"damage_healed":0.0,"max_hp_gain":0.0,"max_hp_loss":0.0,"gold_gain":0.0,"event_name":"Tomb of Lord Red Mask","player_choice":"Paid","floor":42.0,"gold_loss":20.0,"damage_taken":0.0,"relics_obtained":["Red Mask"]},{"cards_removed":["Headbutt"],"damage_healed":0.0,"max_hp_gain":0.0,"max_hp_loss":0.0,"gold_gain":0.0,"event_name":"Falling","player_choice":"Removed Attack","floor":46.0,"gold_loss":0.0,"damage_taken":0.0},{"damage_healed":0.0,"max_hp_gain":0.0,"max_hp_loss":0.0,"gold_gain":0.0,"event_name":"MindBloom","player_choice":"Fight","floor":48.0,"gold_loss":0.0,"damage_taken":0.0}],"is_beta":false,"boss_relics":[{"not_picked":["Snecko Eye","Sozu"],"picked":"Empty Cage"},{"not_picked":["Coffee Dripper","Black Star"],"picked":"SacredBark"}],"items_purged_floors":[12,20,38,53],"is_endless":false,"potions_floor_spawned":[1,4,11,13,16,19,24,33,41,44,54],"killed_by":"The Heart","ascension_level":0}}