{"host":"u0hb5we0hmj7y3yv","time":1612455287,"event":{"mods":["BaseMod","Colored Powertips","KinomotoSakuraMod(Ä¾Ö®±¾Ó£)","Marisa£¨ìFÓê¡¡Ä§ÀíÉ³£©","Minty Spire (QoL Compilation)"],"gold_per_floor":[119,47,67,85,97,128,145,145,145,145,158,192,204,232,232,330,330,341,110,125,137,137,137,157,72,72,82,109,128,163,163,163,261,261,272,117,172,225,225,225,2,30,57,57,91,91,119,130,130,130,130,130,50,75,75],"floor_reached":56,"language":"ZHS","playtime":3191,"items_purged":["ClowCardTheSword"],"score":1734,"play_id":"638f3969-dca4-4a1a-adcf-3eeb8097e018","local_time":"20210205001447","is_ascension_mode":true,"campfire_choices":[{"data":"ClowCardTheArrow","floor":8.0,"key":"SMITH"},{"data":"ClowCardTheGlow","floor":10.0,"key":"SMITH"},{"data":"ClowCardTheWave","floor":15.0,"key":"SMITH"},{"data":"ClowCardTheBig","floor":23.0,"key":"SMITH"},{"data":"ClowCardTheGlow","floor":32.0,"key":"SMITH"},{"floor":40.0,"key":"RECALL"},{"floor":46.0,"key":"REST"},{"floor":49.0,"key":"REST"},{"floor":52.0,"key":"REST"}],"circlet_count":0,"master_deck":["SakuraCardTheMove+","SakuraCardTheBig+","SakuraCardTheShield+","ClowCardTheSword+1","ClowCardTheSword+1","ClowCardTheSword+1","ClowCardTheShield+1","ClowCardTheShield+1","ClowCardTheShield+1","SpellCardSeal","SpellCardRelease","ClowCardTheSleep","ClowCardTheWave+1","ClowCardTheArrow+1","ClowCardTheGlow+1","ClowCardTheRain","ClowCardTheGlow+1","ClowCardTheMove","ClowCardTheTwin","ClowCardTheDash","ClowCardTheMirror","ClowCardTheDash","ClowCardTheArrow+1","ClowCardTheTime","ClowCardTheBubbles","ClowCardTheTwin","ClowCardTheFloat","ClowCardTheBig","ClowCardTheDark","ClowCardTheChange+1","ClowCardTheMirror+1","ClowCardTheBig","ClowCardTheMirror+1"],"relics":["KSMOD_SealedBook","KSMOD_SealedWand","Ancient Tea Set","MealTicket","Bottled Tornado","Pear","Gremlin Horn","Runic Dome","Happy Flower","Tiny Chest","Orichalcum","CaptainsWheel","Fusion Hammer","Oddly Smooth Stone","CatCart","Unceasing Top","White Beast Statue","Nunchaku","Incense Burner","Anchor","KSMOD_YukitosBentoBox","Toxic Egg 2","KSMOD_TaoistSuit"],"acts_visited":["Exordium","TheCity","TheBeyond","TheEnding"],"potions_floor_usage":[55,55,55,55,55],"damage_taken":[{"damage":3.0,"enemies":"Small Slimes","floor":1.0,"turns":3.0},{"damage":0.0,"enemies":"Jaw Worm","floor":3.0,"turns":5.0},{"damage":3.0,"enemies":"2 Louse","floor":4.0,"turns":5.0},{"damage":3.0,"enemies":"Blue Slaver","floor":5.0,"turns":5.0},{"damage":18.0,"enemies":"Lagavulin","floor":6.0,"turns":5.0},{"damage":0.0,"enemies":"Large Slime","floor":7.0,"turns":6.0},{"damage":0.0,"enemies":"2 Fungi Beasts","floor":11.0,"turns":1.0},{"damage":8.0,"enemies":"3 Sentries","floor":12.0,"turns":8.0},{"damage":0.0,"enemies":"Blue Slaver","floor":13.0,"turns":1.0},{"damage":8.0,"enemies":"Lagavulin","floor":14.0,"turns":5.0},{"damage":0.0,"enemies":"The Guardian","floor":16.0,"turns":6.0},{"damage":0.0,"enemies":"3 Byrds","floor":18.0,"turns":3.0},{"damage":0.0,"enemies":"Shell Parasite","floor":20.0,"turns":5.0},{"damage":0.0,"enemies":"3 Cultists","floor":21.0,"turns":2.0},{"damage":7.0,"enemies":"Centurion and Healer","floor":24.0,"turns":3.0},{"damage":6.0,"enemies":"Snake Plant","floor":27.0,"turns":3.0},{"damage":0.0,"enemies":"Book of Stabbing","floor":28.0,"turns":4.0},{"damage":0.0,"enemies":"Shelled Parasite and Fungi","floor":29.0,"turns":3.0},{"damage":8.0,"enemies":"Gremlin Leader","floor":30.0,"turns":4.0},{"damage":0.0,"enemies":"Collector","floor":33.0,"turns":6.0},{"damage":0.0,"enemies":"3 Shapes","floor":35.0,"turns":2.0},{"damage":0.0,"enemies":"Orin","floor":37.0,"turns":8.0},{"damage":8.0,"enemies":"2 Orb Walkers","floor":38.0,"turns":4.0},{"damage":0.0,"enemies":"Reptomancer","floor":42.0,"turns":3.0},{"damage":10.0,"enemies":"Giant Head","floor":45.0,"turns":6.0},{"damage":0.0,"enemies":"Reptomancer","floor":47.0,"turns":2.0},{"damage":0.0,"enemies":"Orb Walker","floor":48.0,"turns":3.0},{"damage":35.0,"enemies":"Awakened One","floor":50.0,"turns":7.0},{"damage":0,"enemies":"Shield and Spear","floor":54,"turns":4},{"damage":27,"enemies":"The Heart","floor":55,"turns":6}],"seed_played":"5314908987058634865","potions_obtained":[{"floor":4.0,"key":"LiquidBronze"},{"floor":7.0,"key":"DistilledChaos"},{"floor":11.0,"key":"AttackPotion"},{"floor":13.0,"key":"SkillPotion"},{"floor":24.0,"key":"DuplicationPotion"},{"floor":28.0,"key":"FairyPotion"},{"floor":29.0,"key":"SpeedPotion"},{"floor":37.0,"key":"Strength Potion"},{"floor":38.0,"key":"DistilledChaos"},{"floor":42.0,"key":"EntropicBrew"},{"floor":47.0,"key":"GamblersBrew"},{"floor":48.0,"key":"PowerPotion"}],"is_trial":false,"path_per_floor":["M","$","M","M","M","E","M","R","T","R","M","E","M","E","R","B",null,"M","$","M","M","?","R","M","?","T","M","E","M","E","?","R","B",null,"M","$","?","?","T","R","$","E","T","$","E","R","E","M","R","B",null,"R","$","E","B",null],"character_chosen":"KINOMOTOSAKURA","items_purchased":["ClowCardTheWave","Happy Flower","Oddly Smooth Stone","Nunchaku","ClowCardTheBig","ClowCardTheBig"],"campfire_rested":3,"item_purchase_floors":[2,19,36,41,41,53],"current_hp_per_floor":[67,67,67,64,61,43,43,43,43,43,43,45,45,37,37,37,80,80,80,80,80,80,80,73,73,73,67,67,67,59,44,44,44,85,85,85,85,77,77,77,85,85,85,85,75,85,85,85,85,50,85,85,85,85,58],"gold":75,"neow_bonus":"RANDOM_COMMON_RELIC","is_daily":false,"chose_seed":false,"campfire_upgraded":5,"win_rate":0.0,"timestamp":1612455287,"path_taken":["M","$","M","M","M","E","M","R","T","R","M","E","M","E","R","BOSS","M","$","M","M","?","R","M","?","T","M","E","M","E","?","R","BOSS","M","$","?","?","?","R","?","E","T","$","E","R","E","M","R","BOSS","R","$","E","BOSS"],"items_purchased_type":["Card","Relic","Relic","Relic","Card","Card"],"build_version":"2020-12-22","purchased_purges":1,"victory":true,"max_hp_per_floor":[70,70,70,70,70,70,70,70,70,70,70,80,80,80,80,80,80,80,80,80,80,80,80,80,80,80,80,80,80,80,85,85,85,85,85,85,85,85,85,85,85,85,85,85,85,85,85,85,85,85,85,85,85,85,85],"card_choices":[{"not_picked":["ClowCardTheCloud","ClowCardTheWood"],"picked":"ClowCardTheSleep","floor":1.0},{"not_picked":["ClowCardTheLibra","ClowCardTheShot","ClowCardTheSilent"],"picked":"SKIP","floor":3.0},{"not_picked":["ClowCardTheFly","ClowCardTheChange"],"picked":"ClowCardTheArrow","floor":4.0},{"not_picked":["ClowCardTheFloat","ClowCardThePower"],"picked":"ClowCardTheGlow","floor":5.0},{"not_picked":["ClowCardTheFight","ClowCardTheCloud","ClowCardTheDream"],"picked":"SKIP","floor":6.0},{"not_picked":["ClowCardTheSilent","ClowCardTheErase"],"picked":"ClowCardTheRain","floor":7.0},{"not_picked":["ClowCardTheStorm","ClowCardTheIllusion"],"picked":"ClowCardTheGlow","floor":11.0},{"not_picked":["ClowCardTheErase","ClowCardTheMaze","ClowCardTheDream"],"picked":"SKIP","floor":12.0},{"not_picked":["ClowCardTheFly","ClowCardTheSand"],"picked":"ClowCardTheMove","floor":13.0},{"not_picked":["ClowCardTheLittle","ClowCardTheSilent"],"picked":"ClowCardTheTwin","floor":14.0},{"not_picked":["ClowCardTheThrough","ClowCardTheThunder"],"picked":"ClowCardTheDash","floor":16.0},{"not_picked":["ClowCardTheMirror","ClowCardThePower","ClowCardTheSilent"],"picked":"SKIP","floor":18.0},{"not_picked":["ClowCardTheStorm","ClowCardTheVoice"],"picked":"ClowCardTheBig","floor":20.0},{"not_picked":["ClowCardTheVoice","ClowCardTheShot"],"picked":"ClowCardTheMirror","floor":21.0},{"not_picked":["ClowCardTheVoice+1","ClowCardTheErase"],"picked":"ClowCardTheDash","floor":24.0},{"not_picked":["ClowCardTheLibra","ClowCardTheVoice+1"],"picked":"ClowCardTheArrow+1","floor":27.0},{"not_picked":["ClowCardTheVoice","ClowCardTheMist","ClowCardTheIllusion"],"picked":"SKIP","floor":28.0},{"not_picked":["ClowCardTheCloud","ClowCardTheRain"],"picked":"ClowCardTheTime","floor":29.0},{"not_picked":["ClowCardTheShot","ClowCardTheSweet"],"picked":"ClowCardTheBubbles","floor":30.0},{"not_picked":["ClowCardTheDark","ClowCardTheDash"],"picked":"ClowCardTheTwin","floor":33.0},{"not_picked":["ClowCardTheMirror+1","ClowCardTheFirey"],"picked":"ClowCardTheFloat","floor":35.0},{"not_picked":["ClowCardTheEarthy+1","ClowCardTheSilent","ClowCardTheFly"],"picked":"SKIP","floor":42.0},{"not_picked":["ClowCardTheMaze","ClowCardTheSand+1"],"picked":"ClowCardTheDark","floor":45.0},{"not_picked":["ClowCardTheShot","ClowCardTheMist+1"],"picked":"ClowCardTheChange+1","floor":47.0},{"not_picked":["ClowCardTheWatery+1","ClowCardTheSand"],"picked":"ClowCardTheMirror+1","floor":48.0},{"not_picked":["ClowCardTheDream+1","ClowCardTheSleep+1"],"picked":"ClowCardTheMirror+1","floor":54}],"player_experience":77865,"relics_obtained":[{"floor":6.0,"key":"MealTicket"},{"floor":9.0,"key":"Bottled Tornado"},{"floor":12.0,"key":"Pear"},{"floor":14.0,"key":"Gremlin Horn"},{"floor":28.0,"key":"Orichalcum"},{"floor":30.0,"key":"CaptainsWheel"},{"floor":37.0,"key":"CatCart"},{"floor":38.0,"key":"Unceasing Top"},{"floor":39.0,"key":"White Beast Statue"},{"floor":42.0,"key":"Incense Burner"},{"floor":43.0,"key":"Anchor"},{"floor":45.0,"key":"KSMOD_YukitosBentoBox"},{"floor":47.0,"key":"Toxic Egg 2"},{"floor":54,"key":"KSMOD_TaoistSuit"}],"event_choices":[{"damage_healed":0.0,"max_hp_gain":0.0,"max_hp_loss":0.0,"gold_gain":0.0,"event_name":"Back to Basics","player_choice":"Simplicity","floor":22.0,"gold_loss":0.0,"damage_taken":0.0,"cards_upgraded":["ClowCardTheSword","ClowCardTheSword","ClowCardTheSword","ClowCardTheShield","ClowCardTheShield","ClowCardTheShield"]},{"damage_healed":0.0,"max_hp_gain":0.0,"max_hp_loss":0.0,"gold_gain":0.0,"event_name":"Addict","player_choice":"Obtained Relic","floor":25.0,"gold_loss":85.0,"damage_taken":0.0,"relics_obtained":["Tiny Chest"]},{"damage_healed":0.0,"max_hp_gain":5.0,"max_hp_loss":0.0,"gold_gain":0.0,"event_name":"Forgotten Altar","player_choice":"Shed Blood","floor":31.0,"gold_loss":0.0,"damage_taken":20.0},{"damage_healed":0.0,"max_hp_gain":0.0,"max_hp_loss":0.0,"gold_gain":0.0,"event_name":"OrinTheCat","player_choice":"Fight","floor":37.0,"gold_loss":0.0,"damage_taken":0.0},{"damage_healed":0.0,"max_hp_gain":0.0,"max_hp_loss":0.0,"gold_gain":0.0,"event_name":"Mysterious Sphere","player_choice":"Fight","floor":38.0,"gold_loss":0.0,"damage_taken":0.0}],"is_beta":false,"boss_relics":[{"not_picked":["Philosopher\u0027s Stone","Busted Crown"],"picked":"Runic Dome"},{"not_picked":["Empty Cage","Calling Bell"],"picked":"Fusion Hammer"}],"items_purged_floors":[19],"is_endless":false,"potions_floor_spawned":[4,7,11,13,14,24,27,28,29,30,37,38,42,45,47,48,54],"ascension_level":4}}