{"host":"e3jr8cs0hrgde9ri","time":1612467300,"event":{"mods":["2.2 Compatiblity","BaseMod","Highlight Path","Minty Spire (QoL Compilation)","Permanent Neow","Quick Restart","SuperFastMode"],"gold_per_floor":[111,111,121,138,154,154,181,194,276,290,301,327,172,207,207,304,304,321,337,337,350,0,0,35,35,35,61,80,96,96,196,196,300,300,335,62,137,180,180,180,180,265,265,51,77,90,123,139,139,139],"floor_reached":51,"language":"ENG","playtime":9464,"items_purged":["Strike_P","Strike_P","Strike_P"],"score":1191,"play_id":"45bd6cbb-e9c7-42d2-bc89-4ae50d5dd06f","local_time":"20210204113500","is_ascension_mode":true,"campfire_choices":[{"data":"EmptyFist","floor":6.0,"key":"SMITH"},{"data":"EmptyFist","floor":15.0,"key":"SMITH"},{"data":"ThirdEye","floor":23,"key":"SMITH"},{"data":"Protect","floor":25,"key":"SMITH"},{"floor":32,"key":"REST"},{"data":"Wish","floor":40,"key":"SMITH"},{"floor":49,"key":"REST"}],"circlet_count":0,"master_deck":["Defend_P","Defend_P","Defend_P","Defend_P","Eruption","Vigilance","EmptyFist+1","EmptyFist+1","Protect+1","Sanctity","CarveReality+1","FearNoEvil+1","Consecrate+1","Omniscience","ThirdEye+1","Wish+1","Vault","Feel No Pain+1","Blade Dance+1","DevaForm","TalkToTheHand+1","Tantrum+1","PiercingWail+1","Armaments+1","Parasite","Predator+1"],"relics":["Sozu","StoneCalendar","Molten Egg 2","Pocketwatch","PreservedInsect","Snecko Eye","HornCleat","Lantern","Question Card","InkBottle","Dead Branch","TeardropLocket","Cursed Key","PrismaticShard","CloakClasp","Oddly Smooth Stone","Medical Kit","Lizard Tail","CaptainsWheel"],"acts_visited":["Exordium","TheCity","TheBeyond"],"potions_floor_usage":[],"damage_taken":[{"damage":0.0,"enemies":"Small Slimes","floor":1.0,"turns":2.0},{"damage":0.0,"enemies":"Jaw Worm","floor":3.0,"turns":3.0},{"damage":0.0,"enemies":"Cultist","floor":4.0,"turns":2.0},{"damage":1.0,"enemies":"Red Slaver","floor":5.0,"turns":3.0},{"damage":16.0,"enemies":"Gremlin Nob","floor":7.0,"turns":3.0},{"damage":0.0,"enemies":"Exordium Wildlife","floor":8.0,"turns":4.0},{"damage":13.0,"enemies":"Large Slime","floor":10.0,"turns":4.0},{"damage":3.0,"enemies":"Looter","floor":11.0,"turns":3.0},{"damage":15.0,"enemies":"3 Sentries","floor":12.0,"turns":7.0},{"damage":0.0,"enemies":"Gremlin Nob","floor":14.0,"turns":2.0},{"damage":0.0,"enemies":"Slime Boss","floor":16.0,"turns":3.0},{"damage":0.0,"enemies":"Spheric Guardian","floor":18.0,"turns":1.0},{"damage":16.0,"enemies":"3 Byrds","floor":19.0,"turns":4.0},{"damage":2,"enemies":"Snecko","floor":21,"turns":5},{"damage":15,"enemies":"Book of Stabbing","floor":24,"turns":3},{"damage":4,"enemies":"Gremlin Leader","floor":27,"turns":5},{"damage":4,"enemies":"Cultist and Chosen","floor":28,"turns":2},{"damage":0,"enemies":"Shelled Parasite and Fungi","floor":29,"turns":3},{"damage":0,"enemies":"Colosseum Slavers","floor":31,"turns":2},{"damage":0,"enemies":"Colosseum Nobs","floor":31,"turns":2},{"damage":15,"enemies":"Automaton","floor":33,"turns":8},{"damage":0,"enemies":"3 Shapes","floor":35,"turns":4},{"damage":0,"enemies":"Mind Bloom Boss Battle","floor":37,"turns":5},{"damage":0,"enemies":"3 Darklings","floor":38,"turns":3},{"damage":0,"enemies":"Nemesis","floor":42,"turns":5},{"damage":0,"enemies":"Reptomancer","floor":45,"turns":3},{"damage":0,"enemies":"Jaw Worm Horde","floor":46,"turns":2},{"damage":0,"enemies":"Giant Head","floor":47,"turns":4},{"damage":0,"enemies":"Writhing Mass","floor":48,"turns":3},{"damage":15,"enemies":"Donu and Deca","floor":50,"turns":6}],"seed_played":"-4812405867602264781","potions_obtained":[],"is_trial":false,"path_per_floor":["M","?","M","M","M","R","E","M","T","M","M","E","$","E","R","B",null,"M","M","?","M","$","R","E","R","T","E","M","M","$","?","R","B",null,"M","$","?","M","?","R","$","E","T","$","E","M","E","M","R","B",null],"character_chosen":"WATCHER","items_purchased":["FearNoEvil+1","HornCleat","PrismaticShard","Tantrum+1","Medical Kit"],"campfire_rested":2,"item_purchase_floors":[13,22,36,44,44],"current_hp_per_floor":[65,70,70,70,69,69,53,53,53,40,37,22,22,22,22,22,63,63,47,47,45,45,45,30,30,30,26,22,22,22,22,45,30,65,65,65,65,65,65,65,65,65,65,65,65,65,65,65,77,62],"gold":139,"neow_bonus":"BOSS_RELIC","is_daily":false,"chose_seed":false,"campfire_upgraded":5,"win_rate":0.0,"timestamp":1612467300,"path_taken":["M","?","M","M","M","R","E","M","T","M","M","E","$","E","R","BOSS","M","M","?","?","$","R","E","R","T","E","M","M","?","?","R","BOSS","M","$","?","M","?","R","$","E","T","$","E","M","E","?","R","BOSS"],"items_purchased_type":["Card","Relic","Relic","Card","Relic"],"build_version":"2020-12-22","purchased_purges":3,"victory":true,"max_hp_per_floor":[72,77,77,77,77,77,77,77,77,77,77,77,77,77,77,77,77,77,77,77,77,77,77,77,77,77,77,77,77,77,77,77,77,77,77,77,77,77,77,77,77,77,77,77,77,77,77,77,77,77],"card_choices":[{"not_picked":["JustLucky","Consecrate","Prostrate"],"picked":"SKIP","floor":1.0},{"not_picked":["JustLucky","ThirdEye"],"picked":"EmptyFist","floor":3.0},{"not_picked":["Consecrate","ClearTheMind"],"picked":"EmptyFist","floor":4.0},{"not_picked":["ForeignInfluence","EmptyBody","Crescendo"],"picked":"SKIP","floor":5.0},{"not_picked":["InnerPeace","ForeignInfluence"],"picked":"Protect","floor":7.0},{"not_picked":["Weave","FlurryOfBlows","JustLucky"],"picked":"SKIP","floor":8.0},{"not_picked":["CrushJoints+1","Wireheading"],"picked":"Sanctity","floor":10.0},{"not_picked":["FlyingSleeves+1","Sanctity"],"picked":"CarveReality+1","floor":11.0},{"not_picked":["Crescendo","WindmillStrike+1","Establishment"],"picked":"SKIP","floor":12.0},{"not_picked":["FearNoEvil+1","Weave+1"],"picked":"Consecrate+1","floor":14.0},{"not_picked":["Establishment","DeusExMachina"],"picked":"Omniscience","floor":16.0},{"not_picked":["Evaluate","WreathOfFlame","ThirdEye"],"picked":"SKIP","floor":18.0},{"not_picked":["InnerPeace","Halt","BattleHymn"],"picked":"SKIP","floor":19.0},{"not_picked":["FollowUp+1","Conclude+1","SashWhip+1"],"picked":"SKIP","floor":21},{"not_picked":["FlyingSleeves+1","Perseverance","JustLucky+1"],"picked":"SKIP","floor":24},{"not_picked":["Collect","CrushJoints+1","Perseverance+1","FlyingSleeves+1"],"picked":"SKIP","floor":27},{"not_picked":["Consecrate+1","DeceiveReality","FollowUp+1","FlyingSleeves+1"],"picked":"SKIP","floor":28},{"not_picked":["FlyingSleeves+1","Indignation","ClearTheMind","Consecrate+1"],"picked":"SKIP","floor":29},{"not_picked":["BattleHymn+1","ForeignInfluence","EmptyFist+1"],"picked":"Wish","floor":31},{"not_picked":["DevaForm","Ragnarok+1","Judgement"],"picked":"Vault","floor":33},{"not_picked":["Halt","Weave+1","DeceiveReality+1","FlyingSleeves+1"],"picked":"SKIP","floor":35},{"not_picked":["Heel Hook+1","CarveReality+1","Outmaneuver"],"picked":"Feel No Pain+1","floor":37},{"not_picked":["Capacitor","Coolheaded+1","Havoc+1"],"picked":"Blade Dance+1","floor":38},{"not_picked":["Mayhem","BowlingBash+1","Mind Blast+1"],"picked":"TalkToTheHand+1","floor":42},{"not_picked":["Thunderclap+1","Halt+1","Forethought"],"picked":"PiercingWail+1","floor":45},{"not_picked":["Master of Strategy","Pommel Strike+1","Dodge and Roll"],"picked":"Armaments+1","floor":46},{"not_picked":["EmptyBody","Pommel Strike+1","Armaments","Lockon+1"],"picked":"SKIP","floor":47},{"not_picked":["Outmaneuver","Battle Trance","Blade Dance+1"],"picked":"Predator+1","floor":48}],"player_experience":1437811,"relics_obtained":[{"floor":7.0,"key":"StoneCalendar"},{"floor":9.0,"key":"Molten Egg 2"},{"floor":12.0,"key":"Pocketwatch"},{"floor":14.0,"key":"PreservedInsect"},{"floor":24,"key":"Lantern"},{"floor":26,"key":"Question Card"},{"floor":27,"key":"InkBottle"},{"floor":31,"key":"Dead Branch"},{"floor":31,"key":"TeardropLocket"},{"floor":37,"key":"CloakClasp"},{"floor":42,"key":"Oddly Smooth Stone"},{"floor":45,"key":"Lizard Tail"},{"floor":47,"key":"CaptainsWheel"}],"event_choices":[{"damage_healed":0.0,"max_hp_gain":5.0,"max_hp_loss":0.0,"gold_gain":0.0,"event_name":"Big Fish","player_choice":"Donut","floor":2.0,"gold_loss":0.0,"damage_taken":0.0},{"damage_healed":0.0,"max_hp_gain":0.0,"max_hp_loss":0.0,"gold_gain":0.0,"cards_transformed":["Strike_P"],"event_name":"Transmorgrifier","player_choice":"Transformed","floor":20.0,"gold_loss":0.0,"damage_taken":0.0,"cards_obtained":["ThirdEye"]},{"damage_healed":0,"gold_gain":0,"player_choice":"Fight","damage_taken":0,"max_hp_gain":0,"max_hp_loss":0,"event_name":"Colosseum","floor":31,"gold_loss":0},{"damage_healed":0,"gold_gain":0,"player_choice":"Fought Nobs","damage_taken":0,"max_hp_gain":0,"max_hp_loss":0,"event_name":"Colosseum","floor":31,"gold_loss":0},{"damage_healed":0,"gold_gain":0,"player_choice":"Fight","damage_taken":0,"max_hp_gain":0,"max_hp_loss":0,"event_name":"MindBloom","floor":37,"gold_loss":0},{"damage_healed":0,"gold_gain":0,"player_choice":"1 cards matched","damage_taken":0,"max_hp_gain":0,"max_hp_loss":0,"event_name":"Match and Keep!","floor":39,"gold_loss":0,"cards_obtained":["DevaForm"]}],"is_beta":false,"boss_relics":[{"not_picked":["Tiny House","Astrolabe"],"picked":"Snecko Eye"},{"not_picked":["Velvet Choker","Busted Crown"],"picked":"Cursed Key"}],"items_purged_floors":[13,22,36],"is_endless":false,"potions_floor_spawned":[1,8,11,12,19,27,28,31,33,38,45,47,48],"ascension_level":6}}