{"host":"f7mgfv1rcbv6ir5v","time":1612473458,"event":{"mods":["BaseMod","Bestiary","Colored Map","Colored Powertips","Highlight Path","Minty Spire (QoL Compilation)","Relic Stats","StSLib"],"gold_per_floor":[114,124,142,193,205,205,238,95,95,127,4,4,4,32,32,133,133,150,150,162,162,180,180,105,140,212,212,241,241,241],"floor_reached":29,"language":"ENG","playtime":2949,"items_purged":["Strike_G"],"score":391,"play_id":"57a04115-0563-4740-a3f4-3335ddce5dd6","local_time":"20210204131738","is_ascension_mode":true,"campfire_choices":[{"data":"Neutralize","floor":6,"key":"SMITH"},{"floor":12,"key":"REST"},{"data":"Blade Dance","floor":15,"key":"SMITH"},{"floor":23,"key":"REST"},{"floor":27,"key":"REST"}],"circlet_count":0,"master_deck":["Strike_G","Strike_G","Strike_G","Defend_G","Defend_G","Defend_G","Defend_G","Defend_G","Survivor","Neutralize+1","Dagger Spray","Deflect","Noxious Fumes","Die Die Die","Tools of the Trade","Reflex","Footwork","Dagger Throw","Deflect","Well Laid Plans","Blade Dance+1","Phantasmal Killer","Crippling Poison","J.A.X.","Eviscerate","Malaise","Catalyst"],"relics":["Ring of the Snake","Omamori","Anchor","Orrery","Nunchaku","Potion Belt","NlothsMask","Orichalcum","HoveringKite","Bronze Scales","Frozen Egg 2","Ginger"],"acts_visited":["Exordium","TheCity"],"potions_floor_usage":[7,14,16,20,22,28],"damage_taken":[{"damage":3,"enemies":"Cultist","floor":1,"turns":6},{"damage":0,"enemies":"2 Louse","floor":2,"turns":3},{"damage":0,"enemies":"Jaw Worm","floor":3,"turns":4},{"damage":1,"enemies":"Looter","floor":5,"turns":4},{"damage":18,"enemies":"3 Sentries","floor":7,"turns":6},{"damage":14,"enemies":"Lagavulin","floor":10,"turns":9},{"damage":10,"enemies":"3 Sentries","floor":14,"turns":6},{"damage":23,"enemies":"The Guardian","floor":16,"turns":14},{"damage":7,"enemies":"Shell Parasite","floor":18,"turns":7},{"damage":5,"enemies":"3 Byrds","floor":20,"turns":3},{"damage":25,"enemies":"Sentry and Sphere","floor":22,"turns":6},{"damage":27,"enemies":"Gremlin Leader","floor":25,"turns":4},{"damage":27,"enemies":"Book of Stabbing","floor":28,"turns":6},{"damage":7,"enemies":"Shelled Parasite and Fungi","floor":29,"turns":2}],"seed_played":"8439775915792659255","potions_obtained":[{"floor":0,"key":"CultistPotion"},{"floor":0,"key":"GamblersBrew"},{"floor":0,"key":"Regen Potion"},{"floor":3,"key":"Block Potion"},{"floor":10,"key":"ColorlessPotion"},{"floor":16,"key":"LiquidMemories"},{"floor":25,"key":"Swift Potion"},{"floor":28,"key":"FearPotion"}],"is_trial":false,"path_per_floor":["M","M","M","T","M","R","E","$","T","E","$","R","?","E","R","B",null,"M","?","M","?","M","R","?","E","T","R","E","M"],"character_chosen":"THE_SILENT","items_purchased":["Orrery","PowerPotion"],"campfire_rested":3,"item_purchase_floors":[8,11],"current_hp_per_floor":[60,60,60,60,59,59,41,41,41,27,27,48,48,38,38,15,56,49,49,44,44,19,40,40,13,13,34,7,0,0],"gold":241,"neow_bonus":"THREE_SMALL_POTIONS","is_daily":false,"chose_seed":false,"campfire_upgraded":2,"win_rate":0.0,"timestamp":1612473458,"path_taken":["M","?","M","?","?","R","E","?","T","E","?","R","?","E","R","BOSS","M","?","M","?","M","R","?","E","T","R","E","M"],"items_purchased_type":["Relic","Potion"],"build_version":"2020-12-22","purchased_purges":1,"victory":false,"max_hp_per_floor":[70,70,70,70,70,70,70,70,70,70,70,70,70,70,70,70,70,70,70,70,70,70,70,70,70,70,70,70,70,70],"relic_stats":{"Nunchaku":[13],"counters":[14,80],"Bronze Scales":[96],"HoveringKite":[21],"Ginger":[0],"Orichalcum":[30],"obtain_stats":[{"Potion Belt":10,"Anchor":7,"Nunchaku":9,"Bronze Scales":19,"Orrery":8,"HoveringKite":17,"Omamori":4,"Ginger":28,"Orichalcum":14,"Frozen Egg 2":25,"Ring of the Snake":0,"NlothsMask":13},{"Potion Belt":6,"Anchor":5,"Nunchaku":5,"Bronze Scales":9,"Orrery":5,"HoveringKite":8,"Omamori":3,"Ginger":13,"Orichalcum":7,"Frozen Egg 2":12,"Ring of the Snake":0,"NlothsMask":6},{"Potion Belt":32,"Anchor":23,"Nunchaku":23,"Bronze Scales":59,"Orrery":23,"HoveringKite":52,"Omamori":13,"Ginger":78,"Orichalcum":38,"Frozen Egg 2":72,"Ring of the Snake":0,"NlothsMask":32}],"Ring of the Snake":[28]},"card_choices":[{"not_picked":["Outmaneuver","Dodge and Roll"],"picked":"Dagger Spray","floor":1},{"not_picked":["Prepared","Quick Slash"],"picked":"Deflect","floor":2},{"not_picked":["Dagger Throw","Flying Knee"],"picked":"Noxious Fumes","floor":3},{"not_picked":["A Thousand Cuts","Slice","Heel Hook"],"picked":"SKIP","floor":5},{"not_picked":["All Out Attack","Unload"],"picked":"Die Die Die","floor":7},{"not_picked":["Masterful Stab","Acrobatics"],"picked":"Tools of the Trade","floor":8},{"not_picked":["Cloak And Dagger","Setup"],"picked":"Reflex","floor":8},{"not_picked":["Caltrops","Terror"],"picked":"Footwork","floor":8},{"not_picked":["Setup","Eviscerate"],"picked":"Dagger Throw","floor":8},{"not_picked":["Poisoned Stab","Backstab"],"picked":"Deflect","floor":8},{"not_picked":["Skewer","Backflip"],"picked":"Well Laid Plans","floor":10},{"not_picked":["Masterful Stab","Deflect"],"picked":"Blade Dance","floor":14},{"not_picked":["Doppelganger","Storm of Steel"],"picked":"Phantasmal Killer","floor":16},{"not_picked":["Dagger Spray","Choke","Flying Knee"],"picked":"SKIP","floor":18},{"not_picked":["Setup","Dodge and Roll"],"picked":"Crippling Poison","floor":20},{"not_picked":["Backflip","Quick Slash"],"picked":"Eviscerate","floor":22},{"not_picked":["Infinite Blades+1","Acrobatics"],"picked":"Malaise","floor":25},{"not_picked":["Underhanded Strike","Finisher"],"picked":"Catalyst","floor":28}],"player_experience":391223,"relics_obtained":[{"floor":4,"key":"Omamori"},{"floor":7,"key":"Anchor"},{"floor":9,"key":"Nunchaku"},{"floor":10,"key":"Potion Belt"},{"floor":14,"key":"Orichalcum"},{"floor":25,"key":"Frozen Egg 2"},{"floor":28,"key":"Ginger"}],"event_choices":[{"damage_healed":0,"gold_gain":0,"player_choice":"Trade","damage_taken":0,"relics_obtained":["NlothsMask"],"max_hp_gain":0,"max_hp_loss":0,"event_name":"FaceTrader","floor":13,"gold_loss":0},{"damage_healed":0,"gold_gain":0,"player_choice":"Opened","damage_taken":0,"relics_obtained":["Bronze Scales"],"max_hp_gain":0,"max_hp_loss":0,"event_name":"The Mausoleum","floor":19,"gold_loss":0,"cards_obtained":["Writhe"]},{"damage_healed":0,"gold_gain":0,"player_choice":"Obtain J.A.X.","damage_taken":0,"max_hp_gain":0,"max_hp_loss":0,"event_name":"Drug Dealer","floor":21,"gold_loss":0,"cards_obtained":["J.A.X."]},{"cards_removed":["Strike_G"],"damage_healed":0,"gold_gain":0,"player_choice":"Gave Gold","damage_taken":0,"max_hp_gain":0,"max_hp_loss":0,"event_name":"Beggar","floor":24,"gold_loss":75}],"is_beta":false,"boss_relics":[{"not_picked":["SacredBark","Runic Pyramid"],"picked":"HoveringKite"}],"items_purged_floors":[11],"is_endless":false,"potions_floor_spawned":[2,3,5,10,16,25,28],"killed_by":"Shelled Parasite and Fungi","ascension_level":8}}