{"host":"rhakyh2m1vy6smuu","time":1612419727,"event":{"mods":["BaseMod","Minty Spire (QoL Compilation)","StSLib"],"gold_per_floor":[112,34,34,49,68,68,102,102,127,127,139,139,139,159,159,238,238,253,263,281,305,147,147,147,147,172,172,186,86,98,98,98,98,98],"floor_reached":33,"language":"ENG","playtime":1345,"items_purged":["Pain","Writhe"],"score":490,"play_id":"c98cbc69-a562-4d7f-ad6a-8f8e66128fc9","local_time":"20210203232207","is_ascension_mode":true,"campfire_choices":[{"data":"Bash","floor":6.0,"key":"SMITH"},{"data":"Uppercut","floor":8.0,"key":"SMITH"},{"data":"Iron Wave","floor":12.0,"key":"SMITH"},{"floor":15.0,"key":"REST"},{"data":"Sever Soul","floor":23,"key":"SMITH"},{"data":"Feel No Pain","floor":25,"key":"SMITH"},{"floor":27,"key":"REST"},{"data":"True Grit","floor":32,"key":"SMITH"}],"circlet_count":0,"master_deck":["AscendersBane","Strike_R","Strike_R","Strike_R","Strike_R","Strike_R","Defend_R","Defend_R","Defend_R","Defend_R","Bash+1","Iron Wave+1","Feel No Pain+1","Regret","Pummel","Uppercut+1","Pain","True Grit+1","Juggernaut","True Grit+1","Pummel","Sever Soul+1","Injury","Ghostly","Ghostly","Ghostly"],"relics":["Snecko Eye","Anchor","Tiny Chest","Strawberry","White Beast Statue","WarpedTongs","Cursed Key","Happy Flower","Regal Pillow"],"acts_visited":["Exordium","TheCity"],"potions_floor_usage":[16,16,18,28,30,33],"damage_taken":[{"damage":2.0,"enemies":"Cultist","floor":1.0,"turns":4.0},{"damage":3.0,"enemies":"2 Louse","floor":4.0,"turns":3.0},{"damage":2.0,"enemies":"Jaw Worm","floor":5.0,"turns":2.0},{"damage":29.0,"enemies":"Lagavulin","floor":7.0,"turns":6.0},{"damage":3.0,"enemies":"3 Louse","floor":11.0,"turns":3.0},{"damage":30.0,"enemies":"Exordium Thugs","floor":14.0,"turns":5.0},{"damage":23,"enemies":"Hexaghost","floor":16,"turns":9},{"damage":15,"enemies":"3 Byrds","floor":18,"turns":6},{"damage":3,"enemies":"Spheric Guardian","floor":19,"turns":3},{"damage":25,"enemies":"Chosen and Byrds","floor":20,"turns":6},{"damage":21,"enemies":"Snake Plant","floor":28,"turns":5},{"damage":1,"enemies":"Centurion and Healer","floor":30,"turns":4},{"damage":72,"enemies":"Automaton","floor":33,"turns":8}],"seed_played":"-7782293507941454328","potions_obtained":[{"floor":4.0,"key":"EssenceOfSteel"},{"floor":5.0,"key":"Weak Potion"},{"floor":11.0,"key":"LiquidMemories"},{"floor":14.0,"key":"Dexterity Potion"},{"floor":16,"key":"Fire Potion"},{"floor":18,"key":"FairyPotion"},{"floor":19,"key":"ElixirPotion"},{"floor":28,"key":"LiquidMemories"},{"floor":30,"key":"ElixirPotion"}],"is_trial":false,"path_per_floor":["M","$","?","M","M","R","E","R","T","T","M","R","?","M","R","B",null,"M","M","M","T","$","R","?","R","T","R","M","$","M","?","R","B"],"character_chosen":"IRONCLAD","items_purchased":["Feel No Pain","Sever Soul"],"campfire_rested":2,"item_purchase_floors":[2,22],"current_hp_per_floor":[66,66,66,63,61,61,32,32,39,39,36,36,36,6,30,7,63,48,45,20,20,20,20,20,20,20,59,38,38,37,37,37,0,0],"gold":98,"neow_bonus":"BOSS_RELIC","is_daily":false,"chose_seed":false,"campfire_upgraded":6,"win_rate":0.0,"timestamp":1612419727,"path_taken":["M","?","?","M","M","R","E","R","T","?","M","R","?","?","R","BOSS","M","M","M","?","$","R","?","R","T","R","M","$","?","?","R","BOSS"],"items_purchased_type":["Card","Card"],"build_version":"2020-12-22","purchased_purges":2,"victory":false,"max_hp_per_floor":[75,75,75,75,75,75,75,75,82,82,82,82,82,82,82,82,82,82,82,82,82,82,82,82,82,82,82,82,82,82,41,41,41,41],"card_choices":[{"not_picked":["Rupture","Reckless Charge"],"picked":"Iron Wave","floor":1.0},{"not_picked":["Twin Strike","Flex"],"picked":"Pummel","floor":4.0},{"not_picked":["Hemokinesis","Anger","Havoc"],"picked":"SKIP","floor":5.0},{"not_picked":["Dropkick","Power Through"],"picked":"Uppercut","floor":7.0},{"not_picked":["True Grit","Power Through","Havoc"],"picked":"SKIP","floor":11.0},{"not_picked":["Twin Strike","Intimidate"],"picked":"True Grit","floor":14.0},{"not_picked":["Reaper","Impervious"],"picked":"Juggernaut","floor":16},{"not_picked":["Wild Strike","Flex"],"picked":"True Grit+1","floor":18},{"not_picked":["Anger","Power Through"],"picked":"Pummel","floor":19},{"not_picked":["Thunderclap","Wild Strike","Flex+1"],"picked":"SKIP","floor":20},{"not_picked":["Anger","Wild Strike","Searing Blow"],"picked":"SKIP","floor":28},{"not_picked":["True Grit","Wild Strike","Headbutt"],"picked":"SKIP","floor":30}],"player_experience":1512434,"relics_obtained":[{"floor":7.0,"key":"Tiny Chest"},{"floor":9.0,"key":"Strawberry"},{"floor":10.0,"key":"White Beast Statue"},{"floor":21,"key":"Happy Flower"},{"floor":26,"key":"Regal Pillow"}],"event_choices":[{"damage_healed":0.0,"max_hp_gain":0.0,"max_hp_loss":0.0,"gold_gain":0.0,"event_name":"Big Fish","player_choice":"Box","floor":3.0,"gold_loss":0.0,"damage_taken":0.0,"relics_obtained":["Anchor"],"cards_obtained":["Regret"]},{"damage_healed":0.0,"max_hp_gain":0.0,"max_hp_loss":0.0,"gold_gain":0.0,"event_name":"Accursed Blacksmith","player_choice":"Rummage","floor":13.0,"gold_loss":0.0,"damage_taken":0.0,"relics_obtained":["WarpedTongs"],"cards_obtained":["Pain"]},{"damage_healed":0,"gold_gain":0,"player_choice":"1 cards matched","damage_taken":0,"max_hp_gain":0,"max_hp_loss":0,"event_name":"Match and Keep!","floor":24,"gold_loss":0,"cards_obtained":["Writhe"]},{"damage_healed":0,"gold_gain":0,"player_choice":"Became a Ghost","damage_taken":0,"max_hp_gain":0,"max_hp_loss":41,"event_name":"Ghosts","floor":31,"gold_loss":0,"cards_obtained":["Ghostly","Ghostly","Ghostly"]}],"is_beta":false,"boss_relics":[{"not_picked":["Busted Crown","Mark of Pain"],"picked":"Cursed Key"}],"items_purged_floors":[22,29],"is_endless":false,"potions_floor_spawned":[4,5,11,14,16,18,19,20,28,30],"killed_by":"Automaton","ascension_level":20}}