{"host":"lqzndn11rprywgny","time":1612405395,"event":{"mods":["2.2 Compatiblity","A Penny For Your Troubles","BaseMod","Better Note","BetterRewards","Card Forge","Custom Start","Downfall","Minty Spire (QoL Compilation)","Morshu Shopkeeper","Relic Filter","Shop Mod","Spicy Shops","StSLib"],"gold_per_floor":[99,115,115,177,327,345,345,373,373,373,390,417,317,317,337,432,432,432,444,456,475,486,486,486,486,486,515,5,25,25,10,23,120,120,120,137,137,150,355,455,455,480,480,480,480,480,15,15,37,38],"floor_reached":51,"language":"ENG","playtime":3005,"items_purged":["downfall:Icky","hexamod:Strike","downfall:Aged"],"score":843,"play_id":"f5012c24-e31a-4ea9-b68c-76ecfb8138fa","local_time":"20210203182315","is_ascension_mode":true,"campfire_choices":[{"data":"hexamod:Sear","floor":1.0,"key":"SMITH"},{"floor":10.0,"key":"REST"},{"floor":13.0,"key":"DIG"},{"floor":18.0,"key":"DIG"},{"floor":25.0,"key":"REST"},{"floor":30.0,"key":"DIG"},{"floor":35.0,"key":"DIG"},{"floor":43.0,"key":"REST"},{"floor":46.0,"key":"REST"}],"circlet_count":0,"master_deck":["hexamod:Strike+1","hexamod:Strike+1","hexamod:Strike+1","hexamod:Defend","hexamod:Defend+1","hexamod:Defend+1","hexamod:Defend","hexamod:Sear+1","hexamod:Float+1","hexamod:PhantomFireball+1","hexamod:HeatMetal+1","hexamod:Hexaguard+1","hexamod:FlamesFromBeyond+1","hexamod:FlamesFromBeyond","hexamod:FlamesFromBeyond+1","hexamod:SoulSteal","hexamod:Hexaguard","hexamod:NightmareGuise+1","hexamod:GhostLash+1","hexamod:SearingWound","hexamod:BurningTouch","hexamod:PowerFromBeyond+1","hexamod:VolcanoVisage","hexamod:DynamicBlow+1","hexamod:Rewind+1","hexamod:DynamicBlow+1","hexamod:UnlimitedPower","Master of Strategy","Regret"],"relics":["Hammer of Thor","Seething Fire","Anvil of the Gods","sneckomod:SneckoTalon","Shovel","Boot","downfall:HeartBlessingGreen","hexamod:InflammatoryLetter","SlaversCollar","Ginger","Bottled Lightning","champ:DeflectingBracers","bronze:DecasWashers","TungstenRod","Cursed Key","Singing Bowl","MerchantsRug","White Beast Statue","bronze:DonusWashers","Anchor","champ:DuelingGlove","hexamod:TheBrokenSeal"],"acts_visited":["Exordium","TheCity","TheBeyond"],"potions_floor_usage":[50,50,50,50],"damage_taken":[{"damage":0.0,"enemies":"Small Slimes","floor":2.0,"turns":3.0},{"damage":8.0,"enemies":"Gremlin Nob","floor":4.0,"turns":3.0},{"damage":7.0,"enemies":"2 Louse","floor":6.0,"turns":2.0},{"damage":24.0,"enemies":"Gremlin Nob","floor":8.0,"turns":3.0},{"damage":0.0,"enemies":"Cultist","floor":9.0,"turns":1.0},{"damage":1.0,"enemies":"Exordium Wildlife","floor":11.0,"turns":3.0},{"damage":14.0,"enemies":"Lagavulin","floor":12.0,"turns":6.0},{"damage":0.0,"enemies":"Blue Slaver","floor":15.0,"turns":3.0},{"damage":38.0,"enemies":"WA_ARCHETYPE_RETAIN","floor":16.0,"turns":7.0},{"damage":0.0,"enemies":"Spheric Guardian","floor":19.0,"turns":3.0},{"damage":6.0,"enemies":"Chosen","floor":20.0,"turns":4.0},{"damage":17.0,"enemies":"Snake Plant","floor":21.0,"turns":3.0},{"damage":9.0,"enemies":"Centurion and Healer","floor":22.0,"turns":6.0},{"damage":32.0,"enemies":"Slavers","floor":27.0,"turns":4.0},{"damage":0.0,"enemies":"downfall:FleeingMerchant","floor":28.0,"turns":4.0},{"damage":3.0,"enemies":"Snecko","floor":29.0,"turns":4.0},{"damage":0.0,"enemies":"downfall:FleeingMerchant","floor":31.0,"turns":4.0},{"damage":0.0,"enemies":"Cultist and Chosen","floor":32.0,"turns":3.0},{"damage":15.0,"enemies":"IC_MUSHROOM_ARCHETYPE","floor":33.0,"turns":6.0},{"damage":24.0,"enemies":"3 Darklings","floor":36.0,"turns":4.0},{"damage":0.0,"enemies":"Orb Walker","floor":38.0,"turns":2.0},{"damage":0.0,"enemies":"downfall:FleeingMerchant","floor":39.0,"turns":2.0},{"damage":27.0,"enemies":"downfall:LadyInBlue","floor":40.0,"turns":8.0},{"damage":59.0,"enemies":"Nemesis","floor":42.0,"turns":5.0},{"damage":0.0,"enemies":"Reptomancer","floor":44.0,"turns":2.0},{"damage":0.0,"enemies":"Writhing Mass","floor":45.0,"turns":1.0},{"damage":21,"enemies":"3 Darklings","floor":49,"turns":7},{"damage":33,"enemies":"DF_ARCHETYPE_ORBS","floor":50,"turns":5}],"seed_played":"7801449555800312058","potions_obtained":[{"floor":2.0,"key":"champ:CounterPotion"},{"floor":12.0,"key":"SmokeBomb"},{"floor":15.0,"key":"sneckomod:MuddlingPotion"},{"floor":16.0,"key":"Strength Potion"},{"floor":20.0,"key":"Regen Potion"},{"floor":26.0,"key":"hexamod:EctoCoolerPotion"},{"floor":26.0,"key":"SmokeBomb"},{"floor":32.0,"key":"SneckoOil"},{"floor":33.0,"key":"FearPotion"},{"floor":36.0,"key":"Fire Potion"},{"floor":40.0,"key":"Weak Potion"},{"floor":40.0,"key":"Slimebound:ThreeZeroPotion"},{"floor":42.0,"key":"Fire Potion"},{"floor":49,"key":"CultistPotion"},{"floor":49,"key":"LiquidBronze"}],"is_trial":false,"path_per_floor":["R","M","?","?","?","M","T","E","M","R","M","E","R","T","M","B",null,"R","M","M","M","M","?","T","R","?","E","$","M","R","$","M","B",null,"R","M","?","M","$","?","T","E","R","E","M","R","$","T","M","B",null],"character_chosen":"THE_SPIRIT","items_purchased":["champ:DeflectingBracers","bronze:DecasWashers","MerchantsRug","bronze:DonusWashers","Anchor","Master of Strategy"],"campfire_rested":4,"item_purchase_floors":[28,28,39,47,47,47],"current_hp_per_floor":[70,70,70,62,62,55,62,38,38,61,60,46,46,46,46,8,77,77,77,71,54,45,55,55,81,81,49,49,46,46,46,46,31,87,87,65,65,65,67,66,72,22,52,52,59,89,89,89,110,77],"gold":38,"neow_bonus":"BOSS_RELIC","is_daily":false,"chose_seed":false,"campfire_upgraded":1,"win_rate":0.0,"timestamp":1612405395,"path_taken":["R","M","?","?","?","M","T","E","M","R","M","E","R","?","M","BOSS","R","M","M","?","M","?","T","R","?","E","$","M","R","?","M","BOSS","R","M","?","M","$","?","T","E","R","E","?","R","$","?","M","BOSS"],"items_purchased_type":["Relic","Relic","Relic","Relic","Relic","Card"],"build_version":"2020-12-22","purchased_purges":3,"victory":true,"max_hp_per_floor":[70,70,70,70,70,70,77,77,77,77,77,77,77,77,77,77,77,77,77,77,77,77,87,87,87,87,87,87,87,87,87,87,87,87,87,89,89,89,91,95,101,103,103,103,103,103,103,103,115,115],"card_choices":[{"not_picked":["hexamod:StepThrough","hexamod:GhostShield"],"picked":"hexamod:PhantomFireball","floor":2.0},{"not_picked":["hexamod:NightmareStrike","hexamod:Firestarter"],"picked":"hexamod:HeatMetal","floor":4.0},{"not_picked":["hexamod:ShieldOfDarkness","hexamod:GhostflameBarrier"],"picked":"hexamod:Hexaguard","floor":6.0},{"not_picked":["hexamod:Haunt","hexamod:HeatMetal"],"picked":"hexamod:FlamesFromBeyond","floor":8.0},{"not_picked":["hexamod:GhostOfSpirePast","hexamod:BurningTouch"],"picked":"hexamod:FlamesFromBeyond","floor":9.0},{"not_picked":["hexamod:NightmareGuise","hexamod:Incineration"],"picked":"hexamod:FlamesFromBeyond","floor":11.0},{"not_picked":["hexamod:Firestarter","hexamod:PhantomCloak"],"picked":"hexamod:SoulSteal","floor":12.0},{"not_picked":["hexamod:ChargedBarrage","hexamod:BacktrackSmack","hexamod:Hexaguard"],"picked":"SKIP","floor":15.0},{"not_picked":["hexamod:GhostflameInferno","hexamod:SearingWound"],"picked":"hexamod:SixthSeal","floor":16.0},{"not_picked":["hexamod:InspiringFlames","hexamod:SuperheatedStrike"],"picked":"hexamod:Hexaguard","floor":19.0},{"not_picked":["hexamod:DynamicBlow+1","hexamod:GhostflameBarrier"],"picked":"hexamod:NightmareGuise+1","floor":20.0},{"not_picked":["hexamod:SpectersWail","hexamod:AdvancingGuard"],"picked":"hexamod:GhostLash","floor":21.0},{"not_picked":["hexamod:InspiringFlames","hexamod:FastForward","hexamod:HauntingEcho+1"],"picked":"SKIP","floor":22.0},{"not_picked":["hexamod:GhostShield+1","hexamod:Haunt+1"],"picked":"hexamod:SearingWound","floor":27.0},{"not_picked":["hexamod:SpectralSpark","hexamod:GhostShield"],"picked":"hexamod:BurningTouch","floor":28.0},{"not_picked":["hexamod:GhostOfSpirePast","hexamod:GhostShield+1"],"picked":"hexamod:PowerFromBeyond","floor":29.0},{"not_picked":["hexamod:SecondSeal","hexamod:InspiringFlames"],"picked":"hexamod:FifthSeal","floor":31.0},{"not_picked":["hexamod:FourthSeal","hexamod:SixthSeal"],"picked":"hexamod:ThirdSeal","floor":32.0},{"not_picked":["hexamod:HeatMetal","hexamod:RainOfEmbers","hexamod:PhantomCloak+1"],"picked":"SKIP","floor":32.0},{"not_picked":["hexamod:ForkedFlame","hexamod:SixthSeal"],"picked":"hexamod:VolcanoVisage","floor":33.0},{"not_picked":["hexamod:ShieldOfDarkness","hexamod:PowerFromBeyond","hexamod:GhostShield"],"picked":"Singing Bowl","floor":36.0},{"not_picked":["hexamod:GhostShield","hexamod:ShieldOfDarkness+1"],"picked":"hexamod:DynamicBlow+1","floor":36.0},{"not_picked":["hexamod:SpectersWail","hexamod:BacktrackSmack+1"],"picked":"hexamod:FourthSeal","floor":38.0},{"not_picked":["hexamod:FourthSeal","hexamod:SecondSeal"],"picked":"hexamod:FirstSeal","floor":39.0},{"not_picked":["hexamod:ThermalTransfer","hexamod:ChargedBarrage","hexamod:GhostflameBarrier+1"],"picked":"Singing Bowl","floor":39.0},{"not_picked":["hexamod:FifthSeal","hexamod:HeatMetal"],"picked":"hexamod:Rewind+1","floor":39.0},{"not_picked":["hexamod:FirstSeal","hexamod:ThirdSeal","hexamod:SixthSeal"],"picked":"Singing Bowl","floor":40.0},{"not_picked":["hexamod:FastForward","hexamod:GhostLash","hexamod:EtherealExpedition"],"picked":"Singing Bowl","floor":40.0},{"not_picked":["hexamod:HeatShield+1","hexamod:Rewind+1"],"picked":"hexamod:DynamicBlow+1","floor":40.0},{"not_picked":["hexamod:ChargedBarrage","hexamod:Again"],"picked":"hexamod:UnlimitedPower","floor":42.0},{"not_picked":["hexamod:ThirdSeal","hexamod:FirstSeal"],"picked":"hexamod:SecondSeal","floor":42.0},{"not_picked":["hexamod:NightmareStrike+1","hexamod:FastForward","hexamod:SearingWound"],"picked":"Singing Bowl","floor":42.0},{"not_picked":["hexamod:FourthSeal","hexamod:ThirdSeal","hexamod:NightmareGuise+1"],"picked":"Singing Bowl","floor":49}],"player_experience":192129,"relics_obtained":[{"floor":7.0,"key":"Strawberry"},{"floor":8.0,"key":"Shovel"},{"floor":12.0,"key":"Boot"},{"floor":13.0,"key":"hexamod:InflammatoryLetter"},{"floor":14.0,"key":"Darkstone Periapt"},{"floor":18.0,"key":"Bottled Tornado"},{"floor":23.0,"key":"Pear"},{"floor":24.0,"key":"Ginger"},{"floor":27.0,"key":"Bottled Lightning"},{"floor":30.0,"key":"TungstenRod"},{"floor":35.0,"key":"Singing Bowl"},{"floor":40.0,"key":"White Beast Statue"},{"floor":41.0,"key":"Slimebound:PreparedRelic"},{"floor":42.0,"key":"Omamori"},{"floor":48,"key":"champ:DuelingGlove"}],"event_choices":[{"damage_healed":0.0,"max_hp_gain":0.0,"max_hp_loss":0.0,"gold_gain":0.0,"event_name":"Wheel of Change","player_choice":"Relic","floor":23.0,"gold_loss":0.0,"damage_taken":0.0},{"damage_healed":0.0,"max_hp_gain":0.0,"max_hp_loss":0.0,"gold_gain":0.0,"event_name":"Lab","player_choice":"Got Potions","floor":26.0,"gold_loss":0.0,"damage_taken":0.0}],"is_beta":false,"boss_relics":[{"not_picked":["Runic Pyramid","expansioncontent:StudyCardRelic"],"picked":"SlaversCollar"},{"not_picked":["bronze:MakeshiftBattery","Philosopher\u0027s Stone"],"picked":"Cursed Key"}],"items_purged_floors":[28,39,47],"is_endless":false,"potions_floor_spawned":[2,12,15,16,20,32,33,36,40,42,44,45,49],"ascension_level":1}}