{"host":"7rmsgc3rayi00cdt","time":1612457670,"event":{"mods":["BaseMod","Minty Spire (QoL Compilation)"],"gold_per_floor":[111,91,108,33,33,33,61,61,61,61,80,80,111,111,111,185,185,205,225,225,15,15,15,33,33,33,60,74,92,92,108,108,108,108],"floor_reached":33,"language":"ENG","playtime":1021,"items_purged":["Normality"],"score":532,"play_id":"51fd12df-bb13-4b3a-b426-361753a27bd9","local_time":"20210204165430","is_ascension_mode":true,"campfire_choices":[{"data":"Zap","floor":6,"key":"SMITH"},{"data":"Scrape","floor":8,"key":"SMITH"},{"data":"FTL","floor":10,"key":"SMITH"},{"floor":15,"key":"REST"},{"data":"Defend_B","floor":23,"key":"SMITH"},{"data":"Strike_B","floor":25,"key":"PURGE"},{"floor":32,"key":"REST"}],"circlet_count":0,"master_deck":["AscendersBane","Strike_B+1","Strike_B+1","Defend_B+1","Defend_B+1","Defend_B+1","Defend_B+1","Zap+1","Dualcast+1","FTL+1","Scrape+1","Reboot+1","Gash","Reboot","Streamline+1","Master of Strategy","Gash+1","Steam+1","Leap","Hologram+1"],"relics":["Cracked Core","Incense Burner","Peace Pipe","Eternal Feather","War Paint","Nuclear Battery","Art of War","Whetstone"],"acts_visited":["Exordium","TheCity"],"potions_floor_usage":[7,16,27,29],"damage_taken":[{"damage":3,"enemies":"2 Louse","floor":1,"turns":2},{"damage":1,"enemies":"Cultist","floor":3,"turns":3},{"damage":8,"enemies":"Gremlin Nob","floor":7,"turns":3},{"damage":0,"enemies":"Small Slimes","floor":11,"turns":3},{"damage":20,"enemies":"Lagavulin","floor":13,"turns":4},{"damage":20,"enemies":"Slime Boss","floor":16,"turns":8},{"damage":1,"enemies":"Spheric Guardian","floor":18,"turns":3},{"damage":1,"enemies":"2 Thieves","floor":19,"turns":3},{"damage":3,"enemies":"3 Cultists","floor":24,"turns":4},{"damage":19,"enemies":"Slavers","floor":27,"turns":5},{"damage":17,"enemies":"Snake Plant","floor":28,"turns":3},{"damage":0,"enemies":"Centurion and Healer","floor":29,"turns":4},{"damage":7,"enemies":"Chosen and Byrds","floor":31,"turns":5},{"damage":76,"enemies":"Collector","floor":33,"turns":7}],"seed_played":"-5348380408260772392","potions_obtained":[{"floor":2,"key":"Fire Potion"},{"floor":3,"key":"Swift Potion"},{"floor":18,"key":"Regen Potion"},{"floor":19,"key":"Block Potion"}],"is_trial":false,"path_per_floor":["M","?","M","$","?","R","E","R","T","R","M","?","E","?","R","B",null,"M","M","?","$","?","R","M","R","T","E","M","M","?","M","R","B"],"character_chosen":"DEFECT","items_purchased":["Master of Strategy"],"campfire_rested":2,"item_purchase_floors":[21],"current_hp_per_floor":[61,61,60,60,53,53,45,45,45,51,51,51,31,10,37,17,58,57,56,56,56,56,65,62,71,71,52,35,47,47,40,71,0,0],"gold":108,"neow_bonus":"ONE_RARE_RELIC","is_daily":false,"chose_seed":false,"campfire_upgraded":4,"win_rate":0.0,"timestamp":1612457670,"path_taken":["M","?","?","?","?","R","E","R","T","R","M","?","E","?","R","BOSS","M","M","?","$","?","R","M","R","T","E","M","M","?","?","R","BOSS"],"items_purchased_type":["Card"],"build_version":"2020-12-22","purchased_purges":1,"victory":false,"max_hp_per_floor":[71,71,71,71,71,71,71,71,71,71,71,71,71,71,71,71,71,71,71,71,71,71,71,71,71,71,71,71,71,71,71,71,71,71],"card_choices":[{"not_picked":["Chaos","Stack"],"picked":"FTL","floor":1},{"not_picked":["Redo","Stack"],"picked":"Scrape","floor":3},{"not_picked":["Sweeping Beam","Sunder"],"picked":"Reboot","floor":7},{"not_picked":["Go for the Eyes","Redo"],"picked":"Gash","floor":11},{"not_picked":["Defragment","Barrage","Steam"],"picked":"SKIP","floor":13},{"not_picked":["Creative AI","Thunder Strike"],"picked":"Reboot","floor":16},{"not_picked":["Redo","Coolheaded","Compile Driver"],"picked":"SKIP","floor":18},{"not_picked":["Reprogram","Rebound"],"picked":"Streamline","floor":19},{"not_picked":["Recycle","Turbo+1","Chaos"],"picked":"SKIP","floor":24},{"not_picked":["Reinforced Body","Melter"],"picked":"Steam+1","floor":27},{"not_picked":["Loop","Stack"],"picked":"Leap","floor":28},{"not_picked":["Stack","Defragment"],"picked":"Hologram+1","floor":29},{"not_picked":["White Noise","Amplify","Conserve Battery"],"picked":"SKIP","floor":31}],"player_experience":795447,"relics_obtained":[{"floor":7,"key":"Peace Pipe"},{"floor":9,"key":"Eternal Feather"},{"floor":13,"key":"War Paint"},{"floor":26,"key":"Art of War"},{"floor":27,"key":"Whetstone"}],"event_choices":[{"damage_healed":0,"gold_gain":0,"player_choice":"Bought 1 Potion","damage_taken":0,"max_hp_gain":0,"max_hp_loss":0,"event_name":"The Woman in Blue","floor":2,"gold_loss":0},{"cards_removed":["Strike_B"],"damage_healed":0,"gold_gain":0,"player_choice":"Card Removal","damage_taken":7,"max_hp_gain":0,"max_hp_loss":0,"event_name":"Golden Wing","floor":5,"gold_loss":0},{"damage_healed":0,"gold_gain":0,"player_choice":"Grow","damage_taken":0,"max_hp_gain":0,"max_hp_loss":0,"event_name":"Living Wall","floor":12,"gold_loss":0,"cards_upgraded":["Dualcast"]},{"damage_healed":0,"gold_gain":0,"player_choice":"Entered Light","damage_taken":21,"max_hp_gain":0,"max_hp_loss":0,"event_name":"Shining Light","floor":14,"gold_loss":0,"cards_upgraded":["Strike_B","Strike_B"]},{"damage_healed":0,"gold_gain":0,"player_choice":"Ignored","damage_taken":0,"max_hp_gain":0,"max_hp_loss":0,"event_name":"Beggar","floor":20,"gold_loss":0},{"damage_healed":0,"gold_gain":0,"player_choice":"Read","damage_taken":0,"max_hp_gain":0,"max_hp_loss":0,"event_name":"The Library","floor":22,"gold_loss":0,"cards_obtained":["Gash"]},{"damage_healed":0,"gold_gain":0,"player_choice":"Simplicity","damage_taken":0,"max_hp_gain":0,"max_hp_loss":0,"event_name":"Back to Basics","floor":30,"gold_loss":0,"cards_upgraded":["Defend_B","Defend_B"]}],"is_beta":false,"boss_relics":[{"not_picked":["Runic Pyramid","Busted Crown"],"picked":"Nuclear Battery"}],"items_purged_floors":[4],"is_endless":false,"potions_floor_spawned":[3,18,19],"killed_by":"Collector","ascension_level":19}}