{"host":"6q6idgl71g9ab7at","time":1612418459,"event":{"mods":["BaseMod","Minty Spire (QoL Compilation)","StSLib","SuperFastMode"],"gold_per_floor":[113,127,9,19,30,30,63,63,88,38,138,138,171,187,187,283,283,300,314,314,328,69,69,86,111,111,111,11,24,42,141,141,239,239,259,309,328,344,22,22,52,52,52,52,65,65,11,11,11,11],"floor_reached":51,"language":"KOR","playtime":1192,"items_purged":["Strike_R","Strike_R","Strike_R"],"score":821,"play_id":"990e70d9-0fde-461f-a555-46227e34aff7","local_time":"20210204150059","is_ascension_mode":true,"campfire_choices":[{"data":"Juggernaut","floor":6.0,"key":"SMITH"},{"data":"Metallicize","floor":8.0,"key":"SMITH"},{"data":"Body Slam","floor":12.0,"key":"SMITH"},{"data":"Metallicize","floor":15.0,"key":"SMITH"},{"data":"Thinking Ahead","floor":23.0,"key":"SMITH"},{"data":"Body Slam","floor":27.0,"key":"SMITH"},{"data":"Berserk","floor":32,"key":"SMITH"},{"data":"Flame Barrier","floor":40,"key":"SMITH"},{"data":"Metallicize","floor":42,"key":"SMITH"},{"data":"Metallicize","floor":46,"key":"SMITH"},{"data":"Body Slam","floor":49,"key":"SMITH"}],"circlet_count":0,"master_deck":["Strike_R","Strike_R","Defend_R","Defend_R","Defend_R","Defend_R","Bash","Thunderclap","Flame Barrier+1","Juggernaut+1","True Grit","Battle Trance","Metallicize+1","Body Slam+1","Metallicize+1","Berserk+1","Uppercut+1","Warcry+1","Metallicize+1","Armaments+1","Thinking Ahead+1","Bloodletting","Body Slam+1","Rage","Headbutt","Brutality","Feel No Pain+1","Warcry+1","Shrug It Off","Iron Wave+1","Second Wind","Metallicize+1","Body Slam+1","Brutality","Battle Trance","Shrug It Off"],"relics":["Burning Blood","CaptainsWheel","Anchor","Toy Ornithopter","Centennial Puzzle","Mark of Pain","MealTicket","Bag of Preparation","Sozu","Torii","Bronze Scales","Kunai"],"acts_visited":["Exordium","TheCity","TheBeyond"],"potions_floor_usage":[],"damage_taken":[{"damage":6.0,"enemies":"Cultist","floor":1.0,"turns":4.0},{"damage":0.0,"enemies":"2 Louse","floor":2.0,"turns":2.0},{"damage":2.0,"enemies":"Jaw Worm","floor":4.0,"turns":4.0},{"damage":38.0,"enemies":"Gremlin Gang","floor":5.0,"turns":5.0},{"damage":17.0,"enemies":"3 Sentries","floor":7.0,"turns":8.0},{"damage":4.0,"enemies":"Lagavulin","floor":13.0,"turns":6.0},{"damage":6.0,"enemies":"3 Louse","floor":14.0,"turns":3.0},{"damage":12.0,"enemies":"Hexaghost","floor":16.0,"turns":9.0},{"damage":0.0,"enemies":"Spheric Guardian","floor":18.0,"turns":4.0},{"damage":14.0,"enemies":"3 Byrds","floor":19.0,"turns":3.0},{"damage":4.0,"enemies":"Centurion and Healer","floor":21.0,"turns":7.0},{"damage":11.0,"enemies":"Snecko","floor":24.0,"turns":4.0},{"damage":30.0,"enemies":"Slavers","floor":25.0,"turns":9.0},{"damage":1,"enemies":"Shelled Parasite and Fungi","floor":29,"turns":4},{"damage":10,"enemies":"Cultist and Chosen","floor":30,"turns":7},{"damage":34,"enemies":"Collector","floor":33,"turns":11},{"damage":1,"enemies":"Orb Walker","floor":35,"turns":3},{"damage":26,"enemies":"Mind Bloom Boss Battle","floor":36,"turns":7},{"damage":6,"enemies":"3 Shapes","floor":37,"turns":4},{"damage":18,"enemies":"Sphere and 2 Shapes","floor":38,"turns":4},{"damage":4,"enemies":"Reptomancer","floor":41,"turns":6},{"damage":10,"enemies":"3 Darklings","floor":45,"turns":5},{"damage":24,"enemies":"Awakened One","floor":50,"turns":9}],"seed_played":"-1767798555877506698","potions_obtained":[{"floor":2.0,"key":"FairyPotion"},{"floor":4.0,"key":"Ancient Potion"},{"floor":7.0,"key":"Ancient Potion"},{"floor":13.0,"key":"Regen Potion"},{"floor":14.0,"key":"Regen Potion"}],"is_trial":false,"path_per_floor":["M","M","$","M","M","R","E","R","T","$","?","R","E","M","R","B",null,"M","M","?","M","$","R","M","E","T","R","$","M","M","?","R","B",null,"M","?","M","M","$","R","E","R","T","?","M","R","$","?","R","B",null],"character_chosen":"IRONCLAD","items_purchased":["Juggernaut","Iron Wave","Body Slam","Thinking Ahead","Second Wind","Metallicize","Body Slam","Shrug It Off"],"campfire_rested":0,"item_purchase_floors":[3,3,10,22,39,39,39,47],"current_hp_per_floor":[56,62,62,66,34,34,23,23,23,23,23,23,25,25,25,19,80,80,72,72,74,74,74,69,45,45,45,60,65,61,61,61,33,80,80,60,60,48,63,63,65,65,65,65,61,61,76,76,76,58],"gold":11,"neow_bonus":"ONE_RARE_RELIC","is_daily":false,"chose_seed":false,"campfire_upgraded":11,"win_rate":0.0,"timestamp":1612418459,"path_taken":["M","M","?","M","M","R","E","R","T","$","?","R","E","M","R","BOSS","M","M","?","M","?","R","M","E","T","R","$","?","?","?","R","BOSS","M","?","M","M","$","R","E","R","T","?","M","R","$","?","R","BOSS"],"items_purchased_type":["Card","Card","Card","Card","Card","Card","Card","Card"],"build_version":"2020-12-22","purchased_purges":3,"victory":true,"max_hp_per_floor":[80,80,80,80,80,80,80,80,80,80,80,80,80,80,80,80,80,80,80,80,80,80,80,80,80,80,80,80,80,80,80,80,80,80,80,80,80,80,80,80,80,80,80,76,76,76,76,76,76,76],"card_choices":[{"not_picked":["Armaments","Clash"],"picked":"Thunderclap","floor":1.0},{"not_picked":["Ghostly Armor","Feel No Pain"],"picked":"Flame Barrier","floor":2.0},{"not_picked":["Warcry","Perfected Strike"],"picked":"True Grit","floor":4.0},{"not_picked":["Clothesline","Demon Form"],"picked":"Battle Trance","floor":5.0},{"not_picked":["True Grit","Clothesline"],"picked":"Metallicize","floor":7.0},{"not_picked":["Shrug It Off","Rage"],"picked":"Metallicize","floor":13.0},{"not_picked":["Clash","Rupture","Power Through"],"picked":"SKIP","floor":14.0},{"not_picked":["Reaper","Juggernaut"],"picked":"Berserk","floor":16.0},{"not_picked":["Twin Strike","Power Through"],"picked":"Uppercut+1","floor":18.0},{"not_picked":["Perfected Strike+1","Whirlwind+1"],"picked":"Warcry+1","floor":19.0},{"not_picked":["Fire Breathing","Perfected Strike+1"],"picked":"Armaments+1","floor":21.0},{"not_picked":["Clothesline","Hemokinesis+1"],"picked":"Bloodletting","floor":24.0},{"not_picked":["True Grit","Hemokinesis"],"picked":"Body Slam","floor":25.0},{"not_picked":["Burning Pact","Whirlwind"],"picked":"Rage","floor":29},{"not_picked":["Thunderclap","Anger"],"picked":"Headbutt","floor":30},{"not_picked":["Offering","Demon Form"],"picked":"Brutality","floor":33},{"not_picked":["Headbutt","Clothesline+1"],"picked":"Feel No Pain+1","floor":35},{"not_picked":["True Grit+1","Iron Wave"],"picked":"Warcry+1","floor":36},{"not_picked":["Twin Strike","Perfected Strike"],"picked":"Shrug It Off","floor":37},{"not_picked":["Carnage+1","Rupture"],"picked":"Iron Wave+1","floor":38},{"not_picked":["Bloodletting","Pummel"],"picked":"Brutality","floor":41},{"not_picked":["Heavy Blade+1","Whirlwind"],"picked":"Battle Trance","floor":45}],"player_experience":3037,"relics_obtained":[{"floor":7.0,"key":"Anchor"},{"floor":9.0,"key":"Toy Ornithopter"},{"floor":13.0,"key":"Centennial Puzzle"},{"floor":25.0,"key":"MealTicket"},{"floor":26.0,"key":"Bag of Preparation"},{"floor":36,"key":"Torii"},{"floor":41,"key":"Bronze Scales"},{"floor":43,"key":"Kunai"}],"event_choices":[{"damage_healed":0.0,"max_hp_gain":0.0,"max_hp_loss":0.0,"gold_gain":100.0,"event_name":"Golden Shrine","player_choice":"Pray","floor":11.0,"gold_loss":0.0,"damage_taken":0.0},{"damage_healed":0.0,"max_hp_gain":0.0,"max_hp_loss":0.0,"gold_gain":0.0,"event_name":"The Library","player_choice":"Read","floor":20.0,"gold_loss":0.0,"damage_taken":0.0,"cards_obtained":["Metallicize"]},{"damage_healed":0,"gold_gain":99,"player_choice":"Stole From Cult","damage_taken":0,"max_hp_gain":0,"max_hp_loss":0,"event_name":"Nest","floor":31,"gold_loss":0},{"damage_healed":0,"gold_gain":0,"player_choice":"Fight","damage_taken":0,"max_hp_gain":0,"max_hp_loss":0,"event_name":"MindBloom","floor":36,"gold_loss":0},{"damage_healed":0,"gold_gain":0,"player_choice":"Max HP","damage_taken":0,"max_hp_gain":0,"max_hp_loss":4,"event_name":"Winding Halls","floor":44,"gold_loss":0},{"cards_removed":["Iron Wave"],"damage_healed":0,"gold_gain":0,"player_choice":"Removed Attack","damage_taken":0,"max_hp_gain":0,"max_hp_loss":0,"event_name":"Falling","floor":48,"gold_loss":0}],"is_beta":false,"boss_relics":[{"not_picked":["Runic Dome","Astrolabe"],"picked":"Mark of Pain"},{"not_picked":["Runic Cube","Velvet Choker"],"picked":"Sozu"}],"items_purged_floors":[22,28,39],"is_endless":false,"potions_floor_spawned":[2,4,7,13,14,16,24,25,30,33,35,36],"ascension_level":2}}