{"host":"jbmvtpvel2a8rbg6","time":1612462192,"event":{"mods":["Aspiration","BaseMod","Better Match","Better Sensory Stone","Better Skull","Conspire","Downfall","Energized Spire","GungeonMod","Hubris","Infinite Spire","Minty Spire (QoL Compilation)","RRrroohrrRGHHhhh!!","Reliquary","Replay The Spire","StSLib","Wandering Minibosses"],"gold_per_floor":[116,135,135,135,153,185,185,211,211,111,111,36,62,80,80,80,80],"floor_reached":16,"language":"ENG","playtime":941,"items_purged":["Overencumbered"],"score":108,"play_id":"e85622a6-2a47-4c9e-98a3-e014bec2f8eb","local_time":"20210204100952","is_ascension_mode":false,"campfire_choices":[{"floor":7,"key":"REST"},{"floor":15,"key":"REST"}],"circlet_count":0,"master_deck":["Strike_P","Strike_P","Strike_P","Strike_P","Defend_P","Defend_P","Defend_P","Defend_P","Eruption","Vigilance","Swivel","Tantrum","EmptyFist","PathToVictory","Pot Of Greed","Pot Of Greed","Replay:DivineShield","Ghostly","rorgmod:Feeble","ReplayTheSpireMod:??????????????????????"],"relics":["PureWater","NeowsBlessing","NlothsMask","Bag of Marbles","Grinning Jar","Bronze Scales"],"acts_visited":["Exordium"],"potions_floor_usage":[16],"damage_taken":[{"damage":0,"enemies":"Cultist","floor":1,"turns":1},{"damage":0,"enemies":"Jaw Worm","floor":2,"turns":1},{"damage":0,"enemies":"2 Louse","floor":5,"turns":1},{"damage":35,"enemies":"3 Sentries","floor":6,"turns":6},{"damage":27,"enemies":"Lagavulin","floor":8,"turns":6},{"damage":11,"enemies":"Exordium Wildlife","floor":14,"turns":2},{"damage":47,"enemies":"The Guardian","floor":16,"turns":4}],"seed_played":"-2438920647863538646","potions_obtained":[{"floor":2,"key":"Elixir"},{"floor":5,"key":"Weak Potion"},{"floor":14,"key":"SpeedPotion"}],"is_trial":false,"path_per_floor":["M","M","$","?","M","E","R","E","T","?","?","$","T","M","R","B"],"character_chosen":"WATCHER","items_purchased":[],"campfire_rested":2,"item_purchase_floors":[],"current_hp_per_floor":[72,72,72,72,72,37,58,31,31,31,31,31,31,20,41,0,0],"gold":80,"neow_bonus":"THREE_ENEMY_KILL","is_daily":false,"chose_seed":false,"campfire_upgraded":0,"win_rate":0.0,"timestamp":1612462192,"path_taken":["M","M","$","?","?","E","R","E","T","?","?","$","?","M","R","BOSS"],"items_purchased_type":[],"build_version":"2020-12-22","purchased_purges":1,"victory":false,"max_hp_per_floor":[72,72,72,72,72,72,72,72,72,72,72,72,72,72,72,72,72],"card_choices":[{"not_picked":["Halt","InnerPeace"],"picked":"Swivel","floor":1},{"not_picked":["Replay:AtTheReady","SashWhip"],"picked":"Tantrum","floor":2},{"not_picked":["InnerPeace","SashWhip"],"picked":"EmptyFist","floor":5},{"not_picked":["JustLucky","FlurryOfBlows"],"picked":"PathToVictory","floor":6},{"not_picked":["Establishment","EmptyMind"],"picked":"Replay:DivineShield","floor":8},{"not_picked":["infinitespire:Execution","hubris:Rewind"],"picked":"ReplayTheSpireMod:??????????????????????","floor":11},{"not_picked":["Crescendo","EmptyFist","Weave"],"picked":"SKIP","floor":14}],"player_experience":823466,"relics_obtained":[{"floor":6,"key":"Bag of Marbles"},{"floor":8,"key":"Grinning Jar"},{"floor":13,"key":"Bronze Scales"}],"event_choices":[{"damage_healed":0,"gold_gain":0,"player_choice":"Trade","damage_taken":0,"relics_obtained":["NlothsMask"],"max_hp_gain":0,"max_hp_loss":0,"event_name":"FaceTrader","floor":4,"gold_loss":0},{"damage_healed":0,"gold_gain":0,"player_choice":"Argue","damage_taken":0,"max_hp_gain":0,"max_hp_loss":0,"event_name":"conspire:LoneGhost","floor":10,"gold_loss":0}],"is_beta":false,"boss_relics":[],"items_purged_floors":[12],"is_endless":false,"potions_floor_spawned":[2,5,14],"killed_by":"The Guardian","ascension_level":0}}