{"host":"x5w9zppki4gdwvc7","time":1612406560,"event":{"mods":["AchievementEnabler","BaseMod","Colored Powertips","DeckTracker","Minty Spire (QoL Compilation)","Relic Sorter"],"gold_per_floor":[118,118,3,3,3,3,19,19,43,118,95,95,105,125,125,229,229,245,344,344,220,220,220,255,266,293,293,312,312,312,34,34,34,34],"floor_reached":33,"language":"ENG","playtime":960,"items_purged":["Defend_P","Strike_P","Strike_P"],"score":249,"play_id":"8b9f575a-19b8-4d99-b8d3-c1b62eca4a0f","local_time":"20210204034240","is_ascension_mode":false,"campfire_choices":[{"data":"CrushJoints","floor":6,"key":"SMITH"},{"data":"Eruption","floor":8,"key":"SMITH"},{"data":"Halt","floor":12,"key":"SMITH"},{"data":"PathToVictory","floor":15,"key":"SMITH"},{"data":"Alpha","floor":23,"key":"SMITH"},{"floor":29,"key":"REST"},{"floor":32,"key":"REST"}],"circlet_count":0,"master_deck":["Strike_P","Defend_P+1","Eruption+1","Vigilance","CrushJoints+1","Adaptation+1","Halt+1","PathToVictory+1","Alpha+1","ClearTheMind","PathToVictory","Sanctity","LikeWater+1"],"relics":["PureWater","Bronze Scales","Pen Nib","Black Star","Dream Catcher","Centennial Puzzle","Akabeko","Anchor"],"acts_visited":["Exordium","TheCity"],"potions_floor_usage":[18,28],"damage_taken":[{"damage":0,"enemies":"Cultist","floor":1,"turns":4},{"damage":0,"enemies":"Small Slimes","floor":7,"turns":2},{"damage":0,"enemies":"2 Louse","floor":13,"turns":2},{"damage":4,"enemies":"Large Slime","floor":14,"turns":3},{"damage":34,"enemies":"The Guardian","floor":16,"turns":7},{"damage":21,"enemies":"Spheric Guardian","floor":18,"turns":5},{"damage":36,"enemies":"Gremlin Leader","floor":24,"turns":4},{"damage":12,"enemies":"Shell Parasite","floor":25,"turns":2},{"damage":0,"enemies":"Cultist and Chosen","floor":28,"turns":4},{"damage":10,"enemies":"Colosseum Slavers","floor":30,"turns":4},{"damage":35,"enemies":"Champ","floor":33,"turns":3}],"seed_played":"-2974038653702351878","potions_obtained":[{"floor":7,"key":"AttackPotion"},{"floor":16,"key":"BlessingOfTheForge"}],"is_trial":false,"path_per_floor":["M","?","$","?","T","R","M","R","T","?","$","R","M","M","R","B",null,"M","?","?","$","?","R","E","M","T","?","M","R","?","$","R","B"],"character_chosen":"WATCHER","items_purchased":["Adaptation","PathToVictory","PathToVictory","Anchor"],"campfire_rested":2,"item_purchase_floors":[3,11,21,31],"current_hp_per_floor":[72,72,72,58,58,58,58,58,58,47,47,47,47,43,43,9,72,51,51,51,51,51,51,15,3,3,3,3,24,14,14,35,0,0],"gold":34,"neow_bonus":"REMOVE_CARD","is_daily":false,"chose_seed":false,"campfire_upgraded":5,"win_rate":0.0,"timestamp":1612406560,"path_taken":["M","?","?","?","?","R","M","R","T","?","?","R","M","?","R","BOSS","M","?","?","$","?","R","E","M","T","?","M","R","?","$","R","BOSS"],"items_purchased_type":["Card","Card","Card","Relic"],"build_version":"2020-12-22","purchased_purges":3,"victory":false,"max_hp_per_floor":[72,72,72,72,72,72,72,72,72,72,72,72,72,72,72,72,72,72,72,72,72,72,72,72,72,72,72,72,72,72,72,72,72,72],"card_choices":[{"not_picked":["Evaluate","WreathOfFlame"],"picked":"CrushJoints","floor":1},{"not_picked":["Conclude","WheelKick"],"picked":"Halt","floor":7},{"not_picked":["JustLucky","Consecrate","Crescendo"],"picked":"SKIP","floor":13},{"not_picked":["BowlingBash","EmptyFist","Consecrate"],"picked":"SKIP","floor":14},{"not_picked":["Scrawl","Ragnarok"],"picked":"Alpha","floor":16},{"not_picked":["JustLucky","Vengeance"],"picked":"ClearTheMind","floor":18},{"not_picked":["WheelKick","ThirdEye"],"picked":"Sanctity","floor":24},{"not_picked":["ClearTheMind","Weave"],"picked":"LikeWater+1","floor":25},{"not_picked":["Collect","Evaluate","FollowUp"],"picked":"SKIP","floor":28}],"player_experience":433134,"relics_obtained":[{"floor":5,"key":"Bronze Scales"},{"floor":9,"key":"Pen Nib"},{"floor":24,"key":"Dream Catcher"},{"floor":24,"key":"Centennial Puzzle"},{"floor":26,"key":"Akabeko"}],"event_choices":[{"cards_removed":["Strike_P"],"damage_healed":0,"gold_gain":0,"player_choice":"Purged","damage_taken":0,"max_hp_gain":0,"max_hp_loss":0,"event_name":"Purifier","floor":2,"gold_loss":0},{"damage_healed":0,"gold_gain":0,"player_choice":"Entered Light","damage_taken":14,"max_hp_gain":0,"max_hp_loss":0,"event_name":"Shining Light","floor":4,"gold_loss":0,"cards_upgraded":["Adaptation","Defend_P"]},{"damage_healed":0,"gold_gain":75,"player_choice":"Gather Gold","damage_taken":11,"max_hp_gain":0,"max_hp_loss":0,"event_name":"World of Goop","floor":10,"gold_loss":0},{"damage_healed":0,"gold_gain":99,"player_choice":"Stole From Cult","damage_taken":0,"max_hp_gain":0,"max_hp_loss":0,"event_name":"Nest","floor":19,"gold_loss":0},{"damage_healed":0,"gold_gain":0,"player_choice":"Ignored","damage_taken":0,"max_hp_gain":0,"max_hp_loss":0,"event_name":"Vampires","floor":20,"gold_loss":0},{"damage_healed":0,"gold_gain":0,"player_choice":"Ignored","damage_taken":0,"max_hp_gain":0,"max_hp_loss":0,"event_name":"Ghosts","floor":22,"gold_loss":0},{"cards_removed":["Defend_P"],"damage_healed":0,"gold_gain":0,"player_choice":"Elegance","damage_taken":0,"max_hp_gain":0,"max_hp_loss":0,"event_name":"Back to Basics","floor":27,"gold_loss":0},{"damage_healed":0,"gold_gain":0,"player_choice":"Fight","damage_taken":0,"max_hp_gain":0,"max_hp_loss":0,"event_name":"Colosseum","floor":30,"gold_loss":0},{"damage_healed":0,"gold_gain":0,"player_choice":"Fled From Nobs","damage_taken":0,"max_hp_gain":0,"max_hp_loss":0,"event_name":"Colosseum","floor":30,"gold_loss":0}],"is_beta":false,"boss_relics":[{"not_picked":["Velvet Choker","Pandora\u0027s Box"],"picked":"Black Star"}],"items_purged_floors":[3,21,31],"is_endless":false,"potions_floor_spawned":[7,16],"killed_by":"Champ","ascension_level":0}}