{"host":"4par9lyhj7bf4dsa","time":1612418057,"event":{"mods":["AchievementEnabler","BaseMod","Colored Map","Minty Spire (QoL Compilation)","Relic Stats","StSLib"],"gold_per_floor":[369,383,397,8,8,8,26,45,72,97,97,111,90,122,122,196,196,207,122,133,33,45,45,45],"floor_reached":23,"language":"ENG","playtime":1077,"items_purged":["Strike_P","Strike_P"],"score":335,"play_id":"9e978dbb-416a-40b1-bc58-24bf7c204667","local_time":"20210204165417","is_ascension_mode":true,"campfire_choices":[{"data":"FollowUp","floor":6.0,"key":"SMITH"},{"floor":11,"key":"REST"},{"floor":15,"key":"REST"}],"circlet_count":0,"master_deck":["AscendersBane","Strike_P","Strike_P","Defend_P","Defend_P","Defend_P","Defend_P","Eruption","Vigilance","CrushJoints","Weave","FollowUp+1","ReachHeaven","Meditate","DeusExMachina","BowlingBash","Nirvana+1","FlurryOfBlows"],"relics":["PureWater","Melange","Oddly Smooth Stone","GremlinMask","Akabeko","Bag of Marbles","Juzu Bracelet","Philosopher\u0027s Stone","Du-Vu Doll"],"acts_visited":["Exordium","TheCity"],"potions_floor_usage":[14,16,18,20,20,23],"damage_taken":[{"damage":0.0,"enemies":"Cultist","floor":1.0,"turns":3.0},{"damage":4.0,"enemies":"Jaw Worm","floor":2.0,"turns":3.0},{"damage":0.0,"enemies":"Small Slimes","floor":3.0,"turns":4.0},{"damage":0.0,"enemies":"2 Fungi Beasts","floor":7.0,"turns":3.0},{"damage":13.0,"enemies":"3 Louse","floor":8.0,"turns":4.0},{"damage":40.0,"enemies":"Lagavulin","floor":10.0,"turns":4.0},{"damage":0,"enemies":"Looter","floor":12,"turns":3},{"damage":24,"enemies":"3 Sentries","floor":14,"turns":6},{"damage":2,"enemies":"Hexaghost","floor":16,"turns":7},{"damage":16,"enemies":"Shell Parasite","floor":18,"turns":3},{"damage":0,"enemies":"2 Thieves","floor":20,"turns":3},{"damage":24,"enemies":"Sentry and Sphere","floor":22,"turns":4},{"damage":30,"enemies":"Book of Stabbing","floor":23,"turns":3}],"seed_played":"4129985232714697687","potions_obtained":[{"floor":2.0,"key":"CultistPotion"},{"floor":12,"key":"Swift Potion"},{"floor":14,"key":"SteroidPotion"},{"floor":16,"key":"Ambrosia"},{"floor":18,"key":"DuplicationPotion"},{"floor":22,"key":"Regen Potion"}],"is_trial":false,"path_per_floor":["M","M","M","$","?","R","M","M","T","E","R","M","?","E","R","B",null,"M","?","M","$","M","E"],"character_chosen":"WATCHER","items_purchased":["Melange","Oddly Smooth Stone"],"campfire_rested":2,"item_purchase_floors":[4,4],"current_hp_per_floor":[65,61,61,61,61,61,61,48,48,8,27,27,27,3,22,20,54,38,38,38,38,14,0,0],"gold":45,"neow_bonus":"TWO_FIFTY_GOLD","is_daily":false,"chose_seed":false,"campfire_upgraded":1,"win_rate":0.0,"timestamp":1612418057,"path_taken":["M","M","?","$","?","R","M","M","T","E","R","?","?","E","R","BOSS","M","?","M","$","M","E"],"items_purchased_type":["Relic","Relic"],"build_version":"2020-12-22","purchased_purges":2,"victory":false,"max_hp_per_floor":[65,65,65,65,65,65,65,65,65,65,65,65,65,65,65,65,65,65,65,65,65,65,65,65],"relic_stats":{"counters":[13,50],"Melange":[24],"Juzu Bracelet":0,"obtain_stats":[{"Du-Vu Doll":19,"Melange":4,"Oddly Smooth Stone":4,"GremlinMask":5,"Philosopher\u0027s Stone":17,"Bag of Marbles":10,"Juzu Bracelet":14,"PureWater":0,"Akabeko":9},{"Du-Vu Doll":10,"Melange":3,"Oddly Smooth Stone":3,"GremlinMask":3,"Philosopher\u0027s Stone":9,"Bag of Marbles":6,"Juzu Bracelet":8,"PureWater":0,"Akabeko":5},{"Du-Vu Doll":40,"Melange":10,"Oddly Smooth Stone":10,"GremlinMask":10,"Philosopher\u0027s Stone":37,"Bag of Marbles":21,"Juzu Bracelet":30,"PureWater":0,"Akabeko":17}]},"card_choices":[{"not_picked":["Prostrate","WreathOfFlame"],"picked":"CrushJoints","floor":1.0},{"not_picked":["Indignation","Study"],"picked":"Weave","floor":2.0},{"not_picked":["PathToVictory","FlurryOfBlows"],"picked":"FollowUp","floor":3.0},{"not_picked":["DeceiveReality","Crescendo","Halt"],"picked":"SKIP","floor":7.0},{"not_picked":["CutThroughFate","JustLucky"],"picked":"ReachHeaven","floor":8.0},{"not_picked":["Evaluate","Perseverance"],"picked":"Meditate","floor":10},{"not_picked":["Alpha","CutThroughFate","SignatureMove"],"picked":"SKIP","floor":12},{"not_picked":["EmptyMind","Consecrate","CutThroughFate"],"picked":"SKIP","floor":14},{"not_picked":["Brilliance","SpiritShield"],"picked":"DeusExMachina","floor":16},{"not_picked":["FollowUp","Evaluate+1"],"picked":"BowlingBash","floor":18},{"not_picked":["FollowUp","FlurryOfBlows"],"picked":"Nirvana+1","floor":20},{"not_picked":["EmptyFist","CrushJoints"],"picked":"FlurryOfBlows","floor":22}],"player_experience":996186,"relics_obtained":[{"floor":9.0,"key":"Akabeko"},{"floor":10,"key":"Bag of Marbles"},{"floor":14,"key":"Juzu Bracelet"}],"event_choices":[{"damage_healed":0.0,"max_hp_gain":0.0,"max_hp_loss":0.0,"gold_gain":0.0,"event_name":"FaceTrader","player_choice":"Trade","floor":5.0,"gold_loss":0.0,"damage_taken":0.0,"relics_obtained":["GremlinMask"]},{"damage_healed":0,"gold_gain":0,"player_choice":"Left Gold","damage_taken":0,"max_hp_gain":0,"max_hp_loss":0,"event_name":"World of Goop","floor":13,"gold_loss":21},{"damage_healed":0,"gold_gain":0,"player_choice":"Obtained Relic","damage_taken":0,"relics_obtained":["Du-Vu Doll"],"max_hp_gain":0,"max_hp_loss":0,"event_name":"Addict","floor":19,"gold_loss":85}],"is_beta":false,"boss_relics":[{"not_picked":["SacredBark","Empty Cage"],"picked":"Philosopher\u0027s Stone"}],"items_purged_floors":[4,21],"is_endless":false,"potions_floor_spawned":[2,12,14,16,18,22],"killed_by":"Book of Stabbing","ascension_level":13}}