{"host":"l5zfpd2l2htson6l","time":1612473809,"event":{"mods":["AchievementEnabler","BaseMod","Colored Map","Colored Powertips","Minty Spire (QoL Compilation)","Permanent Neow","Quick Restart","Rare Cards Sparkle","Relic Stats","SuperFastMode"],"gold_per_floor":[114,114,124,124,136,162,162,176,176,208,208,208,173,193,193,270,270,290,307,307,66,81,112,112,143,143,143,159,184,209,263,263,341,341,356,356,356,371,371,371,404,451,451,465,495,237,251,270,270,270,270,270,270,11,11,11],"floor_reached":55,"language":"ENG","playtime":3788,"items_purged":["Strike_R","Strike_R"],"score":1886,"play_id":"fa08da2e-1e1c-403a-a9b5-77c379c152e7","local_time":"20210204132329","is_ascension_mode":true,"campfire_choices":[{"floor":7.0,"key":"REST"},{"data":"Disarm","floor":12.0,"key":"SMITH"},{"data":"Bludgeon","floor":15.0,"key":"SMITH"},{"data":"Whirlwind","floor":24.0,"key":"SMITH"},{"data":"Shrug It Off","floor":27.0,"key":"SMITH"},{"floor":32.0,"key":"REST"},{"data":"Master of Strategy","floor":40.0,"key":"SMITH"},{"floor":49.0,"key":"REST"},{"floor":53.0,"key":"REST"}],"circlet_count":0,"master_deck":["AscendersBane","Strike_R","Strike_R","Strike_R","Defend_R","Defend_R+1","Defend_R","Defend_R","Bash","Disarm+1","Uppercut+1","Rage+1","Bludgeon+1","Pommel Strike","Reaper","Shrug It Off+1","Spot Weakness","Whirlwind+1","Disarm+1","Pummel","Ghostly Armor","Headbutt","Reaper","Battle Trance","Master of Strategy+1","PanicButton","Heavy Blade+1","Flame Barrier","Flame Barrier","Intimidate","Evolve","Blind","Disarm+1"],"relics":["Burning Blood","HornCleat","Blood Vial","InkBottle","War Paint","Velvet Choker","DollysMirror","Pear","Matryoshka","Gambling Chip","Meat on the Bone","Bag of Preparation","Regal Pillow","Snecko Eye","Boot","Turnip","Kunai","Pocketwatch","Membership Card","Centennial Puzzle","Medical Kit"],"acts_visited":["Exordium","TheCity","TheBeyond","TheEnding"],"potions_floor_usage":[55],"damage_taken":[{"damage":5.0,"enemies":"2 Louse","floor":1.0,"turns":4.0},{"damage":15.0,"enemies":"Jaw Worm","floor":3.0,"turns":5.0},{"damage":0.0,"enemies":"Small Slimes","floor":5.0,"turns":4.0},{"damage":35.0,"enemies":"Lagavulin","floor":6.0,"turns":8.0},{"damage":21.0,"enemies":"2 Fungi Beasts","floor":8.0,"turns":6.0},{"damage":27.0,"enemies":"3 Sentries","floor":10.0,"turns":9.0},{"damage":0.0,"enemies":"Blue Slaver","floor":14.0,"turns":4.0},{"damage":15.0,"enemies":"Hexaghost","floor":16.0,"turns":8.0},{"damage":14.0,"enemies":"Spheric Guardian","floor":18.0,"turns":5.0},{"damage":0.0,"enemies":"Chosen","floor":19.0,"turns":3.0},{"damage":0.0,"enemies":"Snake Plant","floor":22.0,"turns":4.0},{"damage":64.0,"enemies":"Slavers","floor":23.0,"turns":7.0},{"damage":17.0,"enemies":"Book of Stabbing","floor":25.0,"turns":6.0},{"damage":19.0,"enemies":"Sentry and Sphere","floor":28.0,"turns":6.0},{"damage":28.0,"enemies":"Gremlin Leader","floor":29.0,"turns":7.0},{"damage":55.0,"enemies":"Champ","floor":33.0,"turns":15.0},{"damage":0.0,"enemies":"Orb Walker","floor":35.0,"turns":2.0},{"damage":0.0,"enemies":"3 Shapes","floor":38.0,"turns":3.0},{"damage":40.0,"enemies":"Reptomancer","floor":41.0,"turns":7.0},{"damage":16.0,"enemies":"2 Orb Walkers","floor":42.0,"turns":5.0},{"damage":0.0,"enemies":"Jaw Worm Horde","floor":44.0,"turns":2.0},{"damage":32.0,"enemies":"Nemesis","floor":45.0,"turns":7.0},{"damage":0.0,"enemies":"Maw","floor":47.0,"turns":8.0},{"damage":40.0,"enemies":"Transient","floor":48.0,"turns":6.0},{"damage":101.0,"enemies":"Time Eater","floor":50.0,"turns":20.0},{"damage":51.0,"enemies":"Awakened One","floor":51.0,"turns":14.0},{"damage":133,"enemies":"Shield and Spear","floor":55,"turns":9}],"seed_played":"6354794330333025000","potions_obtained":[{"floor":1.0,"key":"SkillPotion"},{"floor":8.0,"key":"Fire Potion"},{"floor":16.0,"key":"SmokeBomb"},{"floor":22.0,"key":"Dexterity Potion"},{"floor":23.0,"key":"AttackPotion"},{"floor":42.0,"key":"DuplicationPotion"}],"is_trial":false,"path_per_floor":["M","?","M","?","M","E","R","M","T","E","?","R","?","M","R","B",null,"M","M","?","$","M","E","R","E","T","R","M","E","T","T","R","B",null,"M","?","?","M","?","R","E","?","T","M","E","$","M","M","R","B","B",null,"R","$","E"],"character_chosen":"IRONCLAD","items_purchased":["DollysMirror","Pummel","Membership Card","Blind","Centennial Puzzle","Medical Kit","LiquidMemories"],"campfire_rested":4,"item_purchase_floors":[21,21,46,46,54,54,54],"current_hp_per_floor":[76,71,62,62,68,39,63,50,50,31,36,36,57,65,65,58,80,78,87,87,87,87,48,48,39,39,39,28,20,20,20,64,44,84,97,87,87,97,92,92,86,78,78,86,72,72,86,54,92,20,19,74,92,92,0,0],"gold":11,"neow_bonus":"TEN_PERCENT_HP_BONUS","is_daily":false,"chose_seed":false,"campfire_upgraded":5,"win_rate":0.0,"timestamp":1612473809,"path_taken":["M","?","M","?","M","E","R","M","T","E","?","R","?","M","R","BOSS","M","M","?","$","M","E","R","E","T","R","M","E","?","?","R","BOSS","M","?","?","M","?","R","E","?","T","M","E","$","M","M","R","BOSS","BOSS","R","$","E"],"items_purchased_type":["Relic","Card","Relic","Card","Relic","Relic","Potion"],"build_version":"2020-12-22","purchased_purges":2,"victory":false,"max_hp_per_floor":[82,82,82,82,82,82,82,82,82,82,87,87,87,87,87,87,87,87,87,87,87,87,97,97,97,97,97,97,97,97,97,97,97,97,97,97,97,97,92,92,92,92,92,92,92,92,92,92,92,92,92,92,92,92,92,92],"relic_stats":{"Regal Pillow":26,"counters":[27,184],"Bag of Preparation":[24],"War Paint":["Defend_R","Rage"],"Boot":[47],"Medical Kit":[0],"Burning Blood":139,"Blood Vial":36,"Centennial Puzzle":[3],"Gambling Chip":[73],"Snecko Eye":[195,207,191,179],"Turnip":[11],"Kunai":[18],"obtain_stats":[{"Regal Pillow":30,"Pear":23,"Velvet Choker":17,"Bag of Preparation":30,"War Paint":10,"Boot":41,"Medical Kit":54,"Burning Blood":0,"Blood Vial":6,"Centennial Puzzle":54,"HornCleat":2,"Matryoshka":25,"DollysMirror":21,"Gambling Chip":26,"Snecko Eye":34,"Turnip":42,"Kunai":43,"Membership Card":46,"InkBottle":9,"Meat on the Bone":29,"Pocketwatch":45},{"Regal Pillow":15,"Pear":12,"Velvet Choker":8,"Bag of Preparation":15,"War Paint":6,"Boot":19,"Medical Kit":26,"Burning Blood":0,"Blood Vial":4,"Centennial Puzzle":26,"HornCleat":1,"Matryoshka":13,"DollysMirror":10,"Gambling Chip":13,"Snecko Eye":16,"Turnip":20,"Kunai":20,"Membership Card":22,"InkBottle":5,"Meat on the Bone":15,"Pocketwatch":22},{"Regal Pillow":86,"Pear":67,"Velvet Choker":48,"Bag of Preparation":86,"War Paint":36,"Boot":113,"Medical Kit":175,"Burning Blood":0,"Blood Vial":21,"Centennial Puzzle":175,"HornCleat":4,"Matryoshka":73,"DollysMirror":56,"Gambling Chip":73,"Snecko Eye":101,"Turnip":118,"Kunai":118,"Membership Card":127,"InkBottle":27,"Meat on the Bone":86,"Pocketwatch":127}],"InkBottle":[46],"Meat on the Bone":36,"Pocketwatch":[60]},"card_choices":[{"not_picked":["Perfected Strike","Wild Strike"],"picked":"Disarm","floor":1.0},{"not_picked":["Armaments","Twin Strike"],"picked":"Uppercut","floor":3.0},{"not_picked":["Pommel Strike","Evolve"],"picked":"Rage","floor":5.0},{"not_picked":["Second Wind","Sword Boomerang","True Grit"],"picked":"SKIP","floor":6.0},{"not_picked":["Metallicize","Evolve"],"picked":"Bludgeon","floor":8.0},{"not_picked":["Wild Strike","Armaments","Rupture"],"picked":"SKIP","floor":10.0},{"not_picked":["Twin Strike","Flex"],"picked":"Pommel Strike","floor":14.0},{"not_picked":["Limit Break","Berserk"],"picked":"Reaper","floor":16.0},{"not_picked":["Combust","Dark Embrace"],"picked":"Shrug It Off","floor":18.0},{"not_picked":["Armaments+1","Perfected Strike"],"picked":"Spot Weakness","floor":19.0},{"not_picked":["Wild Strike","Body Slam"],"picked":"Ghostly Armor","floor":22.0},{"not_picked":["Ghostly Armor","Heavy Blade"],"picked":"Headbutt","floor":23.0},{"not_picked":["Perfected Strike","Searing Blow","Havoc"],"picked":"SKIP","floor":25.0},{"not_picked":["Wild Strike","Feel No Pain","Armaments"],"picked":"SKIP","floor":28.0},{"not_picked":["Clash","Infernal Blade","Pommel Strike"],"picked":"SKIP","floor":29.0},{"not_picked":["Immolate","Berserk"],"picked":"Reaper","floor":33.0},{"not_picked":["Metallicize","Perfected Strike+1"],"picked":"Battle Trance","floor":35.0},{"not_picked":["Mayhem","Chrysalis"],"picked":"Master of Strategy","floor":36.0},{"not_picked":["Flash of Steel","Sadistic Nature"],"picked":"PanicButton","floor":36.0},{"not_picked":["Feel No Pain+1","Perfected Strike+1"],"picked":"Heavy Blade+1","floor":38.0},{"not_picked":["Clothesline","Sword Boomerang"],"picked":"Flame Barrier","floor":41.0},{"not_picked":["Thunderclap","Shrug It Off"],"picked":"Flame Barrier","floor":42.0},{"not_picked":["Battle Trance","Clash"],"picked":"Intimidate","floor":44.0},{"not_picked":["Seeing Red+1","Warcry"],"picked":"Evolve","floor":45.0},{"not_picked":["True Grit","Anger"],"picked":"Disarm+1","floor":47.0},{"not_picked":["Rampage","Wild Strike+1","True Grit"],"picked":"SKIP","floor":48.0}],"player_experience":886622,"relics_obtained":[{"floor":6.0,"key":"Blood Vial"},{"floor":9.0,"key":"InkBottle"},{"floor":10.0,"key":"War Paint"},{"floor":23.0,"key":"Pear"},{"floor":25.0,"key":"Matryoshka"},{"floor":26.0,"key":"Gambling Chip"},{"floor":29.0,"key":"Meat on the Bone"},{"floor":30.0,"key":"Bag of Preparation"},{"floor":30.0,"key":"Regal Pillow"},{"floor":41.0,"key":"Boot"},{"floor":42.0,"key":"Turnip"},{"floor":43.0,"key":"Kunai"},{"floor":45.0,"key":"Pocketwatch"}],"event_choices":[{"damage_healed":0.0,"max_hp_gain":0.0,"max_hp_loss":0.0,"gold_gain":0.0,"event_name":"Scrap Ooze","player_choice":"Success","floor":2.0,"gold_loss":0.0,"damage_taken":5.0,"relics_obtained":["HornCleat"]},{"damage_healed":0.0,"max_hp_gain":0.0,"max_hp_loss":0.0,"gold_gain":0.0,"event_name":"Living Wall","player_choice":"Grow","floor":4.0,"gold_loss":0.0,"damage_taken":0.0,"cards_upgraded":["Uppercut"]},{"damage_healed":0.0,"max_hp_gain":5.0,"max_hp_loss":0.0,"gold_gain":0.0,"event_name":"Big Fish","player_choice":"Donut","floor":11.0,"gold_loss":0.0,"damage_taken":0.0},{"damage_healed":21.0,"max_hp_gain":0.0,"max_hp_loss":0.0,"gold_gain":0.0,"event_name":"The Cleric","player_choice":"Healed","floor":13.0,"gold_loss":35.0,"damage_taken":0.0},{"damage_healed":0.0,"max_hp_gain":0.0,"max_hp_loss":0.0,"gold_gain":0.0,"event_name":"The Library","player_choice":"Read","floor":20.0,"gold_loss":0.0,"damage_taken":0.0,"cards_obtained":["Whirlwind"]},{"damage_healed":0.0,"max_hp_gain":0.0,"max_hp_loss":0.0,"gold_gain":0.0,"event_name":"SensoryStone","player_choice":"Memory 3","floor":36.0,"gold_loss":0.0,"damage_taken":10.0},{"damage_healed":0.0,"max_hp_gain":0.0,"max_hp_loss":0.0,"gold_gain":0.0,"event_name":"Tomb of Lord Red Mask","player_choice":"Ignored","floor":37.0,"gold_loss":0.0,"damage_taken":0.0},{"damage_healed":0.0,"max_hp_gain":0.0,"max_hp_loss":5.0,"gold_gain":0.0,"event_name":"Winding Halls","player_choice":"Max HP","floor":39.0,"gold_loss":0.0,"damage_taken":0.0},{"damage_healed":0.0,"max_hp_gain":0.0,"max_hp_loss":0.0,"gold_gain":0.0,"event_name":"Mysterious Sphere","player_choice":"Fight","floor":42.0,"gold_loss":0.0,"damage_taken":0.0}],"is_beta":false,"boss_relics":[{"not_picked":["Runic Pyramid","Runic Dome"],"picked":"Velvet Choker"},{"not_picked":["Runic Cube","Sozu"],"picked":"Snecko Eye"}],"items_purged_floors":[46,54],"is_endless":false,"potions_floor_spawned":[1,8,16,22,23,33,42,44,47,48],"killed_by":"Shield and Spear","ascension_level":20}}