{"host":"0gq2f9xwdze0ceg1","time":1612412445,"event":{"mods":["BaseMod","Colored Powertips","Hermit","KinomotoSakuraMod(????)","Marisa????????","Minty Spire (QoL Compilation)","Robot Space Explorer","StSLib","The Animator","The Cursed","The Forsaken","The Necromancer","The Runesmith","The Saiyan","The Senshi","The Servant 0.9.4"],"gold_per_floor":[119,135,151,151,151,151,170,170,170,190,223,273,273,291,291,396,396,413,413],"floor_reached":18,"language":"SPA","playtime":2487,"items_purged":[],"score":164,"play_id":"dfc26fda-d80e-456b-8cda-852f955ebf8a","local_time":"20210204012045","is_ascension_mode":false,"campfire_choices":[{"data":"ClowCardTheWatery","floor":6,"key":"SMITH"},{"data":"ClowCardTheShadow","floor":8,"key":"SMITH"},{"floor":15,"key":"RECALL"}],"circlet_count":0,"master_deck":["SakuraCardTheWatery+","ClowCardTheSword","ClowCardTheSword","ClowCardTheSword","ClowCardTheSword","ClowCardTheShield","ClowCardTheShield","ClowCardTheShield","ClowCardTheShield","SpellCardSeal+1","SpellCardRelease","ClowCardTheLibra","ClowCardTheGlow","ClowCardTheShadow+1","ClowCardTheFreeze","ClowCardTheMove","ClowCardTheJump","ClowCardTheThrough","ClowCardTheMove+1"],"relics":["KSMOD_SealedBook","KSMOD_SealedWand","Pantograph","Meat on the Bone","Philosopher\u0027s Stone"],"acts_visited":["Exordium","TheCity"],"potions_floor_usage":[11,11,16,16],"damage_taken":[{"damage":1,"enemies":"Jaw Worm","floor":1,"turns":5},{"damage":9,"enemies":"Cultist","floor":2,"turns":4},{"damage":5,"enemies":"Small Slimes","floor":3,"turns":5},{"damage":2,"enemies":"Blue Slaver","floor":7,"turns":4},{"damage":0,"enemies":"3 Louse","floor":10,"turns":4},{"damage":14,"enemies":"Lagavulin","floor":11,"turns":6},{"damage":9,"enemies":"Exordium Wildlife","floor":14,"turns":5},{"damage":24,"enemies":"Hexaghost","floor":16,"turns":12},{"damage":6,"enemies":"3 Byrds","floor":18,"turns":6}],"seed_played":"-6233238879790843738","potions_obtained":[{"floor":1,"key":"DistilledChaos"},{"floor":5,"key":"DistilledChaos"},{"floor":5,"key":"GamblersBrew"},{"floor":10,"key":"DistilledChaos"},{"floor":11,"key":"Weak Potion"},{"floor":18,"key":"BlessingOfTheForge"}],"is_trial":false,"path_per_floor":["M","M","M","?","?","R","M","R","T","M","E","?","T","M","R","B",null,"M"],"character_chosen":"KINOMOTOSAKURA","items_purchased":[],"campfire_rested":0,"item_purchase_floors":[],"current_hp_per_floor":[76,67,62,62,62,62,60,60,60,60,46,46,46,49,49,50,77,71,71],"gold":413,"neow_bonus":"TEN_PERCENT_HP_BONUS","is_daily":false,"chose_seed":false,"campfire_upgraded":2,"win_rate":0.0,"timestamp":1612412445,"path_taken":["M","M","M","?","?","R","?","R","T","M","E","?","?","M","R","BOSS","M"],"items_purchased_type":[],"build_version":"2020-12-22","purchased_purges":0,"victory":false,"max_hp_per_floor":[77,77,77,77,77,77,77,77,77,77,77,77,77,77,77,77,77,77,77],"card_choices":[{"not_picked":["ClowCardTheVoice","ClowCardThePower"],"picked":"ClowCardTheWatery","floor":1},{"not_picked":["ClowCardTheDream","ClowCardTheChange"],"picked":"ClowCardTheLibra","floor":2},{"not_picked":["ClowCardTheEarthy","ClowCardTheSilent"],"picked":"ClowCardTheGlow","floor":3},{"not_picked":["ClowCardTheSleep","ClowCardTheCloud"],"picked":"ClowCardTheShadow","floor":7},{"not_picked":["ClowCardTheShot","ClowCardTheErase"],"picked":"ClowCardTheFreeze","floor":10},{"not_picked":["ClowCardTheArrow","ClowCardTheFly"],"picked":"ClowCardTheMove","floor":11},{"not_picked":["ClowCardTheLibra","ClowCardThePower"],"picked":"ClowCardTheJump","floor":14},{"not_picked":["ClowCardTheFight","ClowCardTheThunder"],"picked":"ClowCardTheThrough","floor":16},{"not_picked":["ClowCardTheShot","ClowCardTheBubbles"],"picked":"ClowCardTheMove+1","floor":18}],"player_experience":146492,"relics_obtained":[{"floor":9,"key":"Pantograph"},{"floor":11,"key":"Meat on the Bone"}],"event_choices":[{"damage_healed":0,"gold_gain":0,"player_choice":"Grow","damage_taken":0,"max_hp_gain":0,"max_hp_loss":0,"event_name":"Living Wall","floor":4,"gold_loss":0,"cards_upgraded":["SpellCardSeal"]},{"damage_healed":0,"gold_gain":0,"player_choice":"Got Potions","damage_taken":0,"max_hp_gain":0,"max_hp_loss":0,"event_name":"Lab","floor":5,"gold_loss":0},{"damage_healed":0,"gold_gain":50,"player_choice":"Gained Gold","damage_taken":0,"max_hp_gain":0,"max_hp_loss":0,"event_name":"Golden Wing","floor":12,"gold_loss":0}],"is_beta":false,"boss_relics":[{"not_picked":["theForsaken:PaleLantern","Sozu"],"picked":"Philosopher\u0027s Stone"}],"items_purged_floors":[],"is_endless":false,"potions_floor_spawned":[1,10,11,18],"killed_by":"3 Byrds","ascension_level":0}}