{"host":"b5qojbycra21l5hi","time":1612397191,"event":{"mods":["AchievementEnabler","BaseMod","BetterRewards","Colored Powertips","Highlight Path","Minty Spire (QoL Compilation)","Quick Restart","Shop Mod","StSLib"],"gold_per_floor":[367,51,62,62,75,75,86,1,1,14,14,33,8,23,23,126,126,140,156,10,10,27,27,27],"floor_reached":23,"language":"ENG","playtime":969,"items_purged":[],"score":194,"play_id":"8e845689-02ec-4bc0-95ca-0d0efd64a32d","local_time":"20210203180631","is_ascension_mode":true,"campfire_choices":[{"data":"Neutralize","floor":6,"key":"SMITH"},{"data":"Infinite Blades","floor":11,"key":"SMITH"},{"floor":15,"key":"REST"}],"circlet_count":0,"master_deck":["Strike_G","Strike_G","Strike_G","Strike_G","Strike_G","Defend_G","Defend_G","Defend_G","Defend_G","Defend_G","Survivor","Neutralize+1","Pain","Quick Slash","Infinite Blades+1","Backstab","Acrobatics","Accuracy","Blade Dance","Cloak And Dagger","PiercingWail","Deflect","Venomology","Cloak And Dagger","Cloak And Dagger+1"],"relics":["Ring of the Serpent","Gremlin Horn","CultistMask","Snake Skull","Sling","Toxic Egg 2"],"acts_visited":["Exordium","TheCity"],"potions_floor_usage":[14,14,16,18,22,23,23],"damage_taken":[{"damage":1,"enemies":"Small Slimes","floor":1,"turns":3},{"damage":13,"enemies":"Cultist","floor":3,"turns":6},{"damage":3,"enemies":"2 Louse","floor":5,"turns":2},{"damage":9,"enemies":"2 Fungi Beasts","floor":7,"turns":3},{"damage":3,"enemies":"Exordium Wildlife","floor":10,"turns":3},{"damage":8,"enemies":"Exordium Thugs","floor":12,"turns":3},{"damage":0,"enemies":"Gremlin Gang","floor":14,"turns":1},{"damage":22,"enemies":"Slime Boss","floor":16,"turns":9},{"damage":30,"enemies":"2 Thieves","floor":18,"turns":4},{"damage":12,"enemies":"Chosen","floor":19,"turns":6},{"damage":9,"enemies":"Snecko","floor":22,"turns":5},{"damage":21,"enemies":"Slavers","floor":23,"turns":3}],"seed_played":"8343277002475683841","potions_obtained":[{"floor":10,"key":"ColorlessPotion"},{"floor":12,"key":"Explosive Potion"},{"floor":14,"key":"SneckoOil"},{"floor":18,"key":"EssenceOfSteel"},{"floor":22,"key":"Weak Potion"}],"is_trial":false,"path_per_floor":["M","$","M","?","M","R","M","$","T","M","R","M","$","M","R","B",null,"M","M","$","?","M","E"],"character_chosen":"THE_SILENT","items_purchased":["Gremlin Horn","Infinite Blades","Accuracy","Blade Dance","PiercingWail","Sling"],"campfire_rested":1,"item_purchase_floors":[2,2,8,8,13,20],"current_hp_per_floor":[69,69,56,56,53,53,44,44,44,41,41,33,33,33,54,32,70,40,28,28,28,19,0,0],"gold":27,"neow_bonus":"TWO_FIFTY_GOLD","is_daily":false,"chose_seed":false,"campfire_upgraded":2,"win_rate":0.0,"timestamp":1612397191,"path_taken":["M","$","M","?","M","R","M","$","T","M","R","M","?","M","R","BOSS","M","M","?","?","M","E"],"items_purchased_type":["Relic","Card","Card","Card","Card","Relic"],"build_version":"2020-12-22","purchased_purges":0,"victory":false,"max_hp_per_floor":[70,70,70,70,70,70,70,70,70,70,70,70,70,70,70,70,70,70,70,70,70,70,70,70],"card_choices":[{"not_picked":["Finisher","Riddle With Holes"],"picked":"Quick Slash","floor":1},{"not_picked":["Prepared","Caltrops"],"picked":"Backstab","floor":3},{"not_picked":["Outmaneuver","All Out Attack"],"picked":"Acrobatics","floor":5},{"not_picked":["Choke","Dagger Throw","Prepared"],"picked":"SKIP","floor":7},{"not_picked":["Flying Knee","PiercingWail","Prepared"],"picked":"SKIP","floor":10},{"not_picked":["Endless Agony","Flying Knee"],"picked":"Cloak And Dagger","floor":12},{"not_picked":["Dagger Spray","Unload"],"picked":"Deflect","floor":14},{"not_picked":["Glass Knife","Bullet Time"],"picked":"Venomology","floor":16},{"not_picked":["Caltrops","Underhanded Strike","Sucker Punch"],"picked":"SKIP","floor":18},{"not_picked":["Backstab","Underhanded Strike+1"],"picked":"Cloak And Dagger","floor":19},{"not_picked":["Escape Plan+1","Backflip+1"],"picked":"Cloak And Dagger+1","floor":22}],"player_experience":145867,"relics_obtained":[{"floor":9,"key":"Snake Skull"}],"event_choices":[{"damage_healed":0,"gold_gain":0,"player_choice":"Trade","damage_taken":0,"relics_obtained":["CultistMask"],"max_hp_gain":0,"max_hp_loss":0,"event_name":"FaceTrader","floor":4,"gold_loss":0},{"damage_healed":0,"gold_gain":0,"player_choice":"Gave Potion","damage_taken":0,"relics_obtained":["Toxic Egg 2"],"max_hp_gain":0,"max_hp_loss":0,"event_name":"WeMeetAgain","floor":21,"gold_loss":0}],"is_beta":false,"boss_relics":[{"not_picked":["HoveringKite","SacredBark"],"picked":"Ring of the Serpent"}],"items_purged_floors":[],"is_endless":false,"potions_floor_spawned":[10,12,14,18,22],"killed_by":"Slavers","ascension_level":1}}