{"host":"eaiphzh066bwqdh7","time":1612482783,"event":{"mods":["BaseMod","Better Note","Halation","Hubris","Minty Spire (QoL Compilation)","Reliquary","Replay The Spire","StSLib"],"gold_per_floor":[116,127,143,158,177,177,194,194,194,223,223,223,223,236,236,339,339,349,349,76,96,109,109,167,167,248,284,294,294,393,97,97,202,202,242,1,1,1,1,1,29,48,94,94,139,139,149,159,159,159,159],"floor_reached":50,"language":"ENG","playtime":1566,"items_purged":["Strike_P"],"score":766,"play_id":"911d6f3d-e2ab-4339-a8d4-d922d4ed2476","local_time":"20210204185303","is_ascension_mode":true,"campfire_choices":[{"floor":6,"key":"REST"},{"floor":8,"key":"REST"},{"floor":12,"key":"REST"},{"floor":15,"key":"REST"},{"floor":23,"key":"REST"},{"floor":25,"key":"REST"},{"floor":29,"key":"REST"},{"data":"Judgement","floor":32,"key":"SMITH"},{"floor":40,"key":"REST"},{"floor":46,"key":"REST"},{"floor":49,"key":"REST"}],"circlet_count":0,"master_deck":["Strike_P","Strike_P","Defend_P","Defend_P","Defend_P","Vigilance","PathToVictory","PathToVictory","Prostrate","Judgement+1","Prostrate","Wish","PathToVictory+1","DevaForm","Dramatic Entrance","Worship+1"],"relics":["PureWater","halation:OrihimeAndHikoboshiSamaAndTears","Mummified Hand","Replay:Grab Bag","hubris:CrackedHourglass","Velvet Choker","SlaversCollar","halation:EternalFortune","Orichalcum","reliquary:PorcupineQuills","ReplayTheSpireMod:Shallot","halation:Sosunser","Bag of Marbles","halation:PinkAlligatorPlush","StrikeDummy","Replay:Purple Gloves","halation:LettersToHer"],"acts_visited":["Exordium","TheCity","TheBeyond"],"potions_floor_usage":[22,24,24,24,24,24,24,33,33,47,50,50],"damage_taken":[{"damage":0,"enemies":"Cultist","floor":1,"turns":4},{"damage":2,"enemies":"Jaw Worm","floor":2,"turns":3},{"damage":3,"enemies":"2 Louse","floor":3,"turns":2},{"damage":22,"enemies":"Large Slime","floor":4,"turns":5},{"damage":10,"enemies":"2 Fungi Beasts","floor":5,"turns":3},{"damage":9,"enemies":"Blue Slaver","floor":7,"turns":3},{"damage":16,"enemies":"Gremlin Nob","floor":10,"turns":3},{"damage":7,"enemies":"3 Louse","floor":14,"turns":2},{"damage":6,"enemies":"The Guardian","floor":16,"turns":7},{"damage":18,"enemies":"Shell Parasite","floor":18,"turns":4},{"damage":31,"enemies":"2 Thieves","floor":21,"turns":4},{"damage":8,"enemies":"3 Cultists","floor":22,"turns":5},{"damage":11,"enemies":"Gremlin Leader","floor":24,"turns":9},{"damage":0,"enemies":"Chosen and Byrds","floor":27,"turns":4},{"damage":3,"enemies":"Centurion and Healer","floor":28,"turns":4},{"damage":28,"enemies":"Pondfish","floor":33,"turns":7},{"damage":63,"enemies":"3 Darklings","floor":35,"turns":7},{"damage":63,"enemies":"Giant Head","floor":41,"turns":6},{"damage":8,"enemies":"3 Shapes","floor":42,"turns":2},{"damage":19,"enemies":"Sphere and 2 Shapes","floor":45,"turns":3},{"damage":19,"enemies":"4 Shapes","floor":47,"turns":5},{"damage":8,"enemies":"3 Darklings","floor":48,"turns":4},{"damage":90,"enemies":"Donu and Deca","floor":50,"turns":7}],"seed_played":"-7319345859127679534","potions_obtained":[{"floor":1,"key":"Milkshake"},{"floor":7,"key":"Strength Potion"},{"floor":10,"key":"EntropicBrew"},{"floor":14,"key":"Adrenaline Potion"},{"floor":22,"key":"Weak Potion"},{"floor":24,"key":"Explosive Potion"},{"floor":28,"key":"Ancient Potion"},{"floor":35,"key":"SpeedPotion"},{"floor":45,"key":"SkillPotion"},{"floor":47,"key":"FearPotion"},{"floor":48,"key":"SkillPotion"}],"is_trial":false,"path_per_floor":["M","M","M","M","M","R","M","R","T","E","?","R","?","M","R","B",null,"M","?","$","M","M","R","E","R","T","M","M","R","?","$","R","B",null,"M","$","?","?","?","R","E","M","T","$","M","R","M","M","R","B"],"character_chosen":"WATCHER","items_purchased":["Orichalcum","Prostrate","halation:Sosunser","Bag of Marbles","StrikeDummy"],"campfire_rested":10,"item_purchase_floors":[20,20,31,31,36],"current_hp_per_floor":[72,70,67,45,35,56,47,68,68,52,52,72,65,58,72,66,72,54,57,57,29,21,44,33,56,56,59,56,80,80,80,80,52,81,18,18,18,21,21,46,84,79,79,79,60,86,67,59,85,0,0],"gold":159,"neow_bonus":"REMOVE_CARD","is_daily":false,"chose_seed":false,"campfire_upgraded":1,"win_rate":0.0,"timestamp":1612482783,"path_taken":["M","?","M","M","M","R","M","R","T","E","?","R","?","M","R","BOSS","M","?","$","M","M","R","E","R","T","M","M","R","?","$","R","BOSS","M","$","?","?","?","R","E","M","T","?","M","R","?","M","R","BOSS"],"items_purchased_type":["Relic","Card","Relic","Relic","Relic"],"build_version":"2020-12-22","purchased_purges":1,"victory":false,"max_hp_per_floor":[72,72,72,72,72,72,72,72,72,72,72,72,72,72,72,72,72,72,75,75,78,78,78,78,78,78,81,81,81,81,81,81,81,81,81,81,81,84,84,84,84,87,87,87,87,87,87,87,87,87,87],"card_choices":[{"not_picked":["Protect","EmptyBody"],"picked":"PathToVictory","floor":1},{"not_picked":["SignatureMove","FlurryOfBlows"],"picked":"PathToVictory","floor":2},{"not_picked":["CutThroughFate","SashWhip"],"picked":"Prostrate","floor":3},{"not_picked":["FlyingSleeves","ClearTheMind","JustLucky"],"picked":"SKIP","floor":4},{"not_picked":["Blasphemy","Evaluate","EmptyMind"],"picked":"SKIP","floor":5},{"not_picked":["FlurryOfBlows","Replay:Cycle","Replay:Hum"],"picked":"SKIP","floor":7},{"not_picked":["ReachHeaven","CrushJoints","SashWhip"],"picked":"SKIP","floor":10},{"not_picked":["ClearTheMind","Evaluate","Replay:AtTheReady"],"picked":"SKIP","floor":14},{"not_picked":["ConjureBlade","SpiritShield"],"picked":"Judgement","floor":16},{"not_picked":["Perseverance","ThirdEye","BowlingBash+1"],"picked":"SKIP","floor":18},{"not_picked":["Consecrate","TalkToTheHand","SashWhip"],"picked":"SKIP","floor":21},{"not_picked":["ClearTheMind+1","FlyingSleeves"],"picked":"Wish","floor":22},{"not_picked":["EmptyBody+1","CrushJoints"],"picked":"PathToVictory+1","floor":24},{"not_picked":["Replay:Anticipation+1","LikeWater","Omniscience"],"picked":"SKIP","floor":27},{"not_picked":["Conclude+1","ReachHeaven","DeceiveReality"],"picked":"SKIP","floor":28},{"not_picked":["Blasphemy","MasterReality"],"picked":"DevaForm","floor":33},{"not_picked":["Consecrate","ClearTheMind+1","FlurryOfBlows+1"],"picked":"SKIP","floor":35},{"not_picked":["ReplayTheSpireMod:Trickstab","Violence"],"picked":"Dramatic Entrance","floor":39},{"not_picked":["LikeWater+1","Replay:Hum","Conclude"],"picked":"SKIP","floor":41},{"not_picked":["WaveOfTheHand+1","EmptyBody"],"picked":"Worship+1","floor":42},{"not_picked":["Protect","Collect","Replay:AtTheReady+1"],"picked":"SKIP","floor":45},{"not_picked":["Replay:ManipulateFuture+1","FlyingSleeves+1","Weave+1"],"picked":"SKIP","floor":47},{"not_picked":["EmptyFist","ThirdEye+1","DeceiveReality"],"picked":"SKIP","floor":48}],"player_experience":248755,"relics_obtained":[{"floor":9,"key":"halation:OrihimeAndHikoboshiSamaAndTears"},{"floor":10,"key":"Mummified Hand"},{"floor":21,"key":"halation:EternalFortune"},{"floor":24,"key":"reliquary:PorcupineQuills"},{"floor":26,"key":"ReplayTheSpireMod:Shallot"},{"floor":27,"key":"halation:EternalFortune"},{"floor":41,"key":"Replay:Purple Gloves"},{"floor":42,"key":"halation:EternalFortune"},{"floor":43,"key":"halation:LettersToHer"}],"event_choices":[{"cards_removed":["Strike_P"],"damage_healed":0,"gold_gain":0,"player_choice":"Card Removal","damage_taken":7,"max_hp_gain":0,"max_hp_loss":0,"event_name":"Golden Wing","floor":13,"gold_loss":0},{"damage_healed":0,"gold_gain":99,"player_choice":"Stole From Cult","damage_taken":0,"max_hp_gain":0,"max_hp_loss":0,"event_name":"Nest","floor":30,"gold_loss":0},{"damage_healed":0,"gold_gain":0,"player_choice":"Ignored","damage_taken":0,"max_hp_gain":0,"max_hp_loss":0,"event_name":"Mysterious Sphere","floor":37,"gold_loss":0},{"damage_healed":0,"gold_gain":0,"player_choice":"Memory 1","damage_taken":0,"max_hp_gain":0,"max_hp_loss":0,"event_name":"SensoryStone","floor":39,"gold_loss":0}],"is_beta":false,"boss_relics":[{"not_picked":["Cursed Key","Replay:Bronze Core"],"picked":"Replay:Grab Bag"},{"not_picked":["hubris:GrandSneckoEye","halation:SmartPhone"],"picked":"hubris:CrackedHourglass"},{"not_picked":["Fusion Hammer","Painkiller Herb"],"picked":"Velvet Choker"},{"not_picked":["Astrolabe","halation:MonkeysPaw"],"picked":"SlaversCollar"},{"not_picked":["halation:Risk","Replay:Drink Me"],"picked":"halation:PinkAlligatorPlush"}],"items_purged_floors":[20],"is_endless":false,"potions_floor_spawned":[1,7,10,14,16,22,24,28,35,45,47,48],"killed_by":"Donu and Deca","ascension_level":3}}