{"host":"8is2j71l4wmybkoi","time":1612438762,"event":{"mods":["AchievementEnabler","BaseMod","Colored Map","Minty Spire (QoL Compilation)","Rare Cards Sparkle","StSLib","SuperFastMode"],"gold_per_floor":[14,14,14,30,48,48,63,63,63,94,111,111,111,128,128,203,203,213,213,231,248,278,278,288,288,288],"floor_reached":25,"language":"KOR","playtime":839,"items_purged":[],"score":362,"play_id":"083a790f-f580-4c95-bacd-9bca39b18b05","local_time":"20210204203922","is_ascension_mode":true,"campfire_choices":[{"data":"Chaos","floor":6,"key":"SMITH"},{"data":"Zap","floor":8,"key":"SMITH"},{"data":"Defend_B","floor":13,"key":"PURGE"},{"data":"Strike_B","floor":15,"key":"PURGE"},{"floor":23,"key":"REST"}],"circlet_count":0,"master_deck":["AscendersBane","Defend_B","Zap+1","Dualcast","Genetic Algorithm","Conserve Battery","Chaos+1","Ball Lightning","Turbo","FTL","White Noise","Barrage","Streamline","Rainbow","Skim+1","BootSequence+1","Coolheaded","Recycle"],"relics":["Cracked Core","Peace Pipe","Empty Cage","Nloth\u0027s Gift"],"acts_visited":["Exordium","TheCity"],"potions_floor_usage":[10,11,21,22],"damage_taken":[{"damage":5,"enemies":"Small Slimes","floor":1,"turns":4},{"damage":1,"enemies":"Cultist","floor":4,"turns":4},{"damage":2,"enemies":"Jaw Worm","floor":5,"turns":3},{"damage":0,"enemies":"Red Slaver","floor":7,"turns":4},{"damage":11,"enemies":"3 Sentries","floor":10,"turns":6},{"damage":6,"enemies":"Gremlin Gang","floor":11,"turns":4},{"damage":0,"enemies":"Looter","floor":14,"turns":3},{"damage":9,"enemies":"The Guardian","floor":16,"turns":9},{"damage":0,"enemies":"Chosen","floor":18,"turns":3},{"damage":15,"enemies":"3 Byrds","floor":20,"turns":3},{"damage":3,"enemies":"Shelled Parasite and Fungi","floor":21,"turns":4},{"damage":26,"enemies":"Sentry and Sphere","floor":22,"turns":4},{"damage":34,"enemies":"Cultist and Chosen","floor":24,"turns":7},{"damage":19,"enemies":"Shelled Parasite and Fungi","floor":25,"turns":2}],"seed_played":"-52091949167973633","potions_obtained":[{"floor":4,"key":"Strength Potion"},{"floor":7,"key":"EssenceOfSteel"},{"floor":14,"key":"SpeedPotion"},{"floor":18,"key":"FocusPotion"},{"floor":21,"key":"ColorlessPotion"}],"is_trial":false,"path_per_floor":["M","?","$","M","M","R","M","R","T","E","M","?","R","M","R","B",null,"M","?","M","M","M","R","M","M"],"character_chosen":"DEFECT","items_purchased":[],"campfire_rested":1,"item_purchase_floors":[],"current_hp_per_floor":[59,59,59,58,56,56,56,56,56,45,39,39,39,39,39,30,61,61,61,46,43,17,38,4,0,0],"gold":288,"neow_bonus":"TRANSFORM_TWO_CARDS","is_daily":false,"chose_seed":false,"campfire_upgraded":2,"win_rate":0.0,"timestamp":1612438762,"path_taken":["M","?","?","M","M","R","?","R","T","E","M","?","R","M","R","BOSS","M","?","?","M","M","R","M","M"],"items_purchased_type":[],"build_version":"2020-12-22","purchased_purges":0,"victory":false,"max_hp_per_floor":[71,71,71,71,71,71,71,71,71,71,71,71,71,71,71,71,71,71,71,71,71,71,71,71,71,71],"card_choices":[{"not_picked":["Beam Cell","Hologram"],"picked":"Chaos","floor":1},{"not_picked":["Darkness","Conserve Battery"],"picked":"Ball Lightning","floor":4},{"not_picked":["Fusion","Go for the Eyes"],"picked":"Turbo","floor":5},{"not_picked":["Go for the Eyes","Cold Snap"],"picked":"FTL","floor":7},{"not_picked":["Heatsinks","Amplify"],"picked":"White Noise","floor":10},{"not_picked":["Steam","Heatsinks"],"picked":"Barrage","floor":11},{"not_picked":["Cold Snap","Turbo"],"picked":"Streamline","floor":14},{"not_picked":["Multi-Cast","Fission"],"picked":"Rainbow","floor":16},{"not_picked":["Recycle","Barrage"],"picked":"Skim+1","floor":18},{"not_picked":["Go for the Eyes","Beam Cell"],"picked":"BootSequence+1","floor":20},{"not_picked":["Genetic Algorithm","Leap","Reprogram+1"],"picked":"SKIP","floor":21},{"not_picked":["Genetic Algorithm","Leap","Reprogram+1"],"picked":"SKIP","floor":21},{"not_picked":["Steam Power","Compile Driver"],"picked":"Coolheaded","floor":22},{"not_picked":["Steam","Conserve Battery"],"picked":"Recycle","floor":24}],"player_experience":957954,"relics_obtained":[{"floor":10,"key":"Peace Pipe"}],"event_choices":[{"damage_healed":0,"gold_gain":0,"player_choice":"Trade","damage_taken":0,"relics_obtained":["NlothsMask"],"max_hp_gain":0,"max_hp_loss":0,"event_name":"FaceTrader","floor":2,"gold_loss":0},{"cards_removed":["Strike_B"],"damage_healed":0,"gold_gain":0,"player_choice":"Card Removal","damage_taken":0,"max_hp_gain":0,"max_hp_loss":0,"event_name":"Wheel of Change","floor":12,"gold_loss":0},{"damage_healed":0,"gold_gain":0,"player_choice":"Traded Relic","damage_taken":0,"relics_obtained":["Nloth\u0027s Gift"],"max_hp_gain":0,"max_hp_loss":0,"event_name":"N\u0027loth","floor":19,"relics_lost":["NlothsMask"],"gold_loss":0}],"is_beta":false,"boss_relics":[{"not_picked":["Velvet Choker","Runic Dome"],"picked":"Empty Cage"}],"items_purged_floors":[],"is_endless":false,"potions_floor_spawned":[4,7,14,18,21],"killed_by":"Shelled Parasite and Fungi","ascension_level":15}}