{"host":"33ltvdtrpyofvchf","time":1612445156,"event":{"mods":["AchievementEnabler","Act Like it!","AlwaysNeverKeys","Aspiration","Astrologer","BaseMod","Better Skull","ChefMod","Conspire","Friendly Minions","Hermit","Hubris","Infinite Spire","Jedi Mod","Marisa????????","Minty Spire (QoL Compilation)","Pale of the Ancients","Permanent Neow","Small Relic Pack","StSLib","The Bladedancer","The Death Knight","The Dragon Tamer","The Forsaken","The Marked","Trackpad","Yuri Mod","slay the spire mod where everything is the same but ironclad has a cowboy hat"],"gold_per_floor":[111,111,121,134,148,178,99,99,99],"floor_reached":8,"language":"ENG","playtime":1939,"items_purged":[],"score":58,"play_id":"346b7269-f105-468f-aafa-bd9ad4e860b0","local_time":"20210204142556","is_ascension_mode":false,"campfire_choices":[],"circlet_count":0,"master_deck":["theMarked:Strike","theMarked:Strike","theMarked:Strike","theMarked:Strike","theMarked:Strike","theMarked:Defend","theMarked:Defend","theMarked:Defend","theMarked:Defend","theMarked:SoldierOfQuellstein","theMarked:Convert","theMarked:EmpowerWeapon","theMarked:Maelstrom","theMarked:Maelstrom","theMarked:LightningStrikesTwice"],"relics":["theMarked:ArtifactOfAir","DeathKnight:SindragosasSkull"],"acts_visited":["Exordium"],"potions_floor_usage":[5],"damage_taken":[{"damage":6,"enemies":"Cultist","floor":1,"turns":3},{"damage":0,"enemies":"2 Louse","floor":3,"turns":2},{"damage":0,"enemies":"conspire:RoseBush","floor":4,"turns":2},{"damage":2,"enemies":"conspire:2 RoseBushes","floor":5,"turns":4},{"damage":39,"enemies":"Lagavulin","floor":6,"turns":7},{"damage":22,"enemies":"3 Sentries","floor":8,"turns":4}],"seed_played":"3813028503612249041","potions_obtained":[{"floor":1,"key":"jedi:holywater"},{"floor":3,"key":"Fire Potion"}],"is_trial":false,"path_per_floor":["M","$","M","M","M","E","$","E"],"character_chosen":"THE_DEFAULT","items_purchased":["theMarked:LightningStrikesTwice"],"campfire_rested":0,"item_purchase_floors":[7],"current_hp_per_floor":[64,64,64,64,62,23,23,1,1],"gold":99,"neow_bonus":"THREE_CARDS","is_daily":false,"chose_seed":false,"campfire_upgraded":0,"win_rate":0.0,"timestamp":1612445156,"path_taken":["M","$","M","M","M","E","$","E"],"items_purchased_type":["Card"],"build_version":"2020-12-22","purchased_purges":0,"victory":false,"max_hp_per_floor":[70,70,70,70,70,70,70,70,70],"card_choices":[{"not_picked":["theMarked:RepellingDischarge","theMarked:ResourceFulStrike"],"picked":"theMarked:Convert","floor":0},{"not_picked":["theMarked:HeightenedSenses","theMarked:StartUp"],"picked":"theMarked:EmpowerWeapon","floor":1},{"not_picked":["theMarked:TheMission","theMarked:ResourceFulStrike","theMarked:Generate"],"picked":"SKIP","floor":3},{"not_picked":["theMarked:EnhanceMovement","theMarked:Improvise"],"picked":"theMarked:Maelstrom","floor":4},{"not_picked":["theMarked:ShockingTouch","theMarked:BanishingStrike","theMarked:WardOff"],"picked":"SKIP","floor":5},{"not_picked":["theMarked:TakeCover","theMarked:Overthink"],"picked":"theMarked:Maelstrom","floor":6}],"player_experience":382469,"relics_obtained":[{"floor":6,"key":"DeathKnight:SindragosasSkull"}],"event_choices":[],"is_beta":false,"boss_relics":[],"items_purged_floors":[],"is_endless":false,"potions_floor_spawned":[1,3],"killed_by":"3 Sentries","ascension_level":0}}