{"host":"tvwbxqry54t86y0v","time":1612428087,"event":{"mods":["2.2 Compatiblity","A Magickal Journey","Arknights","Astrologer","BaseMod","Beaked The Cultist","BetterRewards","Block Reminder","Clockwork Mod","Colored Powertips","DeckTracker","Downfall","Fiend Mod","GungeonMod","Hermit","Hubris","Infinite Spire","Ironclad Rager","Marked Mod","Mimic Mod","Minty Spire (QoL Compilation)","Potionbrewer","Replay The Spire","Shade Mod","Somnambulant","StSLib","The Bug Knight","The Cursed","The Death Knight","The Druid","The Elementalist","The Exalted","The Forsaken","The Hierophant","The Jungle","The Marked","The Mystic","The Problem Sleuth","The Runesmith","The Senshi","The Spell Scribe","The Valiant","The Wild Card","TheFirefly","TheHeartMod","Unceasing Turn Reminder","thorton"],"gold_per_floor":[174,187,287,297,308,337,374,148,160,195,209,109,138,43,61,61,61,61],"floor_reached":16,"language":"ENG","playtime":883,"items_purged":[],"score":154,"play_id":"bb5a6368-97c5-4583-a990-74440c03f3c9","local_time":"20210204194127","is_ascension_mode":true,"campfire_choices":[{"data":"bronze:GetLatest","floor":12,"key":"SMITH"}],"circlet_count":0,"master_deck":["bronze:Strike","bronze:Strike","bronze:Strike","bronze:Strike","bronze:Defend","bronze:Defend","bronze:Defend","bronze:Defend","bronze:Replicate","bronze:Goto","bronze:FineTuning","bronze:Separator","bronze:GetLatest+1","bronze:OilSpill","bronze:OilSpill","bronze:ChosenStrike","bronze:HyperBeam","bronze:CleanCode","bronze:BugBarrage","bronze:Optimize","bronze:GetLatest"],"relics":["bronze:BronzeCore","MawBank","Bromod:ArcaneTempo","Guardian:PocketSentry","Pen Nib","downfall:HeartBlessingGreen","Question Card"],"acts_visited":["Exordium"],"potions_floor_usage":[8,9,15,16],"damage_taken":[{"damage":1,"enemies":"2 Louse","floor":2,"turns":3},{"damage":0,"enemies":"Cultist","floor":4,"turns":3},{"damage":0,"enemies":"Small Slimes","floor":5,"turns":3},{"damage":0,"enemies":"Replay:BlueRogue","floor":6,"turns":6},{"damage":0,"enemies":"downfall:FleeingMerchant","floor":8,"turns":4},{"damage":0,"enemies":"Gremlin Gang","floor":9,"turns":4},{"damage":20,"enemies":"Gremlin Nob","floor":10,"turns":4},{"damage":0,"enemies":"Blue Slaver","floor":11,"turns":2},{"damage":21,"enemies":"3 Sentries","floor":13,"turns":5},{"damage":9,"enemies":"downfall:FleeingMerchant","floor":14,"turns":4},{"damage":7,"enemies":"Exordium Thugs","floor":15,"turns":3},{"damage":20,"enemies":"IC_STATUS_ARCHETYPE","floor":16,"turns":2}],"seed_played":"-3705876942037985120","potions_obtained":[{"floor":2,"key":"EssenceOfSteel"},{"floor":4,"key":"Adrenaline Potion"},{"floor":5,"key":"champ:CounterPotion"},{"floor":9,"key":"Weak Potion"},{"floor":13,"key":"potionbrewer:DiscountPotion"},{"floor":15,"key":"Elixir"}],"is_trial":false,"path_per_floor":["R","M","?","M","M","E","T","$","M","E","M","R","E","$","M","B"],"character_chosen":"THE_AUTOMATON","items_purchased":["Guardian:PocketSentry","bronze:ChosenStrike","bronze:Optimize"],"campfire_rested":0,"item_purchase_floors":[8,8,14],"current_hp_per_floor":[70,69,69,69,69,69,69,69,69,49,49,49,28,19,12,0,0,0],"gold":61,"neow_bonus":"THREE_CARDS","is_daily":false,"chose_seed":false,"campfire_upgraded":1,"win_rate":0.0,"timestamp":1612428087,"path_taken":["R","M","?","M","?","E","T","?","M","E","?","R","E","$","M","BOSS"],"items_purchased_type":["Relic","Card","Card"],"build_version":"2020-12-22","purchased_purges":0,"victory":false,"max_hp_per_floor":[70,70,70,70,70,70,70,70,70,70,70,70,70,70,70,70,70,70],"card_choices":[{"not_picked":["bronze:OilSpill","bronze:Repair"],"picked":"bronze:FineTuning","floor":0},{"not_picked":["bronze:ForLoop","bronze:BitShift"],"picked":"bronze:Separator","floor":2},{"not_picked":["bronze:ClassDefault","bronze:Branch"],"picked":"bronze:GetLatest","floor":4},{"not_picked":["bronze:Shield","bronze:Frontload"],"picked":"bronze:OilSpill","floor":5},{"not_picked":["bronze:ChildClass","bronze:Separator","bronze:WildBeam"],"picked":"SKIP","floor":6},{"not_picked":["bronze:Iterate","bronze:FollowUp"],"picked":"bronze:OilSpill","floor":8},{"not_picked":["bronze:BuggyMess","bronze:Overheat"],"picked":"bronze:HyperBeam","floor":9},{"not_picked":["bronze:Backtrace","bronze:Iterate"],"picked":"bronze:CleanCode","floor":10},{"not_picked":["bronze:Turbo","bronze:Return","bronze:DelayedGuard"],"picked":"SKIP","floor":11},{"not_picked":["bronze:CutThrough","bronze:OilSpill"],"picked":"bronze:BugBarrage","floor":13},{"not_picked":["bronze:BronzeArmor","bronze:Turbo","bronze:Overload","bronze:MaxOutput"],"picked":"SKIP","floor":14},{"not_picked":["bronze:HyperBeam","bronze:Deprecate","bronze:WhirlingStrike"],"picked":"bronze:GetLatest","floor":15}],"player_experience":1151727,"relics_obtained":[{"floor":6,"key":"MawBank"},{"floor":7,"key":"Bromod:ArcaneTempo"},{"floor":10,"key":"Pen Nib"},{"floor":13,"key":"Question Card"}],"event_choices":[],"is_beta":false,"boss_relics":[],"items_purged_floors":[],"is_endless":false,"potions_floor_spawned":[2,4,5,9,13,15],"killed_by":"IC_STATUS_ARCHETYPE","ascension_level":1}}