{"host":"x1wt4ryasj4hxyw3","time":1612427984,"event":{"mods":["Act Like it!","BaseMod","CapriCore","CavMod","Gensokyo","GungeonMod","Lobotomy","LobotomyExtend","Minty Spire (QoL Compilation)","Prisma Mod","Quick Restart","RumiaBox-Â¶Ã×æ«µÄÉñÃØºÐ×Ó","StSLib","The Alterego","The Immortal","Yakumo Yukari mod","Youmu£¨»êÆÇÑýÃÎ£©","Yuyuko","¡¾¹¦ÄÜMod¡¿»ìãçÖ®»·ÐÞ¸´²¹¶¡"],"gold_per_floor":[133,33,33,46,46,46,58,13,62,0,0,0,0],"floor_reached":12,"language":"ZHS","playtime":1092,"items_purged":[],"score":66,"play_id":"2dbfb16b-d729-4795-a77e-1e93c2390c31","local_time":"20210204163944","is_ascension_mode":false,"campfire_choices":[{"floor":6,"key":"REST"},{"floor":11,"key":"REST"}],"circlet_count":0,"master_deck":["AT_purpleEX+1","AT_purpleEX","AT_purpleEX","AT_purpleEX+1","Defend_purpleEX","Defend_purpleEX","Defend_purpleEX","Defend_purpleEX","Observe_purple_1","Observe_purple_2","CherryBlossoms","MagicEyes_LaplaceDemon_purple+1","MNeedle_purple","DimensionStaggered_purple","MeatLantern","Bait_HighSpeedFlying_purple+1","Scorched","WorldDissolvedintheRealm_purple","Line_surface_state_purple","Gensokyo:RustyChest","Gensokyo:ScrapIron"],"relics":["Boundary_crack","Memoryfragments_purpleEX","CogitoBucket","LetterFromLob","DemoMod:BlueGuonStone","Moonlight_r","Whetstone"],"acts_visited":["Exordium"],"potions_floor_usage":[4,12],"damage_taken":[{"damage":4,"enemies":"Gensokyo:3_Fairies","floor":1,"turns":6},{"damage":6,"enemies":"Gensokyo:2_Kodama","floor":4,"turns":4},{"damage":40,"enemies":"Gensokyo:Gryphon","floor":7,"turns":5},{"damage":50,"enemies":"Gensokyo:Mamizou","floor":12,"turns":2}],"seed_played":"-2014146750306239192","potions_obtained":[{"floor":1,"key":"SkillPotion"},{"floor":7,"key":"Fire Potion"}],"is_trial":false,"path_per_floor":["M","?","?","M","M","R","M","$","T","COS","R","E"],"character_chosen":"Youkari","items_purchased":["Line_surface_state_purple"],"campfire_rested":2,"item_purchase_floors":[8],"current_hp_per_floor":[69,69,69,63,35,56,21,21,21,21,42,0,0],"gold":0,"neow_bonus":"","is_daily":false,"chose_seed":false,"campfire_upgraded":0,"win_rate":0.0,"timestamp":1612427984,"path_taken":["M","?","?","M","?","R","M","?","T","COS","R","E"],"items_purchased_type":["Card"],"build_version":"2020-12-22","purchased_purges":0,"victory":false,"max_hp_per_floor":[70,70,70,70,70,70,70,70,70,70,70,70,70],"card_choices":[{"not_picked":["Wellcheers","MeatLantern"],"picked":"CherryBlossoms","floor":1},{"not_picked":["AdvanceAttack_purple","MonsterNeedle_purple"],"picked":"MagicEyes_LaplaceDemon_purple","floor":1},{"not_picked":["AdvanceAttack_purple","MeetDecomposer_purple"],"picked":"MNeedle_purple","floor":3},{"not_picked":["ExistenceContinue_purple","WingOfChimera_purple"],"picked":"DimensionStaggered_purple","floor":3},{"not_picked":["Scarecrow","BlackSwan","LittleHelper"],"picked":"Singing Bowl","floor":4},{"not_picked":["PunishingBird","Bloodbath"],"picked":"MeatLantern","floor":4},{"not_picked":["StateDuplicate_purple","RuleDissolution_purple"],"picked":"Bait_HighSpeedFlying_purple","floor":4},{"not_picked":["NakedNest","UniverseFragment"],"picked":"Scorched","floor":7},{"not_picked":["Realm_recovery_purpleEX","MeetDecomposer_purple"],"picked":"WorldDissolvedintheRealm_purple","floor":7}],"player_experience":159466,"relics_obtained":[{"floor":1,"key":"LetterFromLob"},{"floor":9,"key":"Whetstone"}],"event_choices":[],"is_beta":false,"boss_relics":[],"items_purged_floors":[],"is_endless":false,"potions_floor_spawned":[1,7],"killed_by":"Gensokyo:Mamizou","ascension_level":0}}