{"host":"r6jigiblrojhp6xe","time":1612422720,"event":{"mods":["AchievementEnabler","BaseMod","DeckTracker","Hermit","Minty Spire (QoL Compilation)","Quick Restart","Rare Cards Sparkle","Relic Stats","StSLib","SuperFastMode","everything is the same but u backflip on backflip"],"gold_per_floor":[117,117,117,117,135,178,191,116,195,195,195,238,251,295,295,295,295],"floor_reached":16,"language":"KOR","playtime":289,"items_purged":["Strike_R"],"score":286,"play_id":"e49ce7bf-3e22-435d-a7a5-d908b6fa8c75","local_time":"20210204161200","is_ascension_mode":true,"campfire_choices":[{"data":"Blood for Blood","floor":11.0,"key":"SMITH"},{"data":"Bash","floor":15,"key":"SMITH"}],"circlet_count":0,"master_deck":["AscendersBane","Strike_R","Strike_R","Strike_R","Defend_R","Defend_R","Defend_R","Defend_R","Bash+1","Body Slam","Burning Pact","Evolve","Whirlwind","Blood for Blood+1","Fiend Fire","Sentinel"],"relics":["Burning Blood","NeowsBlessing","Golden Idol","Bag of Marbles","Shuriken","Gremlin Horn","Pantograph"],"acts_visited":["Exordium"],"potions_floor_usage":[14],"damage_taken":[{"damage":0.0,"enemies":"Small Slimes","floor":1.0,"turns":1.0},{"damage":0.0,"enemies":"2 Louse","floor":5.0,"turns":1.0},{"damage":0.0,"enemies":"Gremlin Nob","floor":6.0,"turns":1.0},{"damage":7.0,"enemies":"Cultist","floor":7.0,"turns":4.0},{"damage":35.0,"enemies":"Lagavulin","floor":12.0,"turns":7.0},{"damage":0.0,"enemies":"Exordium Thugs","floor":13.0,"turns":2.0},{"damage":8,"enemies":"Gremlin Nob","floor":14,"turns":3},{"damage":36,"enemies":"Slime Boss","floor":16,"turns":5}],"seed_played":"5731669695174629095","potions_obtained":[{"floor":1.0,"key":"Swift Potion"},{"floor":7.0,"key":"Energy Potion"},{"floor":13.0,"key":"Strength Potion"}],"is_trial":false,"path_per_floor":["M","?","?","?","M","E","M","$","T","?","R","E","M","E","R","B"],"character_chosen":"IRONCLAD","items_purchased":[],"campfire_rested":0,"item_purchase_floors":[],"current_hp_per_floor":[74,74,48,37,43,49,48,48,48,48,48,19,25,23,23,12,12],"gold":295,"neow_bonus":"THREE_ENEMY_KILL","is_daily":false,"chose_seed":false,"campfire_upgraded":2,"win_rate":0.0,"timestamp":1612422720,"path_taken":["M","?","?","?","?","E","M","?","T","?","R","E","M","E","R","BOSS"],"items_purchased_type":[],"build_version":"2020-12-22","purchased_purges":1,"victory":false,"max_hp_per_floor":[75,75,75,75,75,75,75,75,75,75,75,75,75,75,75,75,75],"relic_stats":{"Gremlin Horn":[1,1],"counters":[8,24],"Golden Idol":37,"Shuriken":[1],"Pantograph":25,"obtain_stats":[{"NeowsBlessing":0,"Gremlin Horn":12,"Golden Idol":3,"Shuriken":9,"Pantograph":14,"Bag of Marbles":6,"Burning Blood":0},{"NeowsBlessing":0,"Gremlin Horn":5,"Golden Idol":1,"Shuriken":4,"Pantograph":7,"Bag of Marbles":3,"Burning Blood":0},{"NeowsBlessing":0,"Gremlin Horn":14,"Golden Idol":1,"Shuriken":7,"Pantograph":19,"Bag of Marbles":3,"Burning Blood":0}],"Burning Blood":42},"card_choices":[{"not_picked":["Rupture","Warcry"],"picked":"Body Slam","floor":1.0},{"not_picked":["Clothesline","Havoc"],"picked":"Evolve","floor":5.0},{"not_picked":["Armaments","Thunderclap"],"picked":"Whirlwind","floor":6.0},{"not_picked":["Havoc","Headbutt"],"picked":"Blood for Blood","floor":7.0},{"not_picked":["Perfected Strike","Havoc"],"picked":"Fiend Fire","floor":12.0},{"not_picked":["Cleave","Rupture"],"picked":"Sentinel","floor":13.0},{"not_picked":["Carnage","Flame Barrier","Pummel"],"picked":"SKIP","floor":14}],"player_experience":605284,"relics_obtained":[{"floor":6.0,"key":"Bag of Marbles"},{"floor":9.0,"key":"Shuriken"},{"floor":12.0,"key":"Gremlin Horn"},{"floor":14,"key":"Pantograph"}],"event_choices":[{"damage_healed":0.0,"max_hp_gain":0.0,"max_hp_loss":0.0,"gold_gain":0.0,"cards_transformed":["Strike_R"],"event_name":"Living Wall","player_choice":"Change","floor":2.0,"gold_loss":0.0,"damage_taken":0.0,"cards_obtained":["Burning Pact"]},{"damage_healed":0.0,"max_hp_gain":0.0,"max_hp_loss":0.0,"gold_gain":0.0,"event_name":"Golden Idol","player_choice":"Take Damage","floor":3.0,"gold_loss":0.0,"damage_taken":26.0,"relics_obtained":["Golden Idol"]},{"damage_healed":0.0,"max_hp_gain":0.0,"max_hp_loss":0.0,"gold_gain":0.0,"event_name":"Wheel of Change","player_choice":"Damaged","floor":4.0,"gold_loss":0.0,"damage_taken":11.0},{"damage_healed":0.0,"max_hp_gain":0.0,"max_hp_loss":0.0,"gold_gain":0.0,"event_name":"Shining Light","player_choice":"Ignored","floor":10.0,"gold_loss":0.0,"damage_taken":0.0}],"is_beta":false,"boss_relics":[],"items_purged_floors":[8],"is_endless":false,"potions_floor_spawned":[1,7,13],"killed_by":"Slime Boss","ascension_level":20}}