{"host":"45gjn1i9lq2ky2i9","time":1612410796,"event":{"mods":["2.2 Compatiblity","Act Like it!","Aspiration","BaseMod","Beaked The Cultist","Better Altar","Better Match","Better Note","Better Sensory Stone","Better Skull","Better Third Choice","Better Vampires","Conspire","Downfall","Halation","Hubris","Infinite Spire","Jedi Mod","Lobotomy","LobotomyExtend","Minty Spire (QoL Compilation)","Pale of the Ancients","Permanent Neow","Shop Mod","Spikes Relics","StSLib","The Runesmith","The Wild Card"],"gold_per_floor":[117,117,117,117,64,89,106,141,186,186,205,239,239,265,265,336,336,351,351,9,9,21,21,39,39,63,74,74,37,37,37,37,109,109,121,121,134,154,172,172,188,188,188,138,155,155,172,187,187,187],"floor_reached":51,"language":"RUS","playtime":1659,"items_purged":["downfall:Bewildered","Strike_B"],"score":1416,"play_id":"22988c29-55ee-40a2-be6f-7281c6103610","local_time":"20210204115316","is_ascension_mode":true,"campfire_choices":[{"floor":15,"key":"REST"},{"data":"Echo Form","floor":23,"key":"SMITH"},{"floor":28,"key":"REST"},{"floor":32,"key":"REST"},{"data":"jedi:reiji","floor":40,"key":"SMITH"},{"data":"Zap","floor":42,"key":"SMITH"},{"data":"Glacier","floor":46,"key":"SMITH"},{"floor":49,"key":"REST"}],"circlet_count":0,"master_deck":["AscendersBane","Strike_B","Defend_B","Defend_B","Defend_B","Defend_B","Zap+1","Dualcast","Cold Snap","Coolheaded","Hologram","Cold Snap","jedi:reiji+1","Echo Form+1","Glacier","Meteor Strike","Rebound","jedi:hex","Electrodynamics","hubris:InfiniteBlow+80","Glacier+1"],"relics":["Cracked Core","NeowsBlessing","halation:PinkSoulGem","GiantMaggot","aspiration:ArtOfWarUpgrade","Boot","Lantern","jedi:kaleidoscope","SacredBark","sneckomod:BabySnecko","Singing Bowl","Smiling Mask","aspiration:ChemicalBlood","beaked:SacredDeck","ShockBauble"],"acts_visited":["Exordium","TheCity","TheBeyond"],"potions_floor_usage":[8,16,22,33,33,39,48,50,50,51,51],"damage_taken":[{"damage":0,"enemies":"2 Louse","floor":1,"turns":1},{"damage":0,"enemies":"Lagavulin","floor":6,"turns":1},{"damage":0,"enemies":"Small Slimes","floor":7,"turns":1},{"damage":11,"enemies":"3 Sentries","floor":8,"turns":4},{"damage":12,"enemies":"infinitespire:Voidling","floor":11,"turns":4},{"damage":18,"enemies":"Gremlin Nob","floor":12,"turns":4},{"damage":5,"enemies":"3 Sentries","floor":14,"turns":9},{"damage":0,"enemies":"The Guardian","floor":16,"turns":10},{"damage":0,"enemies":"Spheric Guardian","floor":18,"turns":7},{"damage":21,"enemies":"3 Byrds","floor":22,"turns":4},{"damage":17,"enemies":"Shelled Parasite and Fungi","floor":24,"turns":3},{"damage":21,"enemies":"Snake Plant","floor":27,"turns":3},{"damage":42,"enemies":"conspire:MysteriousRune","floor":33,"turns":11},{"damage":14,"enemies":"Orb Walker","floor":35,"turns":2},{"damage":4,"enemies":"3 Darklings","floor":37,"turns":2},{"damage":13,"enemies":"Writhing Mass","floor":38,"turns":2},{"damage":7,"enemies":"Sphere and 2 Shapes","floor":39,"turns":6},{"damage":21,"enemies":"Spire Growth","floor":41,"turns":5},{"damage":0,"enemies":"Maw","floor":45,"turns":2},{"damage":0,"enemies":"Transient","floor":47,"turns":1},{"damage":19,"enemies":"Jaw Worm Horde","floor":48,"turns":3},{"damage":13,"enemies":"Time Eater","floor":50,"turns":3},{"damage":0,"enemies":"Malkuth","floor":51,"turns":1},{"damage":0,"enemies":"Hod","floor":51,"turns":1},{"damage":18,"enemies":"Tiphereth","floor":51,"turns":3},{"damage":22,"enemies":"Hokma","floor":51,"turns":3},{"damage":6,"enemies":"Angela","floor":51,"turns":3}],"seed_played":"3964744982948187023","potions_obtained":[{"floor":1,"key":"Explosive Potion"},{"floor":6,"key":"PowerPotion"},{"floor":16,"key":"jedi:StrikingPotion"},{"floor":18,"key":"Ancient Potion"},{"floor":27,"key":"DuplicationPotion"},{"floor":33,"key":"PotionOfCapacity"},{"floor":33,"key":"Regen Potion"},{"floor":39,"key":"SkillPotion"},{"floor":48,"key":"champ:CounterPotion"}],"is_trial":false,"path_per_floor":["M","?","?","?","$","E","M","E","T","R","M","E","R","E","R","B",null,"M","?","$","?","M","R","M","?","T","M","R","$","T","$","R","B",null,"M","?","M","M","M","R","M","R","T","$","M","R","M","M","R","B",null],"character_chosen":"DEFECT","items_purchased":["Coolheaded","Singing Bowl","jedi:hex"],"campfire_rested":4,"item_purchase_floors":[5,20,29],"current_hp_per_floor":[64,64,57,71,71,71,71,60,60,60,48,30,30,25,46,46,65,65,65,65,69,50,50,35,35,35,16,39,39,39,39,62,20,63,49,51,49,38,73,73,54,54,54,54,56,56,58,41,68,55],"gold":187,"neow_bonus":"THREE_ENEMY_KILL","is_daily":false,"chose_seed":false,"campfire_upgraded":4,"win_rate":0.0,"timestamp":1612410796,"path_taken":["M","?","?","?","$","E","M","E","T","R","?","E","R","E","R","BOSS","M","?","$","?","?","R","M","?","T","?","R","$","?","?","R","BOSS","M","?","M","M","M","R","M","R","T","$","M","R","?","M","R","BOSS"],"items_purchased_type":["Card","Relic","Card"],"build_version":"2020-12-22","purchased_purges":2,"victory":true,"max_hp_per_floor":[71,71,71,71,71,71,71,71,71,71,71,71,71,71,71,71,71,71,71,71,71,73,73,75,75,75,77,77,77,77,77,77,77,77,77,77,79,81,83,83,85,85,85,85,87,87,89,91,91,91],"card_choices":[{"not_picked":["Hologram","Steam"],"picked":"Cold Snap","floor":1},{"not_picked":["Cold Snap","Ball Lightning"],"picked":"Hologram","floor":6},{"not_picked":["jedi:blockon","Doom and Gloom"],"picked":"Cold Snap","floor":7},{"not_picked":["Redo","jedi:BurstLightning"],"picked":"jedi:reiji","floor":8},{"not_picked":["Doom and Gloom","Steam"],"picked":"Echo Form","floor":11},{"not_picked":["jedi:blockon","jedi:locknload"],"picked":"Glacier","floor":12},{"not_picked":["Streamline","Cold Snap","Rebound"],"picked":"SKIP","floor":14},{"not_picked":["Hyperbeam","Fission"],"picked":"Meteor Strike","floor":16},{"not_picked":["Rebound+1","Barrage","jedi:markofdeath"],"picked":"SKIP","floor":18},{"not_picked":["hubris:PowerSurge","jedi:BurstLightning","Coolheaded"],"picked":"Singing Bowl","floor":22},{"not_picked":["Ball Lightning","jedi:BurstLightning","Streamline"],"picked":"Singing Bowl","floor":24},{"not_picked":["jedi:BurstFrost","Stack","conspire:Rain"],"picked":"Singing Bowl","floor":27},{"not_picked":["Amplify","hubris:DoWhile"],"picked":"Electrodynamics","floor":33},{"not_picked":["Beam Cell","Streamline"],"picked":"Glacier","floor":35},{"not_picked":["Redo","Hologram","Doom and Gloom"],"picked":"Singing Bowl","floor":37},{"not_picked":["Glacier","Recycle+1","jedi:BurstFrost"],"picked":"Singing Bowl","floor":38},{"not_picked":["Cold Snap","jedi:blockon+1","Ball Lightning"],"picked":"Singing Bowl","floor":39},{"not_picked":["jedi:BurstFrost","Hologram","Rebound"],"picked":"Singing Bowl","floor":41},{"not_picked":["BootSequence","Rebound","Leap"],"picked":"Singing Bowl","floor":45},{"not_picked":["Barrage+1","Sweeping Beam","hubris:PowerSurge"],"picked":"Singing Bowl","floor":47},{"not_picked":["Recycle","Hello World","jedi:blockon"],"picked":"Singing Bowl","floor":48}],"player_experience":561866,"relics_obtained":[{"floor":6,"key":"GiantMaggot"},{"floor":8,"key":"Art of War"},{"floor":9,"key":"Boot"},{"floor":12,"key":"Lantern"},{"floor":14,"key":"jedi:kaleidoscope"},{"floor":26,"key":"Smiling Mask"},{"floor":30,"key":"aspiration:ChemicalBlood"},{"floor":43,"key":"ShockBauble"}],"event_choices":[{"cards_removed":["Strike_B"],"damage_healed":0,"gold_gain":0,"player_choice":"Card Removal","damage_taken":7,"max_hp_gain":0,"max_hp_loss":0,"event_name":"Golden Wing","floor":3,"gold_loss":0},{"damage_healed":23,"gold_gain":0,"player_choice":"Banana","damage_taken":0,"max_hp_gain":0,"max_hp_loss":0,"event_name":"Big Fish","floor":4,"gold_loss":0},{"damage_healed":0,"gold_gain":0,"cards_transformed":["Strike_B"],"player_choice":"Transformed","damage_taken":0,"max_hp_gain":0,"max_hp_loss":0,"event_name":"Transmorgrifier","floor":25,"gold_loss":0,"cards_obtained":["Rebound"]},{"damage_healed":2,"gold_gain":0,"player_choice":"LEAVE ","damage_taken":0,"relics_obtained":[],"max_hp_gain":0,"max_hp_loss":0,"event_name":"betterSkull:BetterSkull","floor":36,"gold_loss":0,"cards_upgraded":[]}],"is_beta":false,"boss_relics":[{"not_picked":["conspire:SeveredTorchhead","Ectoplasm"],"picked":"SacredBark"},{"not_picked":["jedi:hotpepper","hubris:ScarierMask"],"picked":"beaked:SacredDeck"}],"items_purged_floors":[20,44],"is_endless":false,"potions_floor_spawned":[1,6,16,18,27,33,38,39,41,45],"ascension_level":17}}