{"host":"i9o3eksapkmftcbs","time":1612426823,"event":{"mods":["2.2 Compatiblity","AchievementEnabler","Act Like it!","Arknights","Bard","BaseMod","BetterRewards","Colored Map","Colored Powertips","Conspire","Duelist Mod","Halation","Hubris","Infinite Spire","Lobotomy","Minty Spire (QoL Compilation)","Rare Cards Sparkle","Reliquary","Robot Space Explorer","StSLib","The Blackbeard","The Clintock","The Dragon Tamer","The Mystic","Transform Curses"],"gold_per_floor":[116,116,130,142,162,162,162],"floor_reached":6,"language":"ENG","playtime":517,"items_purged":[],"score":38,"play_id":"f3089ccc-9f8c-443d-ad7e-50dc9b552685","local_time":"20210204022023","is_ascension_mode":false,"campfire_choices":[],"circlet_count":0,"master_deck":["mysticmod:Strike_Mystic","mysticmod:Strike_Mystic","mysticmod:Strike_Mystic","mysticmod:Strike_Mystic","mysticmod:Defend_Mystic","mysticmod:Defend_Mystic","mysticmod:Defend_Mystic","mysticmod:Defend_Mystic","mysticmod:ArcaneDodge","mysticmod:ShockingGrasp","mysticmod:TomeOfSpells","mysticmod:PreparedCaster","mysticmod:Discipline","hubris:Wrath","Deep Breath","mysticmod:ComboCaster","mysticmod:ArcaneAccuracy","mysticmod:DiviningBlow"],"relics":["mysticmod:SpellBook"],"acts_visited":["Exordium"],"potions_floor_usage":[4,5],"damage_taken":[{"damage":5.0,"enemies":"Cultist","floor":1.0,"turns":5.0},{"damage":4,"enemies":"2 Louse","floor":3,"turns":4},{"damage":12,"enemies":"Small Slimes","floor":4,"turns":4},{"damage":15,"enemies":"Looter","floor":5,"turns":5},{"damage":38,"enemies":"Lagavulin","floor":6,"turns":6}],"seed_played":"-2500333277417971232","potions_obtained":[{"floor":3,"key":"AttackPotion"},{"floor":4,"key":"DuplicationPotion"}],"is_trial":false,"path_per_floor":["M","?","M","M","M","E"],"character_chosen":"MYSTIC_CLASS","items_purchased":[],"campfire_rested":0,"item_purchase_floors":[],"current_hp_per_floor":[65,65,61,49,34,0,0],"gold":162,"neow_bonus":"TWENTY_PERCENT_HP_BONUS","is_daily":false,"chose_seed":false,"campfire_upgraded":0,"win_rate":0.0,"timestamp":1612426823,"path_taken":["M","?","M","?","M","E"],"items_purchased_type":[],"build_version":"2020-12-22","purchased_purges":0,"victory":false,"max_hp_per_floor":[91,91,91,91,91,91,91],"card_choices":[{"not_picked":["mysticmod:SpellCombat","mysticmod:Grease"],"picked":"mysticmod:TomeOfSpells","floor":1.0},{"not_picked":["mysticmod:Alacrity","mysticmod:Riposte"],"picked":"mysticmod:ComboCaster","floor":3},{"not_picked":["mysticmod:StyleChange","mysticmod:BladeMaster"],"picked":"mysticmod:ArcaneAccuracy","floor":4},{"not_picked":["mysticmod:TomeOfSpells","mysticmod:PreparedCaster"],"picked":"mysticmod:DiviningBlow","floor":5}],"player_experience":388512,"relics_obtained":[],"event_choices":[{"damage_healed":0,"gold_gain":0,"player_choice":"4 cards matched","damage_taken":0,"max_hp_gain":0,"max_hp_loss":0,"event_name":"Match and Keep!","floor":2,"gold_loss":0,"cards_obtained":["mysticmod:PreparedCaster","mysticmod:Discipline","hubris:Wrath","Deep Breath"]}],"is_beta":false,"boss_relics":[],"items_purged_floors":[],"is_endless":false,"potions_floor_spawned":[3,4],"killed_by":"Lagavulin","ascension_level":0}}