{"host":"q349ucdsdrgdzjwk","time":1612476035,"event":{"mods":["2.2 Compatiblity","A Penny For Your Troubles","AchievementEnabler","BaseMod","Beaked The Cultist","Better Altar","Better Match","Better Note","Better Skull","Better Third Choice","BetterRewards","Displayed Cursed Tome","Downfall","Friendly Minions","Googly Eyes","Gremlin Mod","Hermit","Hubris","Marisa????????","Minty Spire (QoL Compilation)","Permanent Neow","Relic Filter Mod","Reliquary","Robot Space Explorer","Shop Mod","Spire Arcade","StSLib","The Construct","The Cursed","The Disciple","The Marked","The Necromancer","The Servant 0.9.4","TheVacant","Transform Curses"],"gold_per_floor":[99,99,9,9,9,24,24,51,51,51,82,257,182,196,214,313,313,313,328,328,42,42,42,42,27,27,27,56,22,50,68,79,183,183,183,197,207,207,207,51,127,27,59,78,97,124,24,42,52,53],"floor_reached":51,"language":"ENG","playtime":4418,"items_purged":["downfall:Malfunctioning","Doubt"],"score":846,"play_id":"f832f6c5-e502-4367-8ced-4de227c59a9a","local_time":"20210204220035","is_ascension_mode":true,"campfire_choices":[{"data":"sneckomod:SnekBite","floor":1,"key":"SMITH"},{"data":"sneckomod:QuickBite","floor":9,"key":"SMITH"},{"data":"sneckomod:WideSting","floor":18,"key":"SMITH"},{"data":"sneckomod:UnknownX","floor":23,"key":"SMITH"},{"data":"expansioncontent:QuickStudy","floor":26,"key":"SMITH"},{"floor":35,"key":"RECALL"},{"data":"beaked:AwakenedForm","floor":42,"key":"SMITH"},{"data":"sneckomod:SoulDraw","floor":47,"key":"SMITH"}],"circlet_count":0,"master_deck":["sneckomod:Strike","sneckomod:Strike","sneckomod:Strike+1","sneckomod:Defend","sneckomod:Defend","sneckomod:Defend+1","sneckomod:TailWhip","sneckomod:SnekBite+1","sneckomod:Unknown","sneckomod:Unknown+1","sneckomod:SlitherStrike","sneckomod:UnknownColorless","sneckomod:UnknownCommonAttack","sneckomod:MasterEye+1","sneckomod:QuickMove+1","sneckomod:UnknownX+1","sneckomod:UnknownRarePower+1","sneckomod:UnknownClassVACANT_COLOR","sneckomod:SnakeSap+1","expansioncontent:QuickStudy+1","Finesse","sneckomod:UnknownBoss","sneckomod:UnknownCommonSkill","sneckomod:UnknownDraw+1","sneckomod:TrashToTreasure","sneckomod:SoulDraw+1","Finesse","sneckomod:UnknownDexterity","sneckomod:Unknown1Cost+1","sneckomod:UnknownDraw+1","sneckomod:Unknown3Cost","beaked:AwakenedForm+1","sneckomod:UnknownClassVACANT_COLOR","sneckomod:UnknownClassGREEN","hubris:DuctTapeCard","sneckomod:DefensiveFlair+1","sneckomod:UnknownClassTHE_CHAMP_GRAY","sneckomod:UnknownVulnerable+1","sneckomod:Unknown1Cost+1","sneckomod:DiceBlock"],"relics":["bronze:MakeshiftBattery","hubris:Towel","Bag of Preparation","InkBottle","reliquary:BallBearing","reliquary:WritOfMandamus","Mummified Hand","reliquary:BoilingFlask","Tiny Chest","hubris:DeckOfHolding","beaked:SacredDeck","Blood Vial","hubris:DuctTape","downfall:HeartBlessingRed","sneckomod:BlankCard","Gambling Chip","downfall:HeartBlessingGreen"],"acts_visited":["Exordium","TheCity","TheBeyond"],"potions_floor_usage":[16,16,21,33,33,33,44,50,50,50],"damage_taken":[{"damage":1,"enemies":"downfall:FleeingMerchant","floor":3,"turns":4},{"damage":0,"enemies":"Jaw Worm","floor":6,"turns":2},{"damage":26,"enemies":"3 Sentries","floor":8,"turns":6},{"damage":8,"enemies":"Lagavulin","floor":11,"turns":4},{"damage":0,"enemies":"Small Slimes","floor":14,"turns":2},{"damage":0,"enemies":"2 Louse","floor":15,"turns":1},{"damage":8,"enemies":"IC_STATUS_ARCHETYPE","floor":16,"turns":4},{"damage":24,"enemies":"3 Byrds","floor":19,"turns":5},{"damage":0,"enemies":"downfall:FleeingMerchant","floor":21,"turns":4},{"damage":15,"enemies":"downfall:FleeingMerchant","floor":25,"turns":4},{"damage":24,"enemies":"Gremlin Leader","floor":28,"turns":5},{"damage":0,"enemies":"downfall:FleeingMerchant","floor":29,"turns":1},{"damage":4,"enemies":"Book of Stabbing","floor":30,"turns":4},{"damage":0,"enemies":"Chosen","floor":31,"turns":1},{"damage":14,"enemies":"Snake Plant","floor":32,"turns":2},{"damage":18,"enemies":"SI_MIRROR_ARCHETYPE","floor":33,"turns":4},{"damage":34,"enemies":"3 Darklings","floor":36,"turns":5},{"damage":0,"enemies":"Orb Walker","floor":37,"turns":3},{"damage":14,"enemies":"Giant Head","floor":43,"turns":5},{"damage":15,"enemies":"Transient","floor":44,"turns":5},{"damage":10,"enemies":"Spire Growth","floor":45,"turns":3},{"damage":13,"enemies":"beaked:SuperParasite","floor":46,"turns":7},{"damage":11,"enemies":"Sphere and 2 Shapes","floor":48,"turns":3},{"damage":14,"enemies":"4 Shapes","floor":49,"turns":3},{"damage":45,"enemies":"DF_ARCHETYPE_ORBS","floor":50,"turns":6}],"seed_played":"472860905936847767","potions_obtained":[{"floor":14,"key":"SneckoOil"},{"floor":15,"key":"bronze:BurnAndBuffPotion"},{"floor":19,"key":"FearPotion"},{"floor":28,"key":"SteroidPotion"},{"floor":31,"key":"hexamod:SoulburnPotion"},{"floor":32,"key":"ColorlessPotion"},{"floor":36,"key":"LiquidBronze"},{"floor":43,"key":"SneckoOil"},{"floor":44,"key":"LiquidMemories"}],"is_trial":false,"path_per_floor":["R","?","$","?","?","M","T","E","R","?","E","?","?","M","M","B",null,"R","M","?","$","?","R","T","$","R","?","E","$","E","M","M","B",null,"R","M","M","?","?","$","T","R","E","M","M","E","R","M","M","B",null],"character_chosen":"THE_SNECKO","items_purchased":["expansioncontent:QuickStudy","Finesse","sneckomod:SoulDraw","Finesse","Tiny Chest","Blood Vial"],"campfire_rested":0,"item_purchase_floors":[21,21,29,29,29,40],"current_hp_per_floor":[90,90,89,89,89,89,89,63,63,68,60,60,60,60,60,52,95,95,77,77,77,77,77,77,62,62,62,38,38,34,34,20,2,95,95,61,65,65,65,65,65,65,78,65,57,50,50,41,29,8],"gold":53,"neow_bonus":"BOSS_RELIC","is_daily":false,"chose_seed":false,"campfire_upgraded":7,"win_rate":0.0,"timestamp":1612476035,"path_taken":["R","?","$","?","?","?","T","E","R","?","E","?","?","M","M","BOSS","R","M","?","$","?","R","T","$","R","?","E","$","E","M","M","BOSS","R","M","M","?","?","$","T","R","E","M","M","E","R","M","M","BOSS"],"items_purchased_type":["Card","Card","Card","Card","Relic","Relic"],"build_version":"2020-12-22","purchased_purges":2,"victory":true,"max_hp_per_floor":[90,90,90,90,90,90,90,90,90,95,95,95,95,95,95,95,95,95,95,95,95,95,95,95,95,95,95,95,95,95,95,95,95,95,95,95,95,95,95,95,95,95,95,95,95,95,95,95,95,95],"card_choices":[{"not_picked":["sneckomod:UnknownDraw","sneckomod:UnknownStrike"],"picked":"sneckomod:QuickBite","floor":3},{"not_picked":["sneckomod:SoulDraw","sneckomod:SnekBeam","sneckomod:IronFang"],"picked":"SKIP","floor":6},{"not_picked":["sneckomod:QuickBite","sneckomod:WideSting"],"picked":"sneckomod:UnknownColorless","floor":8},{"not_picked":["sneckomod:SoulDraw","sneckomod:DefensiveFlair"],"picked":"sneckomod:UnknownCommonAttack","floor":11},{"not_picked":["sneckomod:UnknownX+1","sneckomod:Unknown2Cost+1"],"picked":"sneckomod:MasterEye+1","floor":13},{"not_picked":["sneckomod:WideSting+1","sneckomod:IronFang+1"],"picked":"sneckomod:QuickMove+1","floor":13},{"not_picked":["sneckomod:Memorize","sneckomod:DiceCrush"],"picked":"sneckomod:UnknownX","floor":14},{"not_picked":["sneckomod:DefensiveFlair","sneckomod:DiceCrush"],"picked":"sneckomod:WideSting","floor":15},{"not_picked":["sneckomod:UnknownRareAttack","sneckomod:SoulExchange"],"picked":"sneckomod:UnknownRarePower","floor":16},{"not_picked":["sneckomod:QuickBite+1","sneckomod:DiceCrush"],"picked":"sneckomod:UnknownClassVACANT_COLOR","floor":19},{"not_picked":["sneckomod:UnknownClassTHE_CHAMP_GRAY","sneckomod:UnknownUncommonAttack"],"picked":"sneckomod:SnakeSap+1","floor":21},{"not_picked":["sneckomod:RainOfDice","sneckomod:UnknownCommonAttack"],"picked":"sneckomod:UnknownCommonSkill","floor":25},{"not_picked":["sneckomod:DiceCrush","sneckomod:QuickMove"],"picked":"sneckomod:UnknownDraw+1","floor":28},{"not_picked":["sneckomod:QuickMove+1","sneckomod:UnknownClassVACANT_COLOR"],"picked":"sneckomod:TrashToTreasure","floor":29},{"not_picked":["sneckomod:DiceBoulder","sneckomod:UnknownBlock"],"picked":"sneckomod:UnknownDexterity","floor":30},{"not_picked":["sneckomod:UnknownClassVACANT_COLOR","sneckomod:UnknownClassGREEN+1"],"picked":"sneckomod:Unknown1Cost+1","floor":31},{"not_picked":["sneckomod:PureSnecko","sneckomod:DiceCrush"],"picked":"sneckomod:UnknownDraw+1","floor":32},{"not_picked":["sneckomod:Transmogrify","sneckomod:UnlimitedRolls"],"picked":"sneckomod:Unknown3Cost","floor":33},{"not_picked":["sneckomod:UnknownCommonAttack","sneckomod:QuickBite"],"picked":"sneckomod:UnknownClassVACANT_COLOR","floor":36},{"not_picked":["sneckomod:DangerNoodle","sneckomod:UnknownClassVACANT_COLOR"],"picked":"sneckomod:UnknownClassGREEN","floor":37},{"not_picked":["sneckomod:QuickMove","sneckomod:SlitherStrike"],"picked":"sneckomod:DefensiveFlair+1","floor":43},{"not_picked":["sneckomod:SlitherStrike+1","sneckomod:Nope+1"],"picked":"sneckomod:UnknownClassTHE_CHAMP_GRAY","floor":44},{"not_picked":["sneckomod:ImprovisedAttack","sneckomod:DiceCrush+1"],"picked":"sneckomod:UnknownVulnerable+1","floor":45},{"not_picked":["sneckomod:UnknownCommonSkill+1","sneckomod:UnlimitedRolls"],"picked":"sneckomod:Unknown1Cost+1","floor":46},{"not_picked":["sneckomod:SoulRoll","sneckomod:QuickMove"],"picked":"sneckomod:DiceBlock","floor":48},{"not_picked":["sneckomod:WideSting+1","sneckomod:Rotation","sneckomod:Nope"],"picked":"SKIP","floor":49}],"player_experience":448109,"relics_obtained":[{"floor":7,"key":"Bag of Preparation"},{"floor":8,"key":"InkBottle"},{"floor":11,"key":"reliquary:BallBearing"},{"floor":24,"key":"Mummified Hand"},{"floor":28,"key":"reliquary:BoilingFlask"},{"floor":30,"key":"hubris:DeckOfHolding"},{"floor":41,"key":"hubris:DuctTape"},{"floor":43,"key":"sneckomod:BlankCard"},{"floor":46,"key":"Gambling Chip"}],"event_choices":[{"damage_healed":0,"gold_gain":0,"player_choice":"Donut","damage_taken":0,"max_hp_gain":5,"max_hp_loss":0,"event_name":"Big Fish","floor":10,"gold_loss":0},{"damage_healed":0,"gold_gain":0,"player_choice":"2","damage_taken":0,"max_hp_gain":0,"max_hp_loss":0,"event_name":"betterMatch:BetterMatch","floor":13,"gold_loss":0,"cards_obtained":["betterMatch:UncommonCard","betterMatch:CommonCard"]},{"damage_healed":0,"gold_gain":0,"player_choice":"Forge","damage_taken":0,"max_hp_gain":0,"max_hp_loss":0,"event_name":"Accursed Blacksmith","floor":20,"gold_loss":0,"cards_upgraded":["sneckomod:UnknownRarePower"]}],"is_beta":false,"boss_relics":[{"not_picked":["beaked:MawFillet","Runic Pyramid"],"picked":"reliquary:WritOfMandamus"},{"not_picked":["hubris:BlackHole","Busted Crown"],"picked":"beaked:SacredDeck"}],"items_purged_floors":[3,29],"is_endless":false,"potions_floor_spawned":[14,15,19,28,31,32,36,43,44],"ascension_level":2}}