{"host":"n43wxkei7kulhi8o","time":1612452781,"event":{"mods":["BaseMod","Bestiary","Block Reminder","Colored Map","Colored Powertips","Curses Come First","Custom Start","Dark Map","Highlight Path","Minty Spire (QoL Compilation)","Relic Stats","StSLib"],"gold_per_floor":[109,122,148,55,75,75,89,108,134,146,177,189,201,232,244,361,373,404,428,184,184,203,203,203],"floor_reached":23,"language":"ENG","playtime":691,"items_purged":[],"score":185,"play_id":"3405f380-a394-4cf1-b36e-496a755941a1","local_time":"20210204103301","is_ascension_mode":false,"campfire_choices":[{"data":"Zap","floor":6,"key":"SMITH"},{"data":"Dualcast","floor":10,"key":"SMITH"},{"data":"Consume","floor":15,"key":"SMITH"}],"circlet_count":0,"master_deck":["Strike_B","Strike_B","Strike_B","Strike_B","Defend_B","Defend_B","Defend_B","Defend_B","Zap+1","Dualcast+1","Consume+1","Ball Lightning","Conserve Battery","Cold Snap","Auto Shields","Creative AI","Ball Lightning"],"relics":["Cracked Core","Vajra","Bag of Marbles","MawBank","Sozu","Pantograph","Molten Egg 2"],"acts_visited":["Exordium","TheCity"],"potions_floor_usage":[22],"damage_taken":[{"damage":6,"enemies":"Cultist","floor":1,"turns":3},{"damage":2,"enemies":"Jaw Worm","floor":2,"turns":4},{"damage":0,"enemies":"Small Slimes","floor":5,"turns":2},{"damage":0,"enemies":"3 Louse","floor":7,"turns":3},{"damage":5,"enemies":"Exordium Wildlife","floor":8,"turns":2},{"damage":5,"enemies":"Looter","floor":11,"turns":3},{"damage":0,"enemies":"Large Slime","floor":14,"turns":4},{"damage":29,"enemies":"The Guardian","floor":16,"turns":11},{"damage":32,"enemies":"3 Byrds","floor":18,"turns":5},{"damage":5,"enemies":"Chosen","floor":19,"turns":4},{"damage":20,"enemies":"Sentry and Sphere","floor":22,"turns":5},{"damage":32,"enemies":"Book of Stabbing","floor":23,"turns":4}],"seed_played":"4009097438524192261","potions_obtained":[{"floor":1,"key":"EssenceOfSteel"},{"floor":8,"key":"Swift Potion"},{"floor":14,"key":"FearPotion"},{"floor":16,"key":"GamblersBrew"}],"is_trial":false,"path_per_floor":["M","M","T","$","M","R","M","M","T","R","M","$","?","M","R","B",null,"M","M","$","?","M","E"],"character_chosen":"DEFECT","items_purchased":["Ball Lightning","Conserve Battery","Pantograph"],"campfire_rested":0,"item_purchase_floors":[4,4,20],"current_hp_per_floor":[69,67,67,67,67,67,67,62,62,62,57,57,57,57,57,28,75,43,38,38,38,18,0,0],"gold":203,"neow_bonus":"RANDOM_COMMON_RELIC","is_daily":false,"chose_seed":false,"campfire_upgraded":3,"win_rate":0.0,"timestamp":1612452781,"path_taken":["M","M","?","$","M","R","M","M","T","R","M","$","?","M","R","BOSS","M","?","$","?","M","E"],"items_purchased_type":["Card","Card","Relic"],"build_version":"2020-12-22","purchased_purges":0,"victory":false,"max_hp_per_floor":[75,75,75,75,75,75,75,75,75,75,75,75,75,75,75,75,75,75,75,75,75,75,75,75],"relic_stats":{"Sozu":0,"counters":[12,50],"Pantograph":0,"MawBank":132,"obtain_stats":[{"Sozu":17,"Pantograph":20,"Vajra":0,"Molten Egg 2":21,"Bag of Marbles":3,"Cracked Core":0,"MawBank":9},{"Sozu":8,"Pantograph":10,"Vajra":0,"Molten Egg 2":10,"Bag of Marbles":2,"Cracked Core":0,"MawBank":5},{"Sozu":32,"Pantograph":41,"Vajra":0,"Molten Egg 2":41,"Bag of Marbles":7,"Cracked Core":0,"MawBank":14}]},"card_choices":[{"not_picked":["Rip and Tear","Undo","White Noise"],"picked":"SKIP","floor":1},{"not_picked":["Rip and Tear","Undo","White Noise"],"picked":"SKIP","floor":1},{"not_picked":["Genetic Algorithm","Gash"],"picked":"Consume","floor":2},{"not_picked":["Go for the Eyes","Compile Driver"],"picked":"Cold Snap","floor":5},{"not_picked":["Turbo","Compile Driver","Redo"],"picked":"SKIP","floor":7},{"not_picked":["Hologram","Fusion","Turbo"],"picked":"SKIP","floor":8},{"not_picked":["Beam Cell","Gash","Hello World"],"picked":"SKIP","floor":11},{"not_picked":["Chaos","Streamline"],"picked":"Auto Shields","floor":14},{"not_picked":["Hyperbeam","Thunder Strike"],"picked":"Creative AI","floor":16},{"not_picked":["Streamline+1","Compile Driver"],"picked":"Ball Lightning","floor":18},{"not_picked":["Gash","Consume","Beam Cell"],"picked":"SKIP","floor":19},{"not_picked":["Beam Cell+1","Reinforced Body+1","Reboot"],"picked":"SKIP","floor":22}],"player_experience":673186,"relics_obtained":[{"floor":3,"key":"Bag of Marbles"},{"floor":9,"key":"MawBank"}],"event_choices":[{"damage_healed":0,"gold_gain":0,"player_choice":"Bought 0 Potions","damage_taken":0,"max_hp_gain":0,"max_hp_loss":0,"event_name":"The Woman in Blue","floor":13,"gold_loss":0},{"damage_healed":0,"gold_gain":0,"player_choice":"Opened","damage_taken":0,"relics_obtained":["Molten Egg 2"],"max_hp_gain":0,"max_hp_loss":0,"event_name":"The Mausoleum","floor":21,"gold_loss":0}],"is_beta":false,"boss_relics":[{"not_picked":["SlaversCollar","Runic Pyramid"],"picked":"Sozu"}],"items_purged_floors":[],"is_endless":false,"potions_floor_spawned":[1,8,14,16],"killed_by":"Book of Stabbing","ascension_level":0}}