{"host":"oor112x12afcc54z","time":1612406473,"event":{"mods":["AchievementEnabler","BaseMod","DeckTracker","Keyboard Shortcuts","Minty Spire (QoL Compilation)","SuperFastMode"],"gold_per_floor":[19,19,19,35,52,79,254,30,30,30,30,65,65,77,77,178,178,193,193,193,93,112,112,112],"floor_reached":23,"language":"KOR","playtime":479,"items_purged":["Doubt","Strike_P"],"score":305,"play_id":"49bb6e69-1851-4f4d-877a-0cf60f263472","local_time":"20210204114113","is_ascension_mode":true,"campfire_choices":[{"floor":11.0,"key":"REST"},{"data":"Adaptation","floor":13.0,"key":"SMITH"},{"data":"SignatureMove","floor":15.0,"key":"SMITH"}],"circlet_count":0,"master_deck":["AscendersBane","Strike_P","Strike_P","Defend_P","Defend_P","Defend_P","Defend_P","Eruption","Vigilance","Panache","SignatureMove+1","TalkToTheHand","Adaptation+1","Vault","FearNoEvil"],"relics":["PureWater","Kunai","Omamori","Bottled Flame","Pantograph","Philosopher\u0027s Stone","Nunchaku"],"acts_visited":["Exordium","TheCity"],"potions_floor_usage":[16,23],"damage_taken":[{"damage":0.0,"enemies":"2 Louse","floor":1.0,"turns":2.0},{"damage":0.0,"enemies":"Small Slimes","floor":4.0,"turns":2.0},{"damage":0.0,"enemies":"Cultist","floor":5.0,"turns":2.0},{"damage":54.0,"enemies":"Gremlin Nob","floor":6.0,"turns":6.0},{"damage":12.0,"enemies":"3 Sentries","floor":12.0,"turns":5.0},{"damage":16.0,"enemies":"Blue Slaver","floor":14.0,"turns":4.0},{"damage":20,"enemies":"Slime Boss","floor":16,"turns":7},{"damage":48,"enemies":"3 Byrds","floor":18,"turns":6},{"damage":6,"enemies":"2 Thieves","floor":22,"turns":4},{"damage":8,"enemies":"Sentry and Sphere","floor":23,"turns":4}],"seed_played":"-1762611347597431266","potions_obtained":[{"floor":1.0,"key":"BlessingOfTheForge"},{"floor":5.0,"key":"SkillPotion"},{"floor":6.0,"key":"Fire Potion"},{"floor":10.0,"key":"StancePotion"},{"floor":10.0,"key":"StancePotion"},{"floor":14.0,"key":"BlessingOfTheForge"},{"floor":22,"key":"BlessingOfTheForge"}],"is_trial":false,"path_per_floor":["M","$","?","M","M","E","?","$","T","?","R","E","R","M","R","B",null,"M","?","?","$","M","M"],"character_chosen":"WATCHER","items_purchased":["Omamori"],"campfire_rested":1,"item_purchase_floors":[8],"current_hp_per_floor":[65,65,65,65,65,11,11,11,11,11,32,20,20,4,4,9,56,8,8,8,8,2,0,0],"gold":112,"neow_bonus":"RANDOM_COLORLESS_2","is_daily":false,"chose_seed":false,"campfire_upgraded":2,"win_rate":0.0,"timestamp":1612406473,"path_taken":["M","$","?","M","M","E","?","$","T","?","R","E","R","M","R","BOSS","M","?","?","$","?","M"],"items_purchased_type":["Relic"],"build_version":"2020-12-22","purchased_purges":2,"victory":false,"max_hp_per_floor":[72,72,72,72,72,72,72,72,72,72,72,72,72,72,72,72,72,72,72,72,72,72,72,72],"card_choices":[{"not_picked":["Chrysalis","Thinking Ahead"],"picked":"Panache","floor":0.0},{"not_picked":["Halt","Conclude"],"picked":"SignatureMove","floor":1.0},{"not_picked":["Meditate","EmptyMind","Fasting2"],"picked":"SKIP","floor":4.0},{"not_picked":["FlurryOfBlows","Indignation"],"picked":"TalkToTheHand","floor":5.0},{"not_picked":["Consecrate","Swivel","CrushJoints"],"picked":"SKIP","floor":6.0},{"not_picked":["FollowUp","Worship"],"picked":"Adaptation","floor":12.0},{"not_picked":["EmptyBody","ClearTheMind","CrushJoints"],"picked":"SKIP","floor":14.0},{"not_picked":["Judgement","Blasphemy"],"picked":"Vault","floor":16},{"not_picked":["Protect+1","Prostrate+1"],"picked":"FearNoEvil","floor":18},{"not_picked":["ClearTheMind","JustLucky","Protect+1"],"picked":"SKIP","floor":22}],"player_experience":439580,"relics_obtained":[{"floor":6.0,"key":"Kunai"},{"floor":9.0,"key":"Bottled Flame"},{"floor":12.0,"key":"Pantograph"}],"event_choices":[{"cards_removed":["Strike_P"],"damage_healed":0.0,"max_hp_gain":0.0,"max_hp_loss":0.0,"gold_gain":0.0,"event_name":"Living Wall","player_choice":"Forget","floor":3.0,"gold_loss":0.0,"damage_taken":0.0},{"damage_healed":0.0,"max_hp_gain":0.0,"max_hp_loss":0.0,"gold_gain":175.0,"event_name":"Liars Game","player_choice":"AGREE","floor":7.0,"gold_loss":0.0,"damage_taken":0.0,"cards_obtained":["Doubt"]},{"damage_healed":0.0,"max_hp_gain":0.0,"max_hp_loss":0.0,"gold_gain":0.0,"event_name":"Lab","player_choice":"Got Potions","floor":10.0,"gold_loss":0.0,"damage_taken":0.0},{"damage_healed":0,"gold_gain":0,"player_choice":"Opened","damage_taken":0,"relics_obtained":["Nunchaku"],"max_hp_gain":0,"max_hp_loss":0,"event_name":"The Mausoleum","floor":19,"gold_loss":0},{"damage_healed":0,"gold_gain":0,"player_choice":"Ignored","damage_taken":0,"max_hp_gain":0,"max_hp_loss":0,"event_name":"Vampires","floor":20,"gold_loss":0}],"is_beta":false,"boss_relics":[{"not_picked":["Black Star","Tiny House"],"picked":"Philosopher\u0027s Stone"}],"items_purged_floors":[8,21],"is_endless":false,"potions_floor_spawned":[1,5,6,14,22],"killed_by":"Sentry and Sphere","ascension_level":11}}