{"host":"61y0z9o9vf3ujftj","time":1612466890,"event":{"mods":["BaseMod","Colored Map","Colored Powertips","GifTheSpireLib","HexUI Lib","Highlight Path","Minty Spire (QoL Compilation)","Permanent Neow","Relic Stats","StSLib","ojb\u0027s Info Mod"],"gold_per_floor":[130,167,224,174,25,110,164,217,240,240,295,295,295,336,336,425,425,440,458,213,251,301,334,334,334,334],"floor_reached":25,"language":"ENG","playtime":1986,"items_purged":["Strike_R","Strike_R"],"score":413,"play_id":"775e65f4-0cf9-4a11-bad1-9b6e59dc7f21","local_time":"20210204132810","is_ascension_mode":true,"campfire_choices":[{"data":"HandOfGreed","floor":10.0,"key":"SMITH"},{"data":"Disarm","floor":13.0,"key":"SMITH"},{"data":"Shockwave","floor":15.0,"key":"SMITH"}],"circlet_count":0,"master_deck":["AscendersBane","Strike_R","Strike_R","Defend_R","Defend_R","Defend_R+1","Defend_R","Bash","HandOfGreed+1","Sever Soul","Ghostly Armor","Sword Boomerang","Shockwave+1","Feel No Pain","Pommel Strike","Reaper","Disarm+1","Sentinel","Demon Form","Warcry+1","Heavy Blade","Hemokinesis"],"relics":["Burning Blood","Du-Vu Doll","MealTicket","Regal Pillow","Dream Catcher","Golden Idol","Black Star","War Paint","Anchor","Matryoshka","MutagenicStrength"],"acts_visited":["TheCity"],"potions_floor_usage":[23],"damage_taken":[{"damage":1.0,"enemies":"Cultist","floor":1.0,"turns":4.0},{"damage":5.0,"enemies":"Jaw Worm","floor":2.0,"turns":5.0},{"damage":0.0,"enemies":"2 Louse","floor":3.0,"turns":4.0},{"damage":17.0,"enemies":"3 Sentries","floor":6.0,"turns":5.0},{"damage":1.0,"enemies":"2 Fungi Beasts","floor":7.0,"turns":5.0},{"damage":25.0,"enemies":"Lagavulin","floor":8.0,"turns":5.0},{"damage":18.0,"enemies":"Gremlin Nob","floor":11.0,"turns":4.0},{"damage":11.0,"enemies":"Blue Slaver","floor":14.0,"turns":5.0},{"damage":21.0,"enemies":"Hexaghost","floor":16.0,"turns":11.0},{"damage":20.0,"enemies":"2 Thieves","floor":18.0,"turns":4.0},{"damage":29.0,"enemies":"Spheric Guardian","floor":19.0,"turns":6.0},{"damage":23.0,"enemies":"3 Cultists","floor":21.0,"turns":7.0},{"damage":48,"enemies":"Centurion and Healer","floor":22,"turns":6},{"damage":57,"enemies":"Gremlin Leader","floor":23,"turns":10},{"damage":28,"enemies":"Book of Stabbing","floor":25,"turns":3}],"seed_played":"6975782697370345136","potions_obtained":[{"floor":1.0,"key":"SneckoOil"},{"floor":2.0,"key":"Dexterity Potion"},{"floor":6.0,"key":"PowerPotion"},{"floor":14.0,"key":"FairyPotion"},{"floor":18.0,"key":"ColorlessPotion"},{"floor":19.0,"key":"DistilledChaos"},{"floor":22,"key":"Strength Potion"}],"is_trial":false,"path_per_floor":["M","M","M","?","$","E","M","E","T","R","E","?","R","M","R","B",null,"M","M","$","M","M","E","?","E"],"character_chosen":"IRONCLAD","items_purchased":["Shockwave","War Paint"],"campfire_rested":0,"item_purchase_floors":[5,20],"current_hp_per_floor":[55,56,62,62,62,51,56,37,37,37,25,25,25,25,25,20,57,50,27,42,46,20,19,19,0,0],"gold":334,"neow_bonus":"RANDOM_COLORLESS_2","is_daily":false,"chose_seed":false,"campfire_upgraded":3,"win_rate":0.0,"timestamp":1612466890,"path_taken":["M","?","M","?","$","E","M","E","T","R","E","?","R","M","R","BOSS","M","M","$","M","M","E","?","E"],"items_purchased_type":["Card","Relic"],"build_version":"2020-12-22","purchased_purges":2,"victory":false,"max_hp_per_floor":[75,75,75,75,75,75,75,75,75,75,75,69,69,69,69,69,69,69,69,69,69,69,69,69,69,69],"relic_stats":{"Regal Pillow":0,"Dream Catcher":0,"counters":[15,84],"Golden Idol":44,"MealTicket":15,"Black Star":1,"War Paint":["Warcry","Defend_R"],"obtain_stats":[{"Du-Vu Doll":6,"Regal Pillow":9,"Dream Catcher":11,"Anchor":23,"Matryoshka":23,"Golden Idol":12,"MutagenicStrength":24,"MealTicket":8,"Black Star":17,"War Paint":20,"Burning Blood":0},{"Du-Vu Doll":4,"Regal Pillow":6,"Dream Catcher":7,"Anchor":14,"Matryoshka":14,"Golden Idol":7,"MutagenicStrength":14,"MealTicket":6,"Black Star":9,"War Paint":11,"Burning Blood":0},{"Du-Vu Doll":18,"Regal Pillow":28,"Dream Catcher":32,"Anchor":81,"Matryoshka":81,"Golden Idol":32,"MutagenicStrength":81,"MealTicket":28,"Black Star":48,"War Paint":58,"Burning Blood":0}],"Burning Blood":84},"card_choices":[{"not_picked":["Chrysalis","The Bomb"],"picked":"HandOfGreed","floor":0.0},{"not_picked":["Blood for Blood","Body Slam"],"picked":"Sever Soul","floor":1.0},{"not_picked":["Evolve","Clash"],"picked":"Ghostly Armor","floor":2.0},{"not_picked":["Body Slam","True Grit"],"picked":"Sword Boomerang","floor":3.0},{"not_picked":["Anger","Spot Weakness"],"picked":"Feel No Pain","floor":6.0},{"not_picked":["Body Slam","Iron Wave"],"picked":"Pommel Strike","floor":7.0},{"not_picked":["Hemokinesis","Power Through"],"picked":"Reaper","floor":8.0},{"not_picked":["Whirlwind","Iron Wave"],"picked":"Disarm","floor":11.0},{"not_picked":["Havoc","Iron Wave"],"picked":"Sentinel","floor":14.0},{"not_picked":["Berserk","Juggernaut"],"picked":"Demon Form","floor":16.0},{"not_picked":["Iron Wave","Clash","Warcry"],"picked":"SKIP","floor":18.0},{"not_picked":["Iron Wave","Clash"],"picked":"Warcry","floor":18.0},{"not_picked":["Evolve","Body Slam+1"],"picked":"Heavy Blade","floor":19.0},{"not_picked":["Dual Wield+1","Perfected Strike","Evolve"],"picked":"SKIP","floor":21.0},{"not_picked":["Anger","Wild Strike","Berserk"],"picked":"SKIP","floor":22},{"not_picked":["Thunderclap+1","Iron Wave"],"picked":"Hemokinesis","floor":23}],"player_experience":512257,"relics_obtained":[{"floor":6.0,"key":"Du-Vu Doll"},{"floor":8.0,"key":"MealTicket"},{"floor":9.0,"key":"Regal Pillow"},{"floor":11.0,"key":"Dream Catcher"},{"floor":23,"key":"Anchor"},{"floor":23,"key":"Matryoshka"}],"event_choices":[{"cards_removed":["Strike_R"],"damage_healed":0.0,"max_hp_gain":0.0,"max_hp_loss":0.0,"gold_gain":0.0,"event_name":"The Cleric","player_choice":"Card Removal","floor":4.0,"gold_loss":50.0,"damage_taken":0.0},{"damage_healed":0.0,"max_hp_gain":0.0,"max_hp_loss":6.0,"gold_gain":0.0,"event_name":"Golden Idol","player_choice":"Lose Max HP","floor":12.0,"gold_loss":0.0,"damage_taken":0.0,"relics_obtained":["Golden Idol"]},{"damage_healed":0,"gold_gain":0,"player_choice":"Inject Mutagens","damage_taken":0,"relics_obtained":["MutagenicStrength"],"max_hp_gain":0,"max_hp_loss":0,"event_name":"Drug Dealer","floor":24,"gold_loss":0}],"is_beta":false,"boss_relics":[{"not_picked":["Pandora\u0027s Box","Runic Dome"],"picked":"Black Star"}],"items_purged_floors":[5,20],"is_endless":false,"potions_floor_spawned":[1,2,6,14,18,19,22],"killed_by":"Book of Stabbing","ascension_level":14}}