{"host":"9kesdg97wkrx2bva","time":1612478133,"event":{"mods":["AchievementEnabler","BaseMod","Colored Map","GifTheSpireLib","Infinite Spire","Minty Spire (QoL Compilation)","Replay The Spire","StSLib"],"gold_per_floor":[109,124,49,63,81,81,110,296,319,338,338,354,354,366,366,445,445,456,107,66,66,66],"floor_reached":21,"language":"ENG","playtime":601,"items_purged":["Strike_B","Strike_B"],"score":329,"play_id":"dfe40b9d-59e4-49f3-b086-a4ae72346b3b","local_time":"20210204163533","is_ascension_mode":true,"campfire_choices":[{"data":"Zap","floor":6,"key":"SMITH"},{"floor":11,"key":"REST"},{"floor":13,"key":"REST"},{"data":"Consume","floor":15,"key":"SMITH"}],"circlet_count":0,"master_deck":["AscendersBane","Strike_B","Strike_B","Defend_B","Defend_B","Defend_B","Defend_B","Zap+1","Dualcast","Cold Snap","Redo","Compile Driver","Rebound","Hologram","Defragment","Coolheaded","Mirror Shield","Consume+1","All For One","Streamline","Capacitor","ReplayTheSpireMod:System Scan+1"],"relics":["Cracked Core","NeowsBlessing","Odd Mushroom","Vajra","Black Star","Replay:Antivirus Software"],"acts_visited":["Exordium","TheCity"],"potions_floor_usage":[7,20],"damage_taken":[{"damage":0,"enemies":"Small Slimes","floor":1,"turns":1},{"damage":0,"enemies":"Jaw Worm","floor":2,"turns":1},{"damage":0,"enemies":"Cultist","floor":4,"turns":1},{"damage":8,"enemies":"Lots of Slimes","floor":5,"turns":6},{"damage":5,"enemies":"The Mushroom Lair","floor":7,"turns":3},{"damage":12,"enemies":"Red Slaver","floor":10,"turns":3},{"damage":11,"enemies":"Large Slime","floor":12,"turns":5},{"damage":6,"enemies":"2 Fungi Beasts","floor":14,"turns":2},{"damage":22,"enemies":"Hexaghost","floor":16,"turns":13},{"damage":21,"enemies":"Spheric Guardian","floor":18,"turns":6},{"damage":22,"enemies":"2 Thieves","floor":20,"turns":5},{"damage":29,"enemies":"Cultist and Chosen","floor":21,"turns":5}],"seed_played":"4122047266721863158","potions_obtained":[{"floor":2,"key":"PowerPotion"},{"floor":12,"key":"FairyPotion"},{"floor":14,"key":"SmokeBomb"},{"floor":18,"key":"Fire Potion"}],"is_trial":false,"path_per_floor":["M","M","$","M","M","R","?","?","T","M","R","M","R","M","R","B",null,"M","$","M","M"],"character_chosen":"DEFECT","items_purchased":["Capacitor","Replay:Antivirus Software"],"campfire_rested":2,"item_purchase_floors":[19,19],"current_hp_per_floor":[64,64,64,64,56,56,51,23,23,11,32,21,42,36,36,14,57,36,36,14,14,14],"gold":66,"neow_bonus":"THREE_ENEMY_KILL","is_daily":false,"chose_seed":false,"campfire_upgraded":2,"win_rate":0.0,"timestamp":1612478133,"path_taken":["M","M","$","M","M","R","?","?","T","M","R","?","R","M","R","BOSS","M","$","M","?"],"items_purchased_type":["Card","Relic"],"build_version":"2020-12-22","purchased_purges":2,"victory":false,"max_hp_per_floor":[71,71,71,71,71,71,71,71,71,71,71,71,71,71,71,71,71,71,71,71,71,71],"card_choices":[{"not_picked":["Lockon","Panic Button"],"picked":"Cold Snap","floor":1},{"not_picked":["Aggregate","Steam"],"picked":"Redo","floor":2},{"not_picked":["Stack","ReplayTheSpireMod:System Scan"],"picked":"Compile Driver","floor":4},{"not_picked":["Steam Power","ReplaySolidLightProjector"],"picked":"Rebound","floor":5},{"not_picked":["Cold Snap","Streamline"],"picked":"Hologram","floor":7},{"not_picked":["Gash","Redo"],"picked":"Defragment","floor":8},{"not_picked":["Cold Snap","ReplaySolidLightProjector"],"picked":"Coolheaded","floor":10},{"not_picked":["Beam Cell","Sweeping Beam"],"picked":"Mirror Shield","floor":12},{"not_picked":["Crystallizer","Double Energy"],"picked":"Consume","floor":14},{"not_picked":["Fission","Reboot"],"picked":"All For One","floor":16},{"not_picked":["Go for the Eyes","Hologram"],"picked":"Streamline","floor":18},{"not_picked":["Recycle","Lockon"],"picked":"ReplayTheSpireMod:System Scan+1","floor":20}],"player_experience":1009151,"relics_obtained":[{"floor":7,"key":"Odd Mushroom"},{"floor":9,"key":"Vajra"}],"event_choices":[{"damage_healed":0,"gold_gain":0,"player_choice":"Fought Mushrooms","damage_taken":0,"max_hp_gain":0,"max_hp_loss":0,"event_name":"Mushrooms","floor":7,"gold_loss":0}],"is_beta":false,"boss_relics":[{"not_picked":["Astrolabe","Runic Dome"],"picked":"Black Star"}],"items_purged_floors":[3,19],"is_endless":false,"potions_floor_spawned":[2,12,14,18],"killed_by":"Cultist and Chosen","ascension_level":18}}