{"host":"clf2hd4adhiiw0zf","time":1612468885,"event":{"mods":["AchievementEnabler","BaseMod","Beaked The Cultist","Bestiary","Dark Map","Downfall","Gremlin Mod","Hermit","Jorbs\u0027s Wanderer Trilogy","Marisa????????","Minty Spire (QoL Compilation)","Shop Mod","StSLib","The Cursed","The Servant 0.9.4","Wide Potions"],"gold_per_floor":[99,99,99,99,99,199,199,199,99,117,133,158,58,58,58,58],"floor_reached":14,"language":"ENG","playtime":646,"items_purged":[],"score":92,"play_id":"5feddec5-9492-482c-b08a-67b521c0eb4e","local_time":"20210204130125","is_ascension_mode":true,"campfire_choices":[{"floor":1,"key":"RECALL"},{"data":"hexamod:RadiantFlame","floor":9,"key":"SMITH"},{"floor":13,"key":"REST"}],"circlet_count":0,"master_deck":["hexamod:Strike","hexamod:Strike","hexamod:Strike","hexamod:Defend","hexamod:Defend","hexamod:Defend","hexamod:Defend","hexamod:Sear","hexamod:Float","hexamod:EmpoweredFlame","hexamod:NightmareGuise","hexamod:AdvancingGuard","hexamod:RadiantFlame+1","hexamod:HexaLevel","hexamod:SoulSteal","hexamod:ChargedBarrage"],"relics":["hexamod:SpiritBrand","downfall:HeartsMalice","downfall:BrokenWingStatue","Slimebound:PreparedRelic","downfall:HeartBlessingRed","Meat on the Bone","downfall:HeartBlessingGreen"],"acts_visited":["Exordium"],"potions_floor_usage":[],"damage_taken":[{"damage":0,"enemies":"Cultist","floor":2,"turns":1},{"damage":0,"enemies":"Small Slimes","floor":3,"turns":1},{"damage":0,"enemies":"2 Louse","floor":8,"turns":1},{"damage":2,"enemies":"Exordium Thugs","floor":10,"turns":6},{"damage":0,"enemies":"3 Louse","floor":11,"turns":6},{"damage":52,"enemies":"3 Sentries","floor":12,"turns":14},{"damage":37,"enemies":"Gremlin Nob","floor":14,"turns":4}],"seed_played":"5728993553488650740","potions_obtained":[{"floor":10,"key":"FearPotion"},{"floor":11,"key":"sneckomod:MuddlingPotion"}],"is_trial":false,"path_per_floor":["R","M","M","?","?","?","T","M","R","M","M","E","R","E"],"character_chosen":"THE_SPIRIT","items_purchased":[],"campfire_rested":1,"item_purchase_floors":[],"current_hp_per_floor":[70,70,70,70,70,70,70,70,70,68,68,16,37,0,0,0],"gold":58,"neow_bonus":"THREE_ENEMY_KILL","is_daily":false,"chose_seed":false,"campfire_upgraded":1,"win_rate":0.0,"timestamp":1612468885,"path_taken":["R","M","M","?","?","?","T","M","R","M","M","E","R","E"],"items_purchased_type":[],"build_version":"2020-12-22","purchased_purges":0,"victory":false,"max_hp_per_floor":[70,70,70,70,70,70,70,70,70,70,70,70,70,70,70,70],"card_choices":[{"not_picked":["hexamod:NightmareStrike","hexamod:ThermalTransfer"],"picked":"hexamod:EmpoweredFlame","floor":2},{"not_picked":["hexamod:Hexaguard","hexamod:BacktrackSmack"],"picked":"hexamod:NightmareGuise","floor":3},{"not_picked":["hexamod:NightmareStrike","hexamod:GhostLash"],"picked":"hexamod:RadiantFlame","floor":8},{"not_picked":["hexamod:EmpoweredFlame","hexamod:SwordOfDarkness"],"picked":"hexamod:HexaLevel","floor":10},{"not_picked":["hexamod:ShieldOfDarkness","hexamod:Hexaguard"],"picked":"hexamod:SoulSteal","floor":11},{"not_picked":["hexamod:SuperheatedStrike","hexamod:NightmareGuise"],"picked":"hexamod:ChargedBarrage","floor":12}],"player_experience":192636,"relics_obtained":[{"floor":7,"key":"Slimebound:PreparedRelic"},{"floor":12,"key":"Meat on the Bone"}],"event_choices":[{"damage_healed":0,"gold_gain":0,"cards_transformed":["hexamod:Strike"],"player_choice":"Change","damage_taken":0,"max_hp_gain":0,"max_hp_loss":0,"event_name":"Living Wall","floor":5,"gold_loss":0,"cards_obtained":["hexamod:AdvancingGuard"]}],"is_beta":false,"boss_relics":[],"items_purged_floors":[],"is_endless":false,"potions_floor_spawned":[10,11],"killed_by":"Gremlin Nob","ascension_level":2}}