{"host":"t1puqh5lxz8sp6fn","time":1612397947,"event":{"mods":["AchievementEnabler","BaseMod","Colored Powertips","Minty Spire (QoL Compilation)","Rare Cards Sparkle","Relic Stats","StSLib"],"gold_per_floor":[118,138,138,149,149,175,175,193,193,206,206,61,80,100,100,174,174,193,210,244,101,115,115,143,143,143,143,68,30,44,58,58,58,58],"floor_reached":33,"playtime":1281,"items_purged":["Strike_G"],"score":469,"play_id":"474d2ac5-53a6-4976-a4af-eb45b2554724","local_time":"20210203211907","is_ascension_mode":true,"campfire_choices":[{"data":"1","floor":7.0,"key":"LIFT"},{"data":"2","floor":11.0,"key":"LIFT"},{"data":"3","floor":15.0,"key":"LIFT"},{"floor":23.0,"key":"REST"},{"floor":27,"key":"REST"},{"floor":32,"key":"REST"}],"circlet_count":0,"master_deck":["AscendersBane","Strike_G","Strike_G","Defend_G","Defend_G","Defend_G","Defend_G","Defend_G","Survivor","Neutralize","Sucker Punch","Blur","Deadly Poison","Dash","PiercingWail","Backflip","Heel Hook","Corpse Explosion","Backstab","Escape Plan","Noxious Fumes","Footwork","Caltrops+1","Catalyst","Eviscerate+1","Dodge and Roll+1"],"relics":["Ring of the Snake","NeowsBlessing","Girya","Turnip","FossilizedHelix","Lee\u0027s Waffle","Empty Cage","Red Mask","Toy Ornithopter","Nilry\u0027s Codex","Molten Egg 2"],"acts_visited":["Exordium","TheCity"],"potions_floor_usage":[24,24,33,33],"damage_taken":[{"damage":0.0,"enemies":"Cultist","floor":1.0,"turns":1.0},{"damage":0.0,"enemies":"Small Slimes","floor":2.0,"turns":1.0},{"damage":0.0,"enemies":"Jaw Worm","floor":4.0,"turns":1.0},{"damage":36.0,"enemies":"Lagavulin","floor":6.0,"turns":9.0},{"damage":0.0,"enemies":"Looter","floor":8.0,"turns":3.0},{"damage":0.0,"enemies":"Blue Slaver","floor":10.0,"turns":4.0},{"damage":0.0,"enemies":"Exordium Wildlife","floor":13.0,"turns":6.0},{"damage":0.0,"enemies":"Exordium Thugs","floor":14.0,"turns":6.0},{"damage":34.0,"enemies":"Hexaghost","floor":16.0,"turns":11.0},{"damage":25.0,"enemies":"2 Thieves","floor":18.0,"turns":3.0},{"damage":22.0,"enemies":"Spheric Guardian","floor":19.0,"turns":6.0},{"damage":0.0,"enemies":"Masked Bandits","floor":20.0,"turns":3.0},{"damage":0.0,"enemies":"Snake Plant","floor":22.0,"turns":6.0},{"damage":52,"enemies":"Book of Stabbing","floor":24,"turns":6},{"damage":0,"enemies":"Snecko","floor":30,"turns":4},{"damage":20,"enemies":"Cultist and Chosen","floor":31,"turns":8},{"damage":62,"enemies":"Automaton","floor":33,"turns":6}],"seed_played":"1919887716005823665","potions_obtained":[{"floor":1.0,"key":"Regen Potion"},{"floor":6.0,"key":"Weak Potion"},{"floor":8.0,"key":"Fruit Juice"},{"floor":16.0,"key":"Regen Potion"},{"floor":30,"key":"ColorlessPotion"},{"floor":31,"key":"SkillPotion"}],"is_trial":false,"path_per_floor":["M","M","?","M","?","E","R","M","T","M","R","$","M","M","R","B",null,"M","M","?","$","M","R","E","?","T","R","$","$","M","M","R","B"],"character_chosen":"THE_SILENT","items_purchased":["Lee\u0027s Waffle","Footwork","Catalyst","Eviscerate+1"],"campfire_rested":3,"item_purchase_floors":[12,21,28,29],"current_hp_per_floor":[63,63,68,68,68,32,32,32,32,32,32,82,82,82,82,48,74,49,27,27,27,27,51,19,3,3,29,29,29,29,9,35,0,0],"gold":58,"neow_bonus":"THREE_ENEMY_KILL","is_daily":false,"chose_seed":false,"campfire_upgraded":0,"win_rate":0.0,"timestamp":1612397947,"path_taken":["M","?","?","M","?","E","R","M","T","?","R","$","M","M","R","BOSS","M","M","?","$","M","R","E","?","T","R","?","$","M","M","R","BOSS"],"items_purchased_type":["Relic","Card","Card","Card"],"build_version":"2020-12-13","purchased_purges":1,"victory":false,"max_hp_per_floor":[70,70,75,75,75,75,75,75,75,75,75,82,82,82,82,82,82,82,82,82,82,82,82,87,87,87,87,87,87,87,87,87,87,87],"relic_stats":{"Lee\u0027s Waffle":50,"counters":[17,84],"Turnip":[12],"obtain_stats":[{"Girya":5,"Lee\u0027s Waffle":12,"NeowsBlessing":0,"Nilry\u0027s Codex":25,"Molten Egg 2":26,"Turnip":6,"Red Mask":20,"Empty Cage":17,"FossilizedHelix":9,"Toy Ornithopter":24,"Ring of the Snake":0},{"Girya":3,"Lee\u0027s Waffle":6,"NeowsBlessing":0,"Nilry\u0027s Codex":14,"Molten Egg 2":14,"Turnip":4,"Red Mask":12,"Empty Cage":9,"FossilizedHelix":5,"Toy Ornithopter":14,"Ring of the Snake":0},{"Girya":3,"Lee\u0027s Waffle":19,"NeowsBlessing":0,"Nilry\u0027s Codex":66,"Molten Egg 2":66,"Turnip":12,"Red Mask":54,"Empty Cage":42,"FossilizedHelix":15,"Toy Ornithopter":66,"Ring of the Snake":0}],"Toy Ornithopter":10,"Ring of the Snake":[34]},"card_choices":[{"not_picked":["Riddle With Holes","PiercingWail"],"picked":"Sucker Punch","floor":1.0},{"not_picked":["Concentrate","Outmaneuver"],"picked":"Blur","floor":2.0},{"not_picked":["Dodge and Roll","Deflect"],"picked":"Deadly Poison","floor":4.0},{"not_picked":["Quick Slash","Backflip"],"picked":"Dash","floor":6.0},{"not_picked":["Deflect","Acrobatics"],"picked":"PiercingWail","floor":8.0},{"not_picked":["Slice","Setup"],"picked":"Backflip","floor":10.0},{"not_picked":["Slice","Dodge and Roll"],"picked":"Heel Hook","floor":13.0},{"not_picked":["Slice","Dodge and Roll","Backflip"],"picked":"SKIP","floor":14.0},{"not_picked":["Adrenaline","Die Die Die"],"picked":"Corpse Explosion","floor":16.0},{"not_picked":["Flying Knee","Slice"],"picked":"Backstab","floor":18.0},{"not_picked":["Predator","Bane"],"picked":"Escape Plan","floor":19.0},{"not_picked":["Flying Knee","Poisoned Stab"],"picked":"Noxious Fumes","floor":20.0},{"not_picked":["PiercingWail","Sucker Punch"],"picked":"Caltrops+1","floor":22.0},{"not_picked":["Distraction","Underhanded Strike","Caltrops"],"picked":"SKIP","floor":24},{"not_picked":["Underhanded Strike+1","Cloak And Dagger"],"picked":"Dodge and Roll+1","floor":30},{"not_picked":["Underhanded Strike+1","Accuracy","Leg Sweep"],"picked":"SKIP","floor":31}],"player_experience":469732,"relics_obtained":[{"floor":6.0,"key":"Turnip"},{"floor":9.0,"key":"FossilizedHelix"},{"floor":20.0,"key":"Red Mask"},{"floor":24,"key":"Toy Ornithopter"},{"floor":25,"key":"Nilry\u0027s Codex"},{"floor":26,"key":"Molten Egg 2"}],"event_choices":[{"damage_healed":0.0,"max_hp_gain":5.0,"max_hp_loss":0.0,"gold_gain":0.0,"event_name":"Big Fish","player_choice":"Donut","floor":3.0,"gold_loss":0.0,"damage_taken":0.0},{"damage_healed":0.0,"max_hp_gain":0.0,"max_hp_loss":0.0,"gold_gain":0.0,"event_name":"WeMeetAgain","player_choice":"Gave Potion","floor":5.0,"gold_loss":0.0,"damage_taken":0.0,"relics_obtained":["Girya"]},{"damage_healed":0.0,"max_hp_gain":0.0,"max_hp_loss":0.0,"gold_gain":0.0,"event_name":"Masked Bandits","player_choice":"Fought Bandits","floor":20.0,"gold_loss":0.0,"damage_taken":0.0},{"damage_healed":0,"gold_gain":0,"player_choice":"Obtained Book","damage_taken":16,"max_hp_gain":0,"max_hp_loss":0,"event_name":"Cursed Tome","floor":25,"gold_loss":0}],"is_beta":false,"boss_relics":[{"not_picked":["Ring of the Serpent","Busted Crown"],"picked":"Empty Cage"}],"items_purged_floors":[21],"is_endless":false,"potions_floor_spawned":[1,6,8,16,30,31],"killed_by":"Automaton","ascension_level":13}}