{"host":"jjobdbtkl3y7u1ei","time":1612417609,"event":{"mods":["BaseMod","Colored Map","Colored Powertips","Gremlin Mod","Hermit","Highlight Path","Hubris","Infinite Spire","Marisa????????","Mimic Mod","Minty Spire (QoL Compilation)","Replay The Spire","StSLib","The Cursed","The Death Knight","The Disciple","The Mystic","The Necromancer","The Runesmith","The Servant 0.9.4"],"gold_per_floor":[113,128,151,169,169,205,130,145,145,145,156,200,227,246,246,361,361,352,389,41,69,104,150,172,207,207,225,257,257,288,288,288,410,410,464,524,524,592,592,680,761,841,909,1012,1117,1243,1243,1363,1363,1380],"floor_reached":51,"language":"ENG","playtime":6906,"items_purged":["hermit:Defend_Hermit","hermit:Defend_Hermit","hermit:Strike_Hermit","hermit:Defend_Hermit","hermit:Strike_Hermit"],"score":1023,"play_id":"6d8edee7-8695-42b4-9acb-0e5304759834","local_time":"20210204004649","is_ascension_mode":false,"campfire_choices":[{"data":"hermit:TakeAim","floor":10,"key":"SMITH"},{"data":"hermit:Dive","floor":15,"key":"SMITH"},{"floor":29,"key":"REST"},{"floor":32,"key":"DIG"},{"floor":47,"key":"REST"},{"data":"hermit:HighNoon","floor":49,"key":"PURGE"}],"circlet_count":0,"master_deck":["hermit:Strike_Hermit","hermit:Snapshot","hermit:Covet+1","hermit:Dive+1","hermit:Scavenge","hermit:Deadeye","hermit:Brawl","hermit:TakeAim+1","hermit:Scavenge","hermit:Dive","hermit:Scavenge+1","hermit:HeroicBravado+1","hermit:Determination","hermit:Headshot","hermit:Combo","Apotheosis+1","hermit:EyeOfTheStorm+1","hermit:GoldenBullet","hermit:Deadeye","hermit:BodyArmor+1","hermit:FromBeyond+1","CurseOfTheBell","hermit:BigShot","hermit:Gestalt+1","hermit:Scavenge+1","hermit:Quickdraw+1","hermit:FlashPowder+1"],"relics":["hermit:Momento","CaptainsWheel","Pocketwatch","Toxic Egg 2","Fusion Hammer","Meat on the Bone","Toy Ornithopter","infinitespire:Lychee Nut","Garlic","infinitespire:EvilPickle","Calling Bell","Oddly Smooth Stone","infinitespire:FocusingShard","hubris:BundleOfHerbs","Sozu","Cauldron","Lantern","Dream Catcher","Runesmith:Nanobots","PreservedInsect"],"acts_visited":["Exordium","TheCity","TheBeyond"],"potions_floor_usage":[],"damage_taken":[{"damage":0.0,"enemies":"2 Louse","floor":1.0,"turns":2.0},{"damage":3.0,"enemies":"Cultist","floor":2.0,"turns":4.0},{"damage":1,"enemies":"Small Slimes","floor":3,"turns":4},{"damage":2,"enemies":"2 Fungi Beasts","floor":4,"turns":4},{"damage":18,"enemies":"Lagavulin","floor":6,"turns":7},{"damage":12,"enemies":"Exordium Thugs","floor":8,"turns":4},{"damage":8,"enemies":"Blue Slaver","floor":11,"turns":5},{"damage":12,"enemies":"Gremlin Nob","floor":12,"turns":5},{"damage":0,"enemies":"Large Slime","floor":13,"turns":6},{"damage":0,"enemies":"Exordium Wildlife","floor":14,"turns":6},{"damage":2,"enemies":"Slime Boss","floor":16,"turns":14},{"damage":21,"enemies":"2 Thieves","floor":18,"turns":5},{"damage":1,"enemies":"Shell Parasite","floor":19,"turns":8},{"damage":4,"enemies":"Centurion and Healer","floor":21,"turns":6},{"damage":0,"enemies":"Snecko","floor":22,"turns":5},{"damage":10,"enemies":"Slavers","floor":23,"turns":6},{"damage":10,"enemies":"Shelled Parasite and Fungi","floor":24,"turns":5},{"damage":0,"enemies":"Book of Stabbing","floor":25,"turns":5},{"damage":0,"enemies":"Snake Plant","floor":27,"turns":2},{"damage":5,"enemies":"3 Cultists","floor":28,"turns":5},{"damage":9,"enemies":"Centurion and Healer","floor":30,"turns":5},{"damage":25,"enemies":"Pondfish","floor":33,"turns":10},{"damage":0,"enemies":"Orb Walker","floor":35,"turns":4},{"damage":40,"enemies":"3 Darklings","floor":36,"turns":6},{"damage":14,"enemies":"Maw","floor":38,"turns":7},{"damage":1,"enemies":"Nemesis","floor":40,"turns":5},{"damage":1,"enemies":"Transient","floor":41,"turns":5},{"damage":14,"enemies":"3 Darklings","floor":42,"turns":4},{"damage":3,"enemies":"Jaw Worm Horde","floor":44,"turns":5},{"damage":10,"enemies":"Spire Growth","floor":45,"turns":5},{"damage":1,"enemies":"Giant Head","floor":46,"turns":7},{"damage":7,"enemies":"Maw","floor":48,"turns":6},{"damage":32,"enemies":"hubris:GrandSnecko","floor":50,"turns":23}],"seed_played":"-2065040961133450994","potions_obtained":[{"floor":4,"key":"Adrenaline Potion"},{"floor":6,"key":"EssenceOfSteel"},{"floor":12,"key":"Reflective Coating"},{"floor":13,"key":"PowerPotion"},{"floor":28,"key":"EssenceOfSteel"}],"is_trial":false,"path_per_floor":["M","M","M","M","?","E","$","M","T","R","M","E","M","M","R_BF","B",null,"M","M","$","M","M","E","M","E","T","M","M","R","M","?","R_BF","B",null,"M","M","AVR","M","$","E","M","M","T","M","M","E","R","M","R_BF","B",null],"character_chosen":"HERMIT","items_purchased":["hermit:Combo","Apotheosis+1","Lantern"],"campfire_rested":2,"item_purchase_floors":[20,20,39],"current_hp_per_floor":[75,72,71,69,69,51,51,39,39,39,31,19,19,19,19,17,75,54,53,53,49,49,39,41,41,41,44,45,56,48,48,48,29,56,56,39,39,31,9,38,43,35,35,38,34,39,55,50,50,36],"gold":1380,"neow_bonus":"UPGRADE_CARD","is_daily":false,"chose_seed":false,"campfire_upgraded":2,"win_rate":0.0,"timestamp":1612417609,"path_taken":["M","M","M","M","?","E","$","?","T","R","M","E","M","M","R_BF","BOSS","M","M","$","M","M","E","M","E","T","M","M","R","M","?","R_BF","BOSS","M","M","AVR","M","?","E","M","M","T","M","M","E","R","M","R_BF","BOSS"],"items_purchased_type":["Card","Card","Relic"],"build_version":"2020-12-22","purchased_purges":5,"victory":true,"max_hp_per_floor":[75,75,75,75,75,75,75,75,75,75,75,75,75,75,75,75,75,75,75,75,75,75,75,75,75,56,56,56,56,56,56,56,56,56,56,56,56,56,56,56,56,56,56,56,56,56,56,56,56,56],"card_choices":[{"not_picked":["hermit:Misfire","hermit:Coalescence"],"picked":"hermit:Dive","floor":1.0},{"not_picked":["hermit:Headshot","hermit:Snipe"],"picked":"hermit:Scavenge","floor":2},{"not_picked":["hermit:Brawl","hermit:Malice"],"picked":"hermit:Deadeye","floor":3},{"not_picked":["hermit:Enervate","hermit:Ricochet"],"picked":"hermit:Brawl","floor":4},{"not_picked":["hermit:Manifest","hermit:Scavenge"],"picked":"hermit:TakeAim","floor":6},{"not_picked":["hermit:Ricochet","hermit:Grudge","hermit:HighCaliber"],"picked":"SKIP","floor":8},{"not_picked":["hermit:Dive","hermit:Deadeye"],"picked":"hermit:Scavenge","floor":11},{"not_picked":["hermit:Shortfuse","hermit:Brawl"],"picked":"hermit:Dive","floor":12},{"not_picked":["hermit:Coalescence+1","hermit:BodyArmor+1"],"picked":"hermit:Scavenge+1","floor":13},{"not_picked":["hermit:Coalescence+1","hermit:HighCaliber","hermit:Roulette"],"picked":"SKIP","floor":14},{"not_picked":["hermit:Reprieve+1","hermit:FinalCanter"],"picked":"hermit:HeroicBravado+1","floor":16},{"not_picked":["hermit:TakeCover+1","hermit:Showdown"],"picked":"hermit:Determination","floor":18},{"not_picked":["hermit:Feint+1","hermit:TrackingShot"],"picked":"hermit:Headshot","floor":19},{"not_picked":["hermit:Ricochet+1","hermit:ItchyTrigger"],"picked":"hermit:EyeOfTheStorm+1","floor":21},{"not_picked":["hermit:HoleUp+1","hermit:Ricochet"],"picked":"hermit:GoldenBullet","floor":22},{"not_picked":["hermit:Headshot","hermit:Ricochet","hermit:GoldenBullet+1"],"picked":"SKIP","floor":23},{"not_picked":["hermit:Spite","hermit:Showdown+1"],"picked":"hermit:Deadeye","floor":24},{"not_picked":["hermit:Manifest+1","hermit:HoleUp+1","hermit:HeroicBravado+1"],"picked":"SKIP","floor":25},{"not_picked":["hermit:Grudge","hermit:Horror+1","hermit:Combo+1"],"picked":"SKIP","floor":27},{"not_picked":["hermit:Headshot","hermit:GhostlyPresence+1","hermit:SprayPray"],"picked":"SKIP","floor":28},{"not_picked":["hermit:TrackingShot+1","hermit:Desperado","hermit:Determination+1"],"picked":"SKIP","floor":30},{"not_picked":["hermit:HeroicBravado+1","hermit:FatalDesire"],"picked":"hermit:FromBeyond+1","floor":33},{"not_picked":["hermit:Vantage+1","hermit:HoleUp+1","hermit:BodyArmor+1"],"picked":"SKIP","floor":35},{"not_picked":["hermit:Quickdraw+1","hermit:Dive+1","hermit:Determination+1"],"picked":"SKIP","floor":36},{"not_picked":["hermit:Dive+1","hermit:Maintenance+1"],"picked":"hermit:BigShot","floor":38},{"not_picked":["hermit:WideOpen","hermit:Quickdraw+1"],"picked":"hermit:Gestalt+1","floor":40},{"not_picked":["hermit:BigShot+1","hermit:LoneWolf+1"],"picked":"hermit:Scavenge+1","floor":41},{"not_picked":["hermit:NoHoldsBarred+1","hermit:FullyLoaded+1","hermit:ItchyTrigger"],"picked":"SKIP","floor":42},{"not_picked":["hermit:HighCaliber+1","hermit:Manifest+1","hermit:CursedWeapon"],"picked":"SKIP","floor":44},{"not_picked":["hermit:Headshot+1","hermit:SprayPray","hermit:BodyArmor+1"],"picked":"SKIP","floor":45},{"not_picked":["hermit:Spite+1","hermit:FinalCanter"],"picked":"hermit:Quickdraw+1","floor":46},{"not_picked":["hermit:Feint+1","hermit:Vantage+1"],"picked":"hermit:HighNoon","floor":47},{"not_picked":["hermit:HoleUp+1","hermit:Gestalt+1"],"picked":"hermit:FlashPowder+1","floor":48}],"player_experience":313628,"relics_obtained":[{"floor":6,"key":"CaptainsWheel"},{"floor":9,"key":"Pocketwatch"},{"floor":12,"key":"Toxic Egg 2"},{"floor":23,"key":"Meat on the Bone"},{"floor":25,"key":"Toy Ornithopter"},{"floor":26,"key":"infinitespire:Lychee Nut"},{"floor":32,"key":"Garlic"},{"floor":34,"key":"Oddly Smooth Stone"},{"floor":34,"key":"infinitespire:FocusingShard"},{"floor":34,"key":"hubris:BundleOfHerbs"},{"floor":40,"key":"Dream Catcher"},{"floor":43,"key":"Runesmith:Nanobots"},{"floor":46,"key":"PreservedInsect"}],"event_choices":[{"cards_removed":["hermit:Strike_Hermit"],"damage_healed":0,"gold_gain":0,"player_choice":"Purged","damage_taken":0,"max_hp_gain":0,"max_hp_loss":0,"event_name":"Purifier","floor":5,"gold_loss":0},{"damage_healed":0,"gold_gain":0,"cards_transformed":["hermit:Defend_Hermit"],"player_choice":"Transformed","damage_taken":0,"max_hp_gain":0,"max_hp_loss":0,"event_name":"Transmorgrifier","floor":31,"gold_loss":0,"cards_obtained":["hermit:BodyArmor"]}],"is_beta":false,"boss_relics":[{"not_picked":["Runic Dome","hubris:GrandSneckoEye"],"picked":"Fusion Hammer"},{"not_picked":["Runesmith:UraniumAnvil","Replay:Wanted Poster"],"picked":"Calling Bell"}],"items_purged_floors":[7,20,37,39,39],"is_endless":false,"potions_floor_spawned":[4,6,12,13,16,18,19,25,27,28,30,35,40,41,45,48],"ascension_level":0}}