{"host":"fuszjwm6fqgjjp4d","time":1612420456,"event":{"mods":["BaseMod","Bestiary","Colored Map","Minty Spire (QoL Compilation)","Permanent Neow","Relic Sorter","Relic Stats","StSLib"],"gold_per_floor":[112,37,112,112,124,124,124,124],"floor_reached":7,"language":"ENG","playtime":147,"items_purged":[],"score":78,"play_id":"41e8fa3f-50af-41e1-87c6-a86e9cc96643","local_time":"20210204003416","is_ascension_mode":true,"campfire_choices":[{"data":"Conserve Battery","floor":6,"key":"SMITH"}],"circlet_count":0,"master_deck":["AscendersBane","Strike_B","Strike_B","Strike_B","Strike_B","Defend_B","Defend_B","Defend_B","Defend_B","Dualcast","Hologram+1","Conserve Battery+1"],"relics":["Snecko Eye"],"acts_visited":["Exordium"],"potions_floor_usage":[7],"damage_taken":[{"damage":6,"enemies":"Small Slimes","floor":1,"turns":4},{"damage":12,"enemies":"2 Louse","floor":5,"turns":5},{"damage":55,"enemies":"Gremlin Nob","floor":7,"turns":4}],"seed_played":"-5169600984223314774","potions_obtained":[{"floor":5,"key":"GamblersBrew"}],"is_trial":false,"path_per_floor":["M","?","?","?","M","R","E"],"character_chosen":"DEFECT","items_purchased":[],"campfire_rested":0,"item_purchase_floors":[],"current_hp_per_floor":[58,58,47,47,35,35,0,0],"gold":124,"neow_bonus":"BOSS_RELIC","is_daily":false,"chose_seed":false,"campfire_upgraded":1,"win_rate":0.0,"timestamp":1612420456,"path_taken":["M","?","?","?","?","R","E"],"items_purchased_type":[],"build_version":"2020-12-22","purchased_purges":0,"victory":false,"max_hp_per_floor":[71,71,71,71,71,71,71,71],"relic_stats":{"counters":[3,13],"Snecko Eye":[27,25,21,22],"obtain_stats":[{"Snecko Eye":0,"Cracked Core":0},{"Snecko Eye":0,"Cracked Core":0},{"Snecko Eye":0,"Cracked Core":0}]},"card_choices":[{"not_picked":["Ball Lightning","Compile Driver"],"picked":"Hologram","floor":1},{"not_picked":["Go for the Eyes","Compile Driver"],"picked":"Conserve Battery","floor":5}],"player_experience":1437436,"relics_obtained":[],"event_choices":[{"cards_removed":["Zap"],"damage_healed":0,"gold_gain":0,"player_choice":"Card Removal","damage_taken":0,"max_hp_gain":0,"max_hp_loss":0,"event_name":"The Cleric","floor":2,"gold_loss":75},{"damage_healed":0,"gold_gain":75,"player_choice":"Gather Gold","damage_taken":11,"max_hp_gain":0,"max_hp_loss":0,"event_name":"World of Goop","floor":3,"gold_loss":0},{"damage_healed":0,"gold_gain":0,"player_choice":"Upgraded","damage_taken":0,"max_hp_gain":0,"max_hp_loss":0,"event_name":"Upgrade Shrine","floor":4,"gold_loss":0,"cards_upgraded":["Hologram"]}],"is_beta":false,"boss_relics":[],"items_purged_floors":[],"is_endless":false,"potions_floor_spawned":[5],"killed_by":"Gremlin Nob","ascension_level":20}}