{"host":"6fkscwgr344hcmao","time":1612461150,"event":{"mods":["2.2 Compatiblity","AchievementEnabler","BaseMod","Colored Map","Highlight Path","Minty Spire (QoL Compilation)","Random Character Button","Rare Cards Sparkle"],"gold_per_floor":[117,117,132,150,177,205,225,4,4,4,4,4,4,24,24,24,24],"floor_reached":16,"language":"POL","playtime":329,"items_purged":["Strike_R"],"score":100,"play_id":"668fdda3-78cd-4e6c-b4c7-0c4463fb58d5","local_time":"20210204185230","is_ascension_mode":false,"campfire_choices":[{"floor":10,"key":"REST"},{"floor":12,"key":"REST"},{"data":"Infernal Blade","floor":15,"key":"SMITH"}],"circlet_count":0,"master_deck":["Strike_R","Strike_R","Defend_R","Defend_R","Defend_R","Defend_R","Bash","Armaments","Thunderclap","Battle Trance","Infernal Blade+1","Parasite"],"relics":["Burning Blood","NeowsBlessing","Bag of Marbles","Ice Cream","Orichalcum"],"acts_visited":["Exordium"],"potions_floor_usage":[],"damage_taken":[{"damage":0,"enemies":"Cultist","floor":1,"turns":1},{"damage":0,"enemies":"Jaw Worm","floor":3,"turns":1},{"damage":0,"enemies":"Small Slimes","floor":4,"turns":1},{"damage":65,"enemies":"Lagavulin","floor":6,"turns":10},{"damage":5,"enemies":"2 Fungi Beasts","floor":7,"turns":3},{"damage":4,"enemies":"Looter","floor":14,"turns":4},{"damage":0,"enemies":"Slime Boss","floor":16,"turns":3}],"seed_played":"-2103699296389938642","potions_obtained":[{"floor":6,"key":"PowerPotion"}],"is_trial":false,"path_per_floor":["M","?","M","M","T","E","M","$","T","R","?","R","?","M","R","B"],"character_chosen":"IRONCLAD","items_purchased":["Orichalcum"],"campfire_rested":2,"item_purchase_floors":[8],"current_hp_per_floor":[80,80,80,80,80,21,22,22,22,46,46,70,80,80,80,80,80],"gold":24,"neow_bonus":"THREE_ENEMY_KILL","is_daily":false,"chose_seed":false,"campfire_upgraded":1,"win_rate":0.0,"timestamp":1612461150,"path_taken":["M","?","M","?","?","E","M","?","T","R","?","R","?","M","R","BOSS"],"items_purchased_type":["Relic"],"build_version":"2020-12-22","purchased_purges":1,"victory":false,"max_hp_per_floor":[80,80,80,80,80,80,80,80,80,80,80,80,80,80,80,80,80],"card_choices":[{"not_picked":["Havoc","Sever Soul"],"picked":"Armaments","floor":1},{"not_picked":["Dropkick","Clothesline"],"picked":"Thunderclap","floor":3},{"not_picked":["Wild Strike","Headbutt"],"picked":"Battle Trance","floor":4},{"not_picked":["Perfected Strike","Dark Embrace"],"picked":"Infernal Blade","floor":6},{"not_picked":["Dual Wield","Thunderclap","Battle Trance"],"picked":"SKIP","floor":7},{"not_picked":["Armaments","Headbutt","Body Slam"],"picked":"SKIP","floor":14}],"player_experience":231302,"relics_obtained":[{"floor":5,"key":"Bag of Marbles"},{"floor":6,"key":"Ice Cream"}],"event_choices":[{"cards_removed":["Strike_R"],"damage_healed":0,"gold_gain":0,"player_choice":"Offered Basic","damage_taken":0,"max_hp_gain":0,"max_hp_loss":0,"event_name":"Bonfire Elementals","floor":2,"gold_loss":0},{"cards_removed":["Strike_R"],"damage_healed":0,"gold_gain":0,"player_choice":"Forget","damage_taken":0,"max_hp_gain":0,"max_hp_loss":0,"event_name":"Living Wall","floor":11,"gold_loss":0},{"damage_healed":20,"gold_gain":0,"player_choice":"Healed and dodged fight","damage_taken":0,"max_hp_gain":0,"max_hp_loss":0,"event_name":"Mushrooms","floor":13,"gold_loss":0,"cards_obtained":["Parasite"]}],"is_beta":false,"boss_relics":[],"items_purged_floors":[8],"is_endless":false,"potions_floor_spawned":[6],"killed_by":"Slime Boss","ascension_level":0}}