{"host":"mcmflfjoldkjkv7m","time":1612438883,"event":{"mods":["AchievementEnabler","BaseMod","DeckTracker","Minty Spire (QoL Compilation)","SuperFastMode"],"gold_per_floor":[111,129,129,148,166,166,177,177,177,21,121,121,137,107,107,212,212,230,245,28,38,50,85,85,104,153,153,172,186,186,198,198,295,295,312,358,408,151,162,162,37,53,53,53,80,0,0,18,18,18],"floor_reached":51,"language":"KOR","playtime":2801,"items_purged":["Strike_G","Endless Agony","Expertise"],"score":1174,"play_id":"5889a1e2-31fa-4c00-a549-be097f6f5816","local_time":"20210204204123","is_ascension_mode":true,"campfire_choices":[{"data":"Acrobatics","floor":6.0,"key":"SMITH"},{"data":"Flechettes","floor":12.0,"key":"SMITH"},{"floor":15.0,"key":"REST"},{"data":"Well Laid Plans","floor":24.0,"key":"SMITH"},{"data":"Tactician","floor":27.0,"key":"SMITH"},{"floor":32.0,"key":"REST"},{"data":"Adrenaline","floor":40,"key":"SMITH"},{"data":"Footwork","floor":44,"key":"SMITH"},{"data":"Reflex","floor":47,"key":"SMITH"},{"data":"Prepared","floor":49,"key":"SMITH"}],"circlet_count":0,"master_deck":["AscendersBane","Survivor+1","Neutralize","Acrobatics+1","Flechettes+1","Well Laid Plans+1","Grand Finale","Die Die Die","Tactician+1","Reflex+1","Acrobatics","Malaise","Prepared+1","Adrenaline+1","PiercingWail","Accuracy","Dodge and Roll","After Image","Night Terror","Deflect","Footwork+1"],"relics":["Ring of the Snake","Pen Nib","InkBottle","Philosopher\u0027s Stone","Orrery","Sundial","Nunchaku","Eternal Feather","Pandora\u0027s Box","Mango","Unceasing Top","Bag of Preparation","Shuriken","Tough Bandages","Red Mask"],"acts_visited":["Exordium","TheCity","TheBeyond"],"potions_floor_usage":[],"damage_taken":[{"damage":2.0,"enemies":"2 Louse","floor":1.0,"turns":4.0},{"damage":0.0,"enemies":"Jaw Worm","floor":2.0,"turns":3.0},{"damage":2.0,"enemies":"Cultist","floor":4.0,"turns":4.0},{"damage":8.0,"enemies":"2 Fungi Beasts","floor":5.0,"turns":5.0},{"damage":10.0,"enemies":"Lots of Slimes","floor":7.0,"turns":4.0},{"damage":17.0,"enemies":"3 Louse","floor":13.0,"turns":4.0},{"damage":15.0,"enemies":"The Guardian","floor":16.0,"turns":9.0},{"damage":22.0,"enemies":"2 Thieves","floor":18.0,"turns":5.0},{"damage":9.0,"enemies":"Chosen","floor":19.0,"turns":3.0},{"damage":0.0,"enemies":"3 Cultists","floor":21.0,"turns":2.0},{"damage":0.0,"enemies":"Centurion and Healer","floor":22.0,"turns":4.0},{"damage":4.0,"enemies":"Gremlin Leader","floor":23.0,"turns":3.0},{"damage":4.0,"enemies":"Chosen and Byrds","floor":25.0,"turns":4.0},{"damage":8.0,"enemies":"Snecko","floor":28.0,"turns":5.0},{"damage":3.0,"enemies":"Centurion and Healer","floor":29.0,"turns":6.0},{"damage":0.0,"enemies":"Snake Plant","floor":31.0,"turns":6.0},{"damage":11.0,"enemies":"Automaton","floor":33.0,"turns":4.0},{"damage":3,"enemies":"3 Shapes","floor":35,"turns":3},{"damage":8,"enemies":"2 Orb Walkers","floor":36,"turns":3},{"damage":0,"enemies":"Mind Bloom Boss Battle","floor":37,"turns":2},{"damage":0,"enemies":"3 Darklings","floor":39,"turns":2},{"damage":0,"enemies":"Jaw Worm Horde","floor":42,"turns":3},{"damage":0,"enemies":"Nemesis","floor":45,"turns":4},{"damage":0,"enemies":"4 Shapes","floor":48,"turns":4},{"damage":0,"enemies":"Donu and Deca","floor":50,"turns":4}],"seed_played":"-5531198905003699362","potions_obtained":[{"floor":1.0,"key":"CunningPotion"},{"floor":13.0,"key":"ColorlessPotion"},{"floor":14.0,"key":"SkillPotion"},{"floor":14.0,"key":"Fire Potion"},{"floor":19.0,"key":"DuplicationPotion"},{"floor":25.0,"key":"Energy Potion"},{"floor":31.0,"key":"CunningPotion"},{"floor":35,"key":"SmokeBomb"},{"floor":36,"key":"Block Potion"}],"is_trial":false,"path_per_floor":["M","M","?","M","M","R","M","?","T","$","?","R","M","?","R","B",null,"M","M","$","M","M","E","R","M","T","R","M","M","?","M","R","B",null,"M","?","?","$","M","R","$","M","T","R","E","?","R","M","R","B",null],"character_chosen":"THE_SILENT","items_purchased":["Well Laid Plans","Orrery","Reflex","Bag of Preparation"],"campfire_rested":2,"item_purchase_floors":[10,20,20,38],"current_hp_per_floor":[61,61,54,52,44,44,34,20,20,20,20,20,3,3,24,9,55,33,24,24,24,24,20,20,16,16,16,8,5,5,5,38,27,59,56,62,62,62,62,74,74,74,74,84,84,84,84,84,84,84],"gold":18,"neow_bonus":"RANDOM_COMMON_RELIC","is_daily":false,"chose_seed":false,"campfire_upgraded":8,"win_rate":0.0,"timestamp":1612438883,"path_taken":["M","M","?","M","M","R","M","?","T","$","?","R","?","?","R","BOSS","M","M","$","M","M","E","R","M","T","R","?","M","?","?","R","BOSS","M","?","?","$","M","R","$","M","T","R","E","?","R","M","R","BOSS"],"items_purchased_type":["Card","Relic","Card","Relic"],"build_version":"2020-12-22","purchased_purges":3,"victory":true,"max_hp_per_floor":[70,70,70,70,70,70,70,70,70,70,70,70,70,70,70,70,70,70,70,70,70,70,70,70,70,70,70,70,70,70,70,70,70,70,70,84,84,84,84,84,84,84,84,84,84,84,84,84,84,84],"card_choices":[{"not_picked":["Setup","Distraction","Dagger Throw"],"picked":"SKIP","floor":1.0},{"not_picked":["Deflect","Heel Hook"],"picked":"Acrobatics","floor":2.0},{"not_picked":["Escape Plan","Cloak And Dagger","Leg Sweep"],"picked":"SKIP","floor":4.0},{"not_picked":["Dagger Throw","Dodge and Roll","Quick Slash"],"picked":"SKIP","floor":5.0},{"not_picked":["Acrobatics","Backflip"],"picked":"Flechettes","floor":7.0},{"not_picked":["Quick Slash","Prepared"],"picked":"Grand Finale","floor":13.0},{"not_picked":["Phantasmal Killer","Corpse Explosion"],"picked":"Die Die Die","floor":16.0},{"not_picked":["Heel Hook","Deflect","Choke"],"picked":"SKIP","floor":18.0},{"not_picked":["Poisoned Stab","Underhanded Strike","Dash"],"picked":"SKIP","floor":19.0},{"not_picked":["Sucker Punch","Tools of the Trade"],"picked":"Tactician","floor":20.0},{"not_picked":["All Out Attack","PiercingWail"],"picked":"Acrobatics","floor":21.0},{"not_picked":["Backstab+1","Accuracy","Tactician"],"picked":"SKIP","floor":22.0},{"not_picked":["Dodge and Roll","Caltrops","Eviscerate"],"picked":"SKIP","floor":23.0},{"not_picked":["Backflip","Deadly Poison","Noxious Fumes"],"picked":"SKIP","floor":25.0},{"not_picked":["Poisoned Stab","All Out Attack"],"picked":"Malaise","floor":28.0},{"not_picked":["Tactician","Expertise","Underhanded Strike"],"picked":"SKIP","floor":29.0},{"not_picked":["Blade Dance+1","Dagger Spray"],"picked":"Prepared","floor":31.0},{"not_picked":["Envenom","Burst"],"picked":"Adrenaline","floor":33.0},{"not_picked":["Predator+1","Well Laid Plans+1","Backflip"],"picked":"SKIP","floor":35},{"not_picked":["Reflex","Flying Knee+1"],"picked":"Footwork","floor":37},{"not_picked":["PiercingWail+1","Infinite Blades+1","Terror"],"picked":"SKIP","floor":39},{"not_picked":["Concentrate","Heel Hook+1","Underhanded Strike"],"picked":"SKIP","floor":42},{"not_picked":["Heel Hook","Reflex+1","Dagger Spray"],"picked":"SKIP","floor":45},{"not_picked":["Flechettes","Backstab+1","Eviscerate+1"],"picked":"SKIP","floor":48}],"player_experience":358551,"relics_obtained":[{"floor":9.0,"key":"InkBottle"},{"floor":23.0,"key":"Sundial"},{"floor":26.0,"key":"Nunchaku"},{"floor":36,"key":"Mango"},{"floor":37,"key":"Unceasing Top"},{"floor":43,"key":"Shuriken"},{"floor":45,"key":"Tough Bandages"}],"event_choices":[{"cards_removed":["Strike_G"],"damage_healed":0.0,"max_hp_gain":0.0,"max_hp_loss":0.0,"gold_gain":0.0,"event_name":"Golden Wing","player_choice":"Card Removal","floor":3.0,"gold_loss":0.0,"damage_taken":7.0},{"damage_healed":0.0,"max_hp_gain":0.0,"max_hp_loss":0.0,"gold_gain":0.0,"event_name":"Shining Light","player_choice":"Entered Light","floor":8.0,"gold_loss":0.0,"damage_taken":14.0,"cards_upgraded":["Strike_G","Survivor"]},{"damage_healed":0.0,"max_hp_gain":0.0,"max_hp_loss":0.0,"gold_gain":100.0,"event_name":"Golden Shrine","player_choice":"Pray","floor":11.0,"gold_loss":0.0,"damage_taken":0.0},{"damage_healed":0.0,"max_hp_gain":0.0,"max_hp_loss":0.0,"gold_gain":0.0,"event_name":"The Woman in Blue","player_choice":"Bought 2 Potions","floor":14.0,"gold_loss":0.0,"damage_taken":0.0},{"damage_healed":0.0,"max_hp_gain":0.0,"max_hp_loss":0.0,"gold_gain":0.0,"event_name":"WeMeetAgain","player_choice":"Gave Potion","floor":30.0,"gold_loss":0.0,"damage_taken":0.0,"relics_obtained":["Eternal Feather"]},{"damage_healed":0,"gold_gain":0,"player_choice":"Fight","damage_taken":0,"max_hp_gain":0,"max_hp_loss":0,"event_name":"Mysterious Sphere","floor":36,"gold_loss":0},{"damage_healed":0,"gold_gain":0,"player_choice":"Fight","damage_taken":0,"max_hp_gain":0,"max_hp_loss":0,"event_name":"MindBloom","floor":37,"gold_loss":0},{"damage_healed":0,"gold_gain":0,"player_choice":"Paid","damage_taken":0,"relics_obtained":["Red Mask"],"max_hp_gain":0,"max_hp_loss":0,"event_name":"Tomb of Lord Red Mask","floor":46,"gold_loss":80}],"is_beta":false,"boss_relics":[{"not_picked":["Runic Dome","Snecko Eye"],"picked":"Philosopher\u0027s Stone"},{"not_picked":["Tiny House","HoveringKite"],"picked":"Pandora\u0027s Box"}],"items_purged_floors":[10,38,41],"is_endless":false,"potions_floor_spawned":[1,13,18,19,25,31,35,36,45],"ascension_level":10}}