{"host":"Lucas","time":1612444811,"event":{"mods":["BaseMod","Downfall","Minty Spire (QoL Compilation)","READ ME - Guardian Mod","StSLib","The Cursed","The Disciple","The Necromancer","The Servant 0.9.4"],"gold_per_floor":[99,117,117,128,228,263,286,303,303,403,403,403,403,235,251,349,349,349,360,378,388,401,51,51,67,67,85,85,99,199,219,233,331,381,381,435,452,466,476,248,248,248,5,36,86,102,102,122,139,139,139,139],"floor_reached":50,"language":"ENG","playtime":3823,"items_purged":[],"score":836,"play_id":"6d16e91c-a4b2-48c7-9c1b-2d1f1e8ae637","local_time":"20210204132011","is_ascension_mode":true,"campfire_choices":[{"data":"Slimebound:Split","floor":1.0,"key":"SMITH"},{"floor":9.0,"key":"REST"},{"data":"Slimebound:RainOfGoop","floor":11.0,"key":"SMITH"},{"data":"Slimebound:SplitMire","floor":13.0,"key":"SMITH"},{"data":"Slimebound:ViciousTackle","floor":18.0,"key":"SMITH"},{"floor":26.0,"key":"REST"},{"data":"expansioncontent:DashGenerateEvil","floor":28.0,"key":"SMITH"},{"data":"Slimebound:SlimeSlap","floor":35.0,"key":"SMITH"}],"circlet_count":0,"master_deck":["Slimebound:Strike_Slimebound","Slimebound:Strike_Slimebound","Slimebound:Strike_Slimebound","Slimebound:Tackle","Slimebound:Defend_Slimebound","Slimebound:Defend_Slimebound","Slimebound:Defend_Slimebound","Slimebound:Defend_Slimebound","Slimebound:Split+1","Slimebound:CorrosiveSpit","Slimebound:RainOfGoop+1","Slimebound:HauntingLick","Slimebound:SplitMire+1","Slimebound:GoopTackle","Slimebound:Nibble","Slimebound:RainOfGoop","Slimebound:LeechLife","Slimebound:ViciousTackle+1","Slimebound:OneTwoCombo","Slimebound:SamplingLick","Slimebound:LivingWall+1","Slimebound:Repurpose","Slimebound:SplitMire+1","Slimebound:RejuvenatingLick","Slimebound:MegaLick","Slimebound:LevelUp+1","Slimebound:SamplingLick","Slimebound:WasteNot","expansioncontent:DashGenerateEvil+1","Slimebound:SlimeSpikes","Slimebound:GoopSpray","Slimebound:GoopSpray","Slimebound:ProtectTheBoss+1","Slimebound:SplitAcid","Slimebound:SlimeSpikes+1","Pride","Slimebound:MegaLick+1","Slimebound:SamplingLick+1","Slimebound:HauntingLick","Slimebound:Prepare","Slimebound:SlimeSlap+1","Slimebound:Repurpose+1","Slimebound:LivingWall+1","Slimebound:DivideAndConquer","Slimebound:SamplingLick+1","Slimebound:Overexert","Slimebound:Gluttony","Slimebound:TongueLash+1","expansioncontent:StudyTheSpire","Slimebound:RejuvenatingLick","Slimebound:SplitMire+1","Slimebound:Schlurp+1","Slimebound:SplitMire+1","Slimebound:FormOfPuddle+1","Slimebound:Schlurp+1","Slimebound:SlimeSpikes+1","Slimebound:LevelUp+1"],"relics":["Slimebound:AbsorbEndCombat","Prayer Wheel","Anchor","Akabeko","Black Star","Bronze Scales","Singing Bowl","Tiny House","Calipers","Regal Pillow","Pantograph","Blue Candle","Membership Card","Blood Vial","Letter Opener","Strawberry","Incense Burner"],"acts_visited":["Exordium","TheCity","TheBeyond"],"potions_floor_usage":[50,50,50],"damage_taken":[{"damage":9.0,"enemies":"Jaw Worm","floor":2.0,"turns":3.0},{"damage":9.0,"enemies":"Cultist","floor":4.0,"turns":3.0},{"damage":21.0,"enemies":"Lagavulin","floor":6.0,"turns":7.0},{"damage":0.0,"enemies":"2 Louse","floor":8.0,"turns":2.0},{"damage":1.0,"enemies":"downfall:FleeingMerchant","floor":14.0,"turns":4.0},{"damage":8.0,"enemies":"Gremlin Gang","floor":15.0,"turns":4.0},{"damage":50.0,"enemies":"DF_ARCHETYPE_STREAMLINE","floor":16.0,"turns":8.0},{"damage":16.0,"enemies":"Shell Parasite","floor":19.0,"turns":3.0},{"damage":4.0,"enemies":"Chosen","floor":20.0,"turns":3.0},{"damage":11.0,"enemies":"Snake Plant","floor":21.0,"turns":3.0},{"damage":32.0,"enemies":"Shelled Parasite and Fungi","floor":22.0,"turns":5.0},{"damage":13.0,"enemies":"downfall:FleeingMerchant","floor":23.0,"turns":4.0},{"damage":25.0,"enemies":"Sentry and Sphere","floor":25.0,"turns":4.0},{"damage":16.0,"enemies":"Chosen and Byrds","floor":27.0,"turns":5.0},{"damage":0.0,"enemies":"3 Cultists","floor":29.0,"turns":3.0},{"damage":28.0,"enemies":"Shelled Parasite and Fungi","floor":31.0,"turns":5.0},{"damage":5.0,"enemies":"Cultist and Chosen","floor":32.0,"turns":5.0},{"damage":56.0,"enemies":"SI_MIRROR_ARCHETYPE","floor":33.0,"turns":11.0},{"damage":47.0,"enemies":"2 Orb Walkers","floor":36.0,"turns":6.0},{"damage":0.0,"enemies":"Orb Walker","floor":37.0,"turns":3.0},{"damage":0.0,"enemies":"3 Shapes","floor":38.0,"turns":3.0},{"damage":32.0,"enemies":"3 Darklings","floor":39.0,"turns":5.0},{"damage":2.0,"enemies":"downfall:FleeingMerchant","floor":40.0,"turns":4.0},{"damage":72.0,"enemies":"Reptomancer","floor":44.0,"turns":9.0},{"damage":1.0,"enemies":"Reptomancer","floor":45.0,"turns":3.0},{"damage":17.0,"enemies":"Writhing Mass","floor":46.0,"turns":4.0},{"damage":22.0,"enemies":"Jaw Worm Horde","floor":48.0,"turns":5.0},{"damage":5.0,"enemies":"3 Darklings","floor":49.0,"turns":5.0}],"seed_played":"-5438398528523068862","potions_obtained":[{"floor":6.0,"key":"Dexterity Potion"},{"floor":15.0,"key":"Swift Potion"},{"floor":16.0,"key":"FearPotion"},{"floor":19.0,"key":"Swift Potion"},{"floor":20.0,"key":"SteroidPotion"},{"floor":21.0,"key":"FairyPotion"},{"floor":29.0,"key":"GamblersBrew"},{"floor":34.0,"key":"Guardian:BlockOnCardUsePotion"},{"floor":37.0,"key":"Guardian:BlockOnCardUsePotion"},{"floor":44.0,"key":"Weak Potion"},{"floor":45.0,"key":"AttackPotion"},{"floor":48.0,"key":"FearPotion"}],"is_trial":false,"path_per_floor":["R","M","?","M","?","E","T","M","R","?","R","?","R","$","M","B",null,"R","M","M","M","M","$","T","M","R","M","R","M","?","M","M","B",null,"R","?","M","M","M","$","T","?","$","E","?","M","?","M","M","B"],"character_chosen":"SLIMEBOUND","items_purchased":["Akabeko","expansioncontent:DashGenerateEvil","Bronze Scales","expansioncontent:StudyTheSpire","Regal Pillow","Pantograph","Membership Card","Blood Vial","Slimebound:RejuvenatingLick"],"campfire_rested":2,"item_purchase_floors":[14,23,23,40,40,40,43,43,43],"current_hp_per_floor":[71,66,66,59,59,44,44,44,65,65,65,65,65,70,67,35,71,71,57,57,71,55,48,48,27,48,71,71,71,71,47,46,50,76,76,37,45,53,58,64,64,64,64,49,83,74,74,82,79,0,0,0],"gold":139,"neow_bonus":"TEN_PERCENT_HP_BONUS","is_daily":false,"chose_seed":false,"campfire_upgraded":6,"win_rate":0.0,"timestamp":1612444811,"path_taken":["R","M","?","?","?","E","T","M","R","?","R","?","R","$","M","BOSS","R","?","M","?","M","$","T","M","R","M","R","M","?","M","M","BOSS","R","?","M","M","M","$","T","?","$","E","?","M","?","M","M","BOSS"],"items_purchased_type":["Relic","Card","Relic","Card","Relic","Relic","Relic","Relic","Card"],"build_version":"2020-12-18","purchased_purges":0,"victory":false,"max_hp_per_floor":[71,71,71,71,71,71,71,71,71,71,71,71,71,71,71,71,71,71,71,71,71,71,71,71,71,71,71,71,71,71,71,71,71,76,76,76,78,78,78,78,78,78,78,85,85,85,85,87,87,87,87,87],"card_choices":[{"not_picked":["Slimebound:ItLooksTasty","Slimebound:FormOfPuddle"],"picked":"Slimebound:RainOfGoop","floor":2.0},{"not_picked":["Slimebound:SpikyOuterGoop","Slimebound:LeechEnergy"],"picked":"Slimebound:HauntingLick","floor":4.0},{"not_picked":["Slimebound:Schlurp","Slimebound:FinishingTackle"],"picked":"Slimebound:SplitMire","floor":6.0},{"not_picked":["Slimebound:ForwardTackle","Slimebound:DivideAndConquer"],"picked":"Slimebound:GoopTackle","floor":8.0},{"not_picked":["Slimebound:FormOfPuddle","Slimebound:GrowthPunch"],"picked":"Slimebound:Nibble","floor":8.0},{"not_picked":["Slimebound:SplitBruiser","Slimebound:Grow"],"picked":"Slimebound:RainOfGoop","floor":14.0},{"not_picked":["Slimebound:SplitLeeching","Slimebound:PressTheAttack"],"picked":"Slimebound:LeechLife","floor":15.0},{"not_picked":["Slimebound:FinishingTackle","Slimebound:GoopSpray"],"picked":"Slimebound:ViciousTackle","floor":15.0},{"not_picked":["Slimebound:CheckThePlaybook","Slimebound:LeechLife"],"picked":"Slimebound:OneTwoCombo","floor":16.0},{"not_picked":["Slimebound:DisruptingSlam","Slimebound:RollThrough"],"picked":"Slimebound:SamplingLick","floor":19.0},{"not_picked":["Slimebound:DisruptingSlam","Slimebound:FinishingTackle+1"],"picked":"Slimebound:LivingWall+1","floor":19.0},{"not_picked":["Slimebound:FormOfPuddle+1","Slimebound:ItLooksTasty"],"picked":"Slimebound:Repurpose","floor":20.0},{"not_picked":["Slimebound:LeechEnergy","Slimebound:SplitAcid"],"picked":"Slimebound:SplitMire+1","floor":20.0},{"not_picked":["Slimebound:PressTheAttack","Slimebound:DivideAndConquer+1"],"picked":"Slimebound:RejuvenatingLick","floor":21.0},{"not_picked":["Slimebound:PressTheAttack+1","Slimebound:DisruptingSlam"],"picked":"Slimebound:MegaLick","floor":21.0},{"not_picked":["Slimebound:FinishingTackle","Slimebound:SlimeBrawl"],"picked":"Slimebound:LevelUp","floor":22.0},{"not_picked":["Slimebound:SplitMire","Slimebound:Replication"],"picked":"Slimebound:SamplingLick","floor":22.0},{"not_picked":["Slimebound:DivideAndConquer","Slimebound:Chomp"],"picked":"Slimebound:WasteNot","floor":23.0},{"not_picked":["Slimebound:HauntingLick","Slimebound:BestDefense"],"picked":"Slimebound:SlimeSpikes","floor":25.0},{"not_picked":["Slimebound:LivingWall","Slimebound:LeechingTouch"],"picked":"Slimebound:GoopSpray","floor":25.0},{"not_picked":["Slimebound:RejuvenatingLick","Slimebound:LeadByExample"],"picked":"Slimebound:GoopSpray","floor":27.0},{"not_picked":["Slimebound:FinishingTackle","Slimebound:ComboTackle"],"picked":"Slimebound:ProtectTheBoss+1","floor":27.0},{"not_picked":["Slimebound:GoopTackle","Slimebound:SplitMire+1"],"picked":"Slimebound:SplitAcid","floor":29.0},{"not_picked":["Slimebound:SplitAcid","Slimebound:LeechingTouch+1"],"picked":"Slimebound:SlimeSpikes+1","floor":29.0},{"not_picked":["Slimebound:SplitAcid","Slimebound:SlimeBrawl"],"picked":"Slimebound:MegaLick+1","floor":31.0},{"not_picked":["Slimebound:FinishingTackle","Slimebound:FormOfPuddle"],"picked":"Slimebound:SamplingLick+1","floor":31.0},{"not_picked":["Slimebound:SplitMire","Slimebound:MassRepurpose"],"picked":"Slimebound:HauntingLick","floor":32.0},{"not_picked":["Slimebound:ForwardTackle","Slimebound:SpikyOuterGoop"],"picked":"Slimebound:Prepare","floor":32.0},{"not_picked":["Slimebound:CheckThePlaybook","Slimebound:LeechLife"],"picked":"Slimebound:SlimeSlap","floor":33.0},{"not_picked":["Slimebound:GoopTackle","Slimebound:ForwardTackle"],"picked":"Slimebound:SlimeBarrage","floor":34.0},{"not_picked":["Slimebound:Chomp","Slimebound:FinishingTackle"],"picked":"Slimebound:Repurpose+1","floor":36.0},{"not_picked":["Slimebound:AcidTongue+1","Slimebound:SlimeSpikes"],"picked":"Slimebound:LivingWall+1","floor":37.0},{"not_picked":["Slimebound:PressTheAttack+1","Slimebound:Chomp+1","Slimebound:GoopTackle"],"picked":"Singing Bowl","floor":37.0},{"not_picked":["Slimebound:SlimeBarrage","Slimebound:Dissolve"],"picked":"Slimebound:DivideAndConquer","floor":38.0},{"not_picked":["Slimebound:ProtectTheBoss","Slimebound:SplitLeeching"],"picked":"Slimebound:SamplingLick+1","floor":38.0},{"not_picked":["Slimebound:FinishingTackle+1","Slimebound:RollThrough"],"picked":"Slimebound:Overexert","floor":39.0},{"not_picked":["Slimebound:ForwardTackle+1","Slimebound:ItLooksTasty+1"],"picked":"Slimebound:Gluttony","floor":39.0},{"not_picked":["Slimebound:ItLooksTasty","Slimebound:RejuvenatingLick+1"],"picked":"Slimebound:TongueLash+1","floor":40.0},{"not_picked":["Slimebound:BestDefense","Slimebound:FormOfPuddle"],"picked":"Slimebound:SplitMire+1","floor":44.0},{"not_picked":["Slimebound:SplitLeeching+1","Slimebound:WasteNot"],"picked":"Slimebound:Schlurp+1","floor":45.0},{"not_picked":["Slimebound:DisruptingSlam+1","Slimebound:LeechEnergy"],"picked":"Slimebound:SplitMire+1","floor":46.0},{"not_picked":["Slimebound:LevelUp+1","Slimebound:FinishingTackle+1"],"picked":"Slimebound:FormOfPuddle+1","floor":46.0},{"not_picked":["Slimebound:FinishingTackle","Slimebound:SlimeTap"],"picked":"Slimebound:Schlurp+1","floor":48.0},{"not_picked":["Slimebound:GoopSpray","Slimebound:Schlurp","Slimebound:SplitBruiser"],"picked":"Singing Bowl","floor":48.0},{"not_picked":["Slimebound:Dissolve+1","Slimebound:SlimeBarrage+1"],"picked":"Slimebound:SlimeSpikes+1","floor":49.0},{"not_picked":["Slimebound:GrowthPunch","Slimebound:LivingWall"],"picked":"Slimebound:LevelUp+1","floor":49.0}],"player_experience":1260531,"relics_obtained":[{"floor":6.0,"key":"Prayer Wheel"},{"floor":7.0,"key":"Anchor"},{"floor":24.0,"key":"Singing Bowl"},{"floor":36.0,"key":"Calipers"},{"floor":41.0,"key":"Blue Candle"},{"floor":44.0,"key":"Letter Opener"},{"floor":44.0,"key":"Strawberry"},{"floor":45.0,"key":"Incense Burner"}],"event_choices":[{"damage_healed":0.0,"max_hp_gain":0.0,"max_hp_loss":0.0,"gold_gain":0.0,"event_name":"Mysterious Sphere","player_choice":"Fight","floor":36.0,"gold_loss":0.0,"damage_taken":0.0},{"cards_removed":["Slimebound:SlimeBarrage"],"damage_healed":0.0,"max_hp_gain":0.0,"max_hp_loss":0.0,"gold_gain":0.0,"event_name":"Falling","player_choice":"Removed Attack","floor":42.0,"gold_loss":0.0,"damage_taken":0.0}],"is_beta":true,"boss_relics":[{"not_picked":["Runic Dome","Runic Pyramid"],"picked":"Black Star"},{"not_picked":["Busted Crown","Cursed Key"],"picked":"Tiny House"}],"items_purged_floors":[],"is_endless":false,"potions_floor_spawned":[6,15,16,19,20,21,22,29,31,37,39,44,45,48,49],"killed_by":"IC_BLOCK_ARCHETYPE","ascension_level":1}}