{"host":"o3b7ow6d1xe49css","time":1612424394,"event":{"mods":["Act Like it!","Aspiration","BaseMod","Bestiary","Better Altar","Better Match","Better Note","Better Sensory Stone","Better Skull","Better Third Choice","Colored Powertips","Conspire","Energized Spire","Force Act Four","GifTheSpireLib","Halation","Hermit","Hubris","Infinite Spire","Lobotomy","Minty Spire (QoL Compilation)","Quick Restart","Rare Cards Sparkle","Relic Filter Mod","Reliquary","Replay The Spire","Spicy Shops","Spikes Relics","Spire Arcade","StSLib","Stuff the Spire","The Blue Laboratory","Wandering Minibosses"],"gold_per_floor":[110,127,143,14,26,52,52,80,80,106,106,139,173,248,248,343,343,353,366,366,366,366,392,427,427,453,453,280,4,4,36,36,137,137,152,164,164,164,79,106,106,131,131,108,16,16,0,11,11,109,109,109,5,31,134],"floor_reached":56,"language":"ENG","playtime":2003,"items_purged":["Strike_P","Decay","Strike_P","Replay:Battleflow","Strike_P+1"],"score":2191,"play_id":"26896d10-fa35-46b9-bddc-05e3d05eca51","local_time":"20210203223954","daily_mods":["Heirloom","Flight"],"is_ascension_mode":true,"campfire_choices":[{"data":"Eruption","floor":7,"key":"SMITH"},{"data":"Vault","floor":11,"key":"SMITH"},{"floor":15,"key":"RECALL"},{"data":"AbeCurse","floor":25,"key":"SMITH"},{"data":"Writhe","floor":27,"key":"SMITH"},{"data":"Apotheosis","floor":32,"key":"SMITH"},{"data":"BattleHymn","floor":41,"key":"SMITH"},{"data":"Wallop","floor":46,"key":"SMITH"},{"data":"WindmillStrike","floor":49,"key":"SMITH"},{"data":"SandsOfTime","floor":52,"key":"SMITH"}],"circlet_count":0,"master_deck":["Defend_P","Defend_P","Defend_P","Defend_P","Eruption+1","Vigilance","UniverseFragment","BowlingBash","Vault+1","BowlingBash+1","FlurryOfBlows","SandsOfTime+1","FlurryOfBlows","CutThroughFate","Halt","Tantrum","Apotheosis+1","WindmillStrike+1","Indignation+1","BattleHymn+1","GreedKing","FlurryOfBlows+1","Wallop+1","Wallop","Protect"],"relics":["PureWater","Ring of Chaos","StoneCalendar","CogitoBucket","Oddly Smooth Stone","halation:PrussianBluePaint","StuffTheSpire:ForceGauntlet","Pocketwatch","Lizard Tail","Juzu Bracelet","Abe\u0027s Treasure","BehaviorAdjustment","hubris:Icosahedron","hubris:GlazedTorus","Lantern","reliquary:SharkskinSheath","Centennial Puzzle","StuffTheSpire:Mouthbags","Membership Card","hubris:MysteriousPyramids","Rawhide","ChewingGum","wanderingMiniBosses:Inkheart","ReplayTheSpireMod:Lightbulb","Blood Vial","reliquary:RoseTintedGlasses","Singing Bowl","hubris:SphereOfDissonance","Red Mask","energizedSpire:NeverEndingSparkler","Ring of Chaos","OrangePellets","infinitespire:Golems Mask"],"acts_visited":["Exordium","TheCity","TheBeyond","Exordium","TheEnding"],"potions_floor_usage":[6,23,40,40],"damage_taken":[{"damage":0,"enemies":"Cultist","floor":1,"turns":2},{"damage":1,"enemies":"Small Slimes","floor":2,"turns":2},{"damage":0,"enemies":"2 Louse","floor":3,"turns":2},{"damage":0,"enemies":"Blue Slaver","floor":5,"turns":4},{"damage":0,"enemies":"3 Sentries","floor":6,"turns":3},{"damage":0,"enemies":"Gremlin Nob","floor":8,"turns":2},{"damage":0,"enemies":"Lagavulin","floor":10,"turns":2},{"damage":0,"enemies":"Gremlin Nob","floor":12,"turns":3},{"damage":0,"enemies":"Lagavulin","floor":13,"turns":4},{"damage":0,"enemies":"Slime Boss","floor":16,"turns":3},{"damage":11,"enemies":"Shell Parasite","floor":18,"turns":3},{"damage":1,"enemies":"Spheric Guardian","floor":19,"turns":1},{"damage":2,"enemies":"Gremlin Leader","floor":23,"turns":3},{"damage":2,"enemies":"Book of Stabbing","floor":24,"turns":2},{"damage":0,"enemies":"Nightmare","floor":31,"turns":3},{"damage":0,"enemies":"Automaton","floor":33,"turns":2},{"damage":5,"enemies":"3 Shapes","floor":35,"turns":4},{"damage":1,"enemies":"3 Darklings","floor":36,"turns":2},{"damage":0,"enemies":"Nightmare","floor":40,"turns":2},{"damage":0,"enemies":"R_Hoarder","floor":42,"turns":2},{"damage":1,"enemies":"Nemesis","floor":44,"turns":4},{"damage":0,"enemies":"4 Shapes","floor":48,"turns":1},{"damage":0,"enemies":"Donu and Deca","floor":50,"turns":4},{"damage":0,"enemies":"Shield and Spear","floor":54,"turns":2},{"damage":5,"enemies":"The Heart","floor":55,"turns":3}],"seed_played":"-8330988552229566333","potions_obtained":[{"floor":5,"key":"Energy Potion"},{"floor":6,"key":"StancePotion"},{"floor":10,"key":"AttackPotion"},{"floor":12,"key":"FearPotion"},{"floor":13,"key":"DuplicationPotion"},{"floor":33,"key":"Energy Potion"},{"floor":35,"key":"Swift Potion"},{"floor":40,"key":"Doom Potion"},{"floor":48,"key":"LiquidBronze"}],"is_trial":true,"path_per_floor":["M","M","M","$","M","E","R","E","T","E","R","E","E","T","R","B",null,"M","M","?","AVR","?","E","E","R","T","R","$","$","?","NM","R","B",null,"M","M","?","AVR","$","NM","R","E","T","E","$","R","?","M","R","B",null,"R","$","E","B",null],"character_chosen":"WATCHER","items_purchased":["FlurryOfBlows","SandsOfTime","Apotheosis","Membership Card","WindmillStrike","hubris:MysteriousPyramids","BattleHymn","Wallop","Protect","OrangePellets"],"campfire_rested":0,"item_purchase_floors":[4,4,28,29,29,29,39,45,53,53],"current_hp_per_floor":[72,71,71,71,71,71,71,71,71,71,71,71,71,71,71,71,72,61,60,60,60,60,58,56,56,56,56,56,56,56,56,56,56,68,63,62,62,62,62,62,62,64,64,65,65,65,68,74,74,76,76,76,76,78,73],"gold":134,"neow_bonus":"","is_daily":false,"chose_seed":false,"campfire_upgraded":9,"win_rate":0.0,"timestamp":1612424394,"path_taken":["M","M","M","?","M","E","R","E","T","E","R","E","E","?","R","BOSS","M","M","?","AVR","?","E","E","R","T","R","$","$","?","NM","R","BOSS","M","M","?","AVR","?","NM","R","E","T","E","$","R","?","M","R","BOSS","R","$","E","BOSS"],"items_purchased_type":["Card","Card","Card","Relic","Card","Relic","Card","Card","Card","Relic"],"build_version":"2020-12-22","purchased_purges":5,"victory":true,"max_hp_per_floor":[72,72,72,72,72,72,72,72,72,72,72,72,72,72,72,72,72,72,72,72,72,72,72,72,72,72,72,72,72,72,72,72,72,72,72,72,72,72,72,72,72,72,72,72,72,72,72,74,74,76,76,76,76,78,78],"card_choices":[{"not_picked":["WallGazer","GreedKing","SpiderBud"],"picked":"Singing Bowl","floor":1},{"not_picked":["BlackArmy","VoidDream"],"picked":"UniverseFragment","floor":1},{"not_picked":["ThirdEye","Protect"],"picked":"BowlingBash","floor":1},{"not_picked":["Wellcheers","BeautyBeast","OldLady"],"picked":"Singing Bowl","floor":2},{"not_picked":["Evaluate","Nirvana"],"picked":"Vault","floor":2},{"not_picked":["MeatLantern","FairyFestival","LaLuna"],"picked":"Singing Bowl","floor":3},{"not_picked":["ThirdEye","Wish"],"picked":"BowlingBash","floor":3},{"not_picked":["OSAHOGD","WhitesApple","MeatLantern"],"picked":"Singing Bowl","floor":5},{"not_picked":["Replay:Vibes","JustLucky","WindmillStrike"],"picked":"SKIP","floor":5},{"not_picked":["Laetitia","NothingThere","OSAHOGD"],"picked":"Singing Bowl","floor":6},{"not_picked":["CrushJoints","Crescendo"],"picked":"FlurryOfBlows","floor":6},{"not_picked":["Woodsman","WallGazer","MeatLantern"],"picked":"Singing Bowl","floor":8},{"not_picked":["EmptyFist","InnerPeace"],"picked":"CutThroughFate","floor":8},{"not_picked":["CherryBlossoms","Scorched","VoidDream"],"picked":"Singing Bowl","floor":10},{"not_picked":["ClearTheMind","EmptyFist"],"picked":"Halt","floor":10},{"not_picked":["CENSORED","Bloodbath","MHz"],"picked":"Singing Bowl","floor":12},{"not_picked":["WreathOfFlame","FlyingSleeves","Judgement"],"picked":"SKIP","floor":12},{"not_picked":["SnowQueen","SpiderBud","HeroicMonk"],"picked":"Singing Bowl","floor":13},{"not_picked":["Replay:Battleflow","SashWhip"],"picked":"Tantrum","floor":13},{"not_picked":["Wellcheers","LittleHelper","WhitesApple"],"picked":"Singing Bowl","floor":16},{"not_picked":["PunishingBird","Variant","FieryBird"],"picked":"Singing Bowl","floor":18},{"not_picked":["WreathOfFlame","Sanctity","WindmillStrike"],"picked":"SKIP","floor":18},{"not_picked":["Halt","WaveOfTheHand+1","EmptyFist"],"picked":"SKIP","floor":19},{"not_picked":["PunishingBird","SnowQueen","ShyLook"],"picked":"Singing Bowl","floor":23},{"not_picked":["Replay:AtTheReady","Halt+1","Replay:ManipulateFuture"],"picked":"SKIP","floor":23},{"not_picked":["Replay:Cycle","LikeWater+1","Worship"],"picked":"SKIP","floor":24},{"not_picked":["Protect","SandsOfTime+1","PathToVictory"],"picked":"SKIP","floor":31},{"not_picked":["Alriune","HappyTeddy","Woodsman"],"picked":"Singing Bowl","floor":33},{"not_picked":["LikeWater+1","EmptyFist+1","SashWhip+1"],"picked":"SKIP","floor":35},{"not_picked":["Pray","JustLucky+1"],"picked":"Indignation+1","floor":36},{"not_picked":["Worship+1","DevaForm","FlyingSleeves+1"],"picked":"SKIP","floor":40},{"not_picked":["Yin","BlackArmy"],"picked":"GreedKing","floor":42},{"not_picked":["EmptyBody+1","JustLucky+1","Prostrate"],"picked":"SKIP","floor":42},{"not_picked":["ClearTheMind","Indignation+1"],"picked":"FlurryOfBlows+1","floor":44},{"not_picked":["FollowUp","ThirdEye+1","PathToVictory"],"picked":"Singing Bowl","floor":48},{"not_picked":["Ragnarok","Brilliance","Wish"],"picked":"Singing Bowl","floor":50},{"not_picked":["Replay:DivineShield","Pray","EmptyFist"],"picked":"Singing Bowl","floor":54}],"player_experience":1287705,"relics_obtained":[{"floor":6,"key":"Oddly Smooth Stone"},{"floor":8,"key":"halation:PrussianBluePaint"},{"floor":9,"key":"StuffTheSpire:ForceGauntlet"},{"floor":10,"key":"Pocketwatch"},{"floor":12,"key":"Lizard Tail"},{"floor":13,"key":"Juzu Bracelet"},{"floor":23,"key":"reliquary:SharkskinSheath"},{"floor":24,"key":"Centennial Puzzle"},{"floor":26,"key":"StuffTheSpire:Mouthbags"},{"floor":31,"key":"Rawhide"},{"floor":35,"key":"wanderingMiniBosses:Inkheart"},{"floor":40,"key":"Blood Vial"},{"floor":42,"key":"reliquary:RoseTintedGlasses"},{"floor":43,"key":"Singing Bowl"},{"floor":44,"key":"hubris:SphereOfDissonance"},{"floor":54,"key":"infinitespire:Golems Mask"}],"event_choices":[{"damage_healed":0,"gold_gain":0,"player_choice":"Opened","damage_taken":0,"relics_obtained":["Lantern"],"max_hp_gain":0,"max_hp_loss":0,"event_name":"The Mausoleum","floor":22,"gold_loss":0,"cards_obtained":["Writhe"]},{"damage_healed":0,"gold_gain":0,"cards_transformed":["Strike_P"],"player_choice":"Transformed","damage_taken":0,"max_hp_gain":0,"max_hp_loss":0,"event_name":"Transmorgrifier","floor":37,"gold_loss":0,"cards_obtained":["Replay:Battleflow"]},{"damage_healed":0,"gold_gain":0,"player_choice":"Paid","damage_taken":0,"relics_obtained":["Red Mask"],"max_hp_gain":0,"max_hp_loss":0,"event_name":"Tomb of Lord Red Mask","floor":47,"gold_loss":16}],"is_beta":false,"boss_relics":[{"not_picked":["conspire:RunicOctahedron","ReplayTheSpireMod:DimensionalGlitch"],"picked":"Abe\u0027s Treasure"},{"not_picked":["hubris:VirtuousBlindfold","Ring of Chaos"],"picked":"ChewingGum"},{"not_picked":["Sandwich","energizedSpire:BlackCloud"],"picked":"energizedSpire:NeverEndingSparkler"}],"items_purged_floors":[21,29,38,39,45],"is_endless":true,"potions_floor_spawned":[5,6,10,12,13,18,19,33,35,40,48],"ascension_level":5}}