{"host":"v54ek091sdz7ha6h","time":1612473118,"event":{"mods":["BaseMod","Better Vampires","Colored Map","Colored Powertips","Custom Start","DeckTracker","Highlight Path","KOR Keyword Fix","Minty Spire (QoL Compilation)","Rare Cards Sparkle","Relic Stats","StSLib","SuperFastMode","everything is the same but u backflip on backflip"],"gold_per_floor":[135,171,171,171,14,14,40,58,58,58,94,19,19,63,63,138,138,155,155,155,155,55,55,55],"floor_reached":23,"language":"KOR","playtime":481,"items_purged":["Strike_G","Bite"],"score":374,"play_id":"713f835d-6d28-456e-b53d-a702d1f5eab1","local_time":"20210205061158","is_ascension_mode":true,"campfire_choices":[{"data":"Acrobatics","floor":13.0,"key":"SMITH"},{"data":"Reflex","floor":15.0,"key":"SMITH"}],"circlet_count":0,"master_deck":["AscendersBane","Defend_G","Defend_G","Defend_G","Defend_G","Survivor","Neutralize","HandOfGreed+1","Backflip","Reflex+1","All Out Attack","Tactician","Escape Plan","Tactician","Acrobatics+1","Acrobatics","Grand Finale","Footwork","Bite","Bite"],"relics":["Ring of the Serpent","Gremlin Horn","Mercury Hourglass","Mummified Hand"],"acts_visited":["Exordium","TheCity"],"potions_floor_usage":[],"damage_taken":[{"damage":0.0,"enemies":"Cultist","floor":1.0,"turns":3.0},{"damage":0.0,"enemies":"Jaw Worm","floor":2.0,"turns":4.0},{"damage":21.0,"enemies":"Gremlin Nob","floor":7.0,"turns":4.0},{"damage":6.0,"enemies":"2 Louse","floor":8.0,"turns":2.0},{"damage":0.0,"enemies":"Lots of Slimes","floor":11.0,"turns":1.0},{"damage":1.0,"enemies":"Looter","floor":14.0,"turns":3.0},{"damage":7.0,"enemies":"Slime Boss","floor":16.0,"turns":8.0},{"damage":28.0,"enemies":"Chosen","floor":18.0,"turns":6.0},{"damage":27,"enemies":"Book of Stabbing","floor":23,"turns":7}],"seed_played":"4515516049192084526","potions_obtained":[{"floor":2.0,"key":"FairyPotion"},{"floor":14.0,"key":"Block Potion"}],"is_trial":false,"path_per_floor":["M","M","?","?","$","?","E","M","T","?","M","$","R","M","R","B",null,"M","?","?","?","$","E"],"character_chosen":"THE_SILENT","items_purchased":["Reflex","All Out Attack"],"campfire_rested":0,"item_purchase_floors":[5,5],"current_hp_per_floor":[44,44,37,19,19,19,19,13,13,13,13,13,13,12,12,5,51,23,23,23,23,23,0,0],"gold":55,"neow_bonus":"RANDOM_COLORLESS_2","is_daily":false,"chose_seed":false,"campfire_upgraded":2,"win_rate":0.0,"timestamp":1612473118,"path_taken":["M","?","?","?","$","?","E","?","T","?","M","$","R","M","R","BOSS","M","?","?","?","$","E"],"items_purchased_type":["Card","Card"],"build_version":"2020-12-22","purchased_purges":2,"victory":false,"max_hp_per_floor":[66,66,66,66,66,66,66,66,66,66,66,66,66,66,66,66,66,66,66,54,54,54,54,54],"relic_stats":{"Gremlin Horn":[7,7],"counters":[9,35],"Mummified Hand":[1],"obtain_stats":[{"Gremlin Horn":4,"Mummified Hand":9,"Ring of the Serpent":17,"Ring of the Snake":0,"Mercury Hourglass":7},{"Gremlin Horn":2,"Mummified Hand":4,"Ring of the Serpent":7,"Ring of the Snake":0,"Mercury Hourglass":3},{"Gremlin Horn":7,"Mummified Hand":12,"Ring of the Serpent":23,"Ring of the Snake":0,"Mercury Hourglass":11}],"Mercury Hourglass":[110]},"card_choices":[{"not_picked":["Chrysalis","Secret Weapon"],"picked":"HandOfGreed","floor":0.0},{"not_picked":["Acrobatics","Poisoned Stab"],"picked":"Backflip","floor":1.0},{"not_picked":["Deflect","Sucker Punch"],"picked":"Underhanded Strike","floor":2.0},{"not_picked":["Dagger Throw","Deflect"],"picked":"Tactician","floor":7.0},{"not_picked":["Skewer","Blade Dance"],"picked":"Escape Plan","floor":8.0},{"not_picked":["Outmaneuver","Dash"],"picked":"Acrobatics","floor":11.0},{"not_picked":["Tools of the Trade","Dodge and Roll"],"picked":"Acrobatics","floor":14.0},{"not_picked":["Wraith Form v2","Adrenaline"],"picked":"Grand Finale","floor":16.0},{"not_picked":["Concentrate","Outmaneuver"],"picked":"Footwork","floor":18.0}],"player_experience":1472952,"relics_obtained":[{"floor":7.0,"key":"Mercury Hourglass"},{"floor":9.0,"key":"Mummified Hand"}],"event_choices":[{"cards_removed":["Defend_G"],"damage_healed":0.0,"max_hp_gain":0.0,"max_hp_loss":0.0,"gold_gain":0.0,"event_name":"Golden Wing","player_choice":"Card Removal","floor":3.0,"gold_loss":0.0,"damage_taken":7.0},{"damage_healed":0.0,"max_hp_gain":0.0,"max_hp_loss":0.0,"gold_gain":0.0,"event_name":"Scrap Ooze","player_choice":"Success","floor":4.0,"gold_loss":0.0,"damage_taken":18.0,"relics_obtained":["Gremlin Horn"]},{"damage_healed":0.0,"max_hp_gain":0.0,"max_hp_loss":0.0,"gold_gain":0.0,"event_name":"Upgrade Shrine","player_choice":"Upgraded","floor":6.0,"gold_loss":0.0,"damage_taken":0.0,"cards_upgraded":["HandOfGreed"]},{"damage_healed":0.0,"max_hp_gain":0.0,"max_hp_loss":0.0,"gold_gain":0.0,"cards_transformed":["Strike_G"],"event_name":"Living Wall","player_choice":"Change","floor":10.0,"gold_loss":0.0,"damage_taken":0.0,"cards_obtained":["Tactician"]},{"damage_healed":0.0,"max_hp_gain":0.0,"max_hp_loss":0.0,"gold_gain":0.0,"event_name":"The Mausoleum","player_choice":"Ignored","floor":19.0,"gold_loss":0.0,"damage_taken":0.0},{"damage_healed":0.0,"max_hp_gain":0.0,"max_hp_loss":12.0,"gold_gain":0.0,"event_name":"Vampires","player_choice":"Became a vampire","floor":20.0,"gold_loss":0.0,"damage_taken":0.0,"cards_obtained":["Bite","Bite","Bite"]},{"cards_removed":["Underhanded Strike"],"damage_healed":0.0,"max_hp_gain":0.0,"max_hp_loss":0.0,"gold_gain":0.0,"event_name":"Back to Basics","player_choice":"Elegance","floor":21.0,"gold_loss":0.0,"damage_taken":0.0}],"is_beta":false,"boss_relics":[{"not_picked":["Velvet Choker","Fusion Hammer"],"picked":"Ring of the Serpent"}],"items_purged_floors":[12,22],"is_endless":false,"potions_floor_spawned":[2,14],"killed_by":"Book of Stabbing","ascension_level":20}}