{"host":"p9jk0mlyvhgdzcz4","time":1612414395,"event":{"mods":["BaseMod","Colored Map","Minty Spire (QoL Compilation)","Quick Restart","Slay the Streamer","SuperFastMode"],"gold_per_floor":[118,118,130,148,223,223,234,234,305,305,305,318,2,2,14,14,111,111,125,125,107,125,141,141,171,171,253,253,253,265,343,343,36,36,135,135,153,170,170,186,203,203,223,223,223,223,223,0,11,31,46,46,46],"floor_reached":54,"language":"ENG","playtime":2450,"items_purged":["Reprogram"],"score":678,"play_id":"3ff2bf83-f52e-4545-8900-30fc83e4c0d0","local_time":"20210203225315","is_ascension_mode":false,"campfire_choices":[{"data":"Cold Snap","floor":6,"key":"SMITH"},{"data":"Conserve Battery","floor":8,"key":"SMITH"},{"data":"Cold Snap","floor":11,"key":"SMITH"},{"data":"Static Discharge","floor":16,"key":"SMITH"},{"data":"Static Discharge","floor":24,"key":"SMITH"},{"floor":26,"key":"REST"},{"data":"Auto Shields","floor":29,"key":"SMITH"},{"floor":34,"key":"REST"},{"data":"Capacitor","floor":42,"key":"SMITH"},{"data":"Static Discharge","floor":44,"key":"SMITH"},{"floor":52,"key":"REST"}],"circlet_count":0,"master_deck":["Heatsinks","Cold Snap+1","Auto Shields+1","Leap","Go for the Eyes","Barrage","Capacitor+1","Ball Lightning+1","Sweeping Beam","Cold Snap+1","Glacier","Tempest","Skim","Conserve Battery+1","Leap","Static Discharge+1","Storm","Hyperbeam","Scrape","Static Discharge+1","Beam Cell","Static Discharge+1","Rainbow+1","Ball Lightning+1","Compile Driver+1","Cold Snap+1","Reinforced Body","Parasite","Undo+1","Double Energy+1","Conserve Battery","Ball Lightning+1"],"relics":["Cracked Core","Pantograph","Meat on the Bone","Runic Pyramid","Strawberry","Mercury Hourglass","Cables","Mummified Hand","Bronze Scales","Runic Dome","Nunchaku","Shuriken","Red Mask"],"acts_visited":["Exordium","TheCity","TheBeyond"],"potions_floor_usage":[53,53,53],"damage_taken":[{"damage":0.0,"enemies":"Small Slimes","floor":1.0,"turns":2.0},{"damage":0,"enemies":"Cultist","floor":3,"turns":2},{"damage":0,"enemies":"2 Louse","floor":4,"turns":1},{"damage":0,"enemies":"2 Fungi Beasts","floor":7,"turns":3},{"damage":0,"enemies":"Blue Slaver","floor":12,"turns":3},{"damage":0,"enemies":"Red Slaver","floor":15,"turns":3},{"damage":26,"enemies":"Hexaghost","floor":17,"turns":9},{"damage":0,"enemies":"Chosen","floor":19,"turns":4},{"damage":4,"enemies":"2 Thieves","floor":21,"turns":4},{"damage":15,"enemies":"Centurion and Healer","floor":22,"turns":8},{"damage":16,"enemies":"Sentry and Sphere","floor":23,"turns":8},{"damage":26,"enemies":"Slavers","floor":25,"turns":4},{"damage":6,"enemies":"Snecko","floor":30,"turns":4},{"damage":18,"enemies":"Colosseum Slavers","floor":32,"turns":3},{"damage":29,"enemies":"Champ","floor":35,"turns":10},{"damage":17,"enemies":"3 Darklings","floor":37,"turns":3},{"damage":0,"enemies":"3 Shapes","floor":38,"turns":5},{"damage":0,"enemies":"Transient","floor":40,"turns":5},{"damage":12,"enemies":"Spire Growth","floor":41,"turns":4},{"damage":12,"enemies":"Writhing Mass","floor":43,"turns":4},{"damage":6,"enemies":"Maw","floor":49,"turns":5},{"damage":4,"enemies":"3 Darklings","floor":50,"turns":3},{"damage":31,"enemies":"Spire Growth","floor":51,"turns":4},{"damage":48,"enemies":"Awakened One","floor":53,"turns":9}],"seed_played":"2414136374390231559","potions_obtained":[{"floor":1.0,"key":"Strength Potion"},{"floor":2.0,"key":"DistilledChaos"},{"floor":2.0,"key":"EssenceOfSteel"},{"floor":22,"key":"Strength Potion"},{"floor":25,"key":"PowerPotion"},{"floor":41,"key":"PowerPotion"}],"is_trial":false,"path_per_floor":["M","?","M","M","?","R","M","R","T","T","R","M","$","?","M","R","B",null,"M","?","M","M","M","R","E","R","T","T","R","M","T","?","$","R","B",null,"M","M","?","M","M","R","M","R","T","T","T","?","M","M","M","R","B",null],"character_chosen":"DEFECT","items_purchased":["Static Discharge","Meat on the Bone","Bronze Scales","Static Discharge"],"campfire_rested":3,"item_purchase_floors":[13,13,33,33],"current_hp_per_floor":[75,75,75,75,64,64,64,64,64,64,64,64,64,64,64,64,49,75,75,82,78,63,47,47,33,57,57,57,57,51,51,45,45,69,53,82,65,65,65,65,53,53,53,53,53,53,53,53,47,43,24,48,37],"gold":46,"neow_bonus":"UPGRADE_CARD","is_daily":false,"chose_seed":false,"campfire_upgraded":8,"win_rate":0.0,"timestamp":1612414395,"path_taken":["M","?","?","M","?","R","M","R","T","R","M","$","?","M","R","BOSS","M","?","?","M","M","R","E","R","T","R","M","?","?","$","R","BOSS","M","M","?","?","M","R","M","R","T","?","?","M","M","M","R","BOSS"],"items_purchased_type":["Card","Relic","Relic","Card"],"build_version":"2020-12-22","purchased_purges":1,"victory":true,"max_hp_per_floor":[75,75,75,75,75,75,75,75,75,75,75,75,75,75,75,75,75,75,75,82,82,82,82,82,82,82,82,82,82,82,82,82,82,82,82,82,82,82,82,82,82,82,82,82,82,82,82,82,82,82,82,82,82],"card_choices":[{"not_picked":["Go for the Eyes","Hologram"],"picked":"Glacier","floor":1.0},{"not_picked":["Sweeping Beam","Redo"],"picked":"Tempest","floor":3},{"not_picked":["Coolheaded","Stack"],"picked":"Skim","floor":4},{"not_picked":["Force Field","Turbo"],"picked":"Conserve Battery","floor":7},{"not_picked":["Turbo","Go for the Eyes"],"picked":"Leap","floor":12},{"not_picked":["Biased Cognition","Fusion"],"picked":"Storm","floor":15},{"not_picked":["Reboot","Creative AI"],"picked":"Hyperbeam","floor":17},{"not_picked":["Ball Lightning+1","Conserve Battery+1"],"picked":"Scrape","floor":21},{"not_picked":["Hologram+1","Go for the Eyes"],"picked":"Static Discharge","floor":22},{"not_picked":["Force Field","Redo"],"picked":"Beam Cell","floor":23},{"not_picked":["Skim","Stack","Redo"],"picked":"SKIP","floor":25},{"not_picked":["Redo","Steam Power"],"picked":"Reprogram","floor":30},{"not_picked":["Reboot","Biased Cognition"],"picked":"Rainbow","floor":35},{"not_picked":["Turbo","Gash+1"],"picked":"Ball Lightning+1","floor":37},{"not_picked":["Defragment","Stack+1"],"picked":"Compile Driver+1","floor":38},{"not_picked":["Steam","Barrage+1"],"picked":"Cold Snap+1","floor":40},{"not_picked":["Sweeping Beam","Recycle"],"picked":"Reinforced Body","floor":41},{"not_picked":["Darkness","Steam+1"],"picked":"Undo+1","floor":43},{"not_picked":["Sunder+1","Glacier"],"picked":"Double Energy+1","floor":49},{"not_picked":["Go for the Eyes","Steam Power"],"picked":"Conserve Battery","floor":50},{"not_picked":["Gash","Reinforced Body+1"],"picked":"Ball Lightning+1","floor":51}],"player_experience":34414,"relics_obtained":[{"floor":9,"key":"Pantograph"},{"floor":25,"key":"Mercury Hourglass"},{"floor":27,"key":"Cables"},{"floor":31,"key":"Mummified Hand"},{"floor":45,"key":"Nunchaku"},{"floor":47,"key":"Shuriken"}],"event_choices":[{"damage_healed":0.0,"max_hp_gain":0.0,"max_hp_loss":0.0,"gold_gain":0.0,"event_name":"Lab","player_choice":"Got Potions","floor":2.0,"gold_loss":0.0,"damage_taken":0.0},{"damage_healed":0,"gold_gain":75,"player_choice":"Gather Gold","damage_taken":11,"max_hp_gain":0,"max_hp_loss":0,"event_name":"World of Goop","floor":5,"gold_loss":0},{"damage_healed":0,"gold_gain":0,"player_choice":"Ignored","damage_taken":0,"max_hp_gain":0,"max_hp_loss":0,"event_name":"Liars Game","floor":14,"gold_loss":0},{"damage_healed":0,"gold_gain":0,"player_choice":"Gave Potion","damage_taken":0,"relics_obtained":["Strawberry"],"max_hp_gain":0,"max_hp_loss":0,"event_name":"WeMeetAgain","floor":20,"gold_loss":0},{"damage_healed":0,"gold_gain":0,"player_choice":"Fight","damage_taken":0,"max_hp_gain":0,"max_hp_loss":0,"event_name":"Colosseum","floor":32,"gold_loss":0},{"damage_healed":0,"gold_gain":0,"player_choice":"Fled From Nobs","damage_taken":0,"max_hp_gain":0,"max_hp_loss":0,"event_name":"Colosseum","floor":32,"gold_loss":0},{"damage_healed":0,"gold_gain":0,"player_choice":"Forge","damage_taken":0,"max_hp_gain":0,"max_hp_loss":0,"event_name":"Accursed Blacksmith","floor":39,"gold_loss":0,"cards_upgraded":["Rainbow"]},{"damage_healed":0,"gold_gain":0,"player_choice":"Paid","damage_taken":0,"relics_obtained":["Red Mask"],"max_hp_gain":0,"max_hp_loss":0,"event_name":"Tomb of Lord Red Mask","floor":48,"gold_loss":223}],"is_beta":false,"boss_relics":[{"not_picked":["Snecko Eye","Velvet Choker"],"picked":"Runic Pyramid"},{"not_picked":["FrozenCore","Calling Bell"],"picked":"Runic Dome"}],"items_purged_floors":[33],"is_endless":false,"potions_floor_spawned":[1,4,15,22,25,32,40,41,50],"ascension_level":0}}