{"host":"d2y4rmbezebiv8aj","time":1612424478,"event":{"mods":["AchievementEnabler","BaseMod","Bestiary","BetterRewards","Colored Map","Colored Powertips","Custom Start","Highlight Path","Minty Spire (QoL Compilation)","Quick Restart","Rare Cards Sparkle","Relic Sorter","Relic Stats","Shop Mod","Slay-I","StSLib","SuperFastMode"],"gold_per_floor":[114,134,147,165,130,159,159,189,237,237,298,298,298,1,1,103,103,113,131,131,131,141,141,141,173,173,190,203,232,232,232,232,337,337,347,361,361,361,59,88,88,108,108,108,135,135,163,173,173,173],"floor_reached":51,"language":"DEU","playtime":2048,"items_purged":[],"score":1673,"play_id":"9a42d4ff-3b82-4cc7-b3d5-306886246cf9","local_time":"20210204084118","is_ascension_mode":true,"campfire_choices":[{"data":"Accuracy","floor":7.0,"key":"SMITH"},{"data":"Infinite Blades","floor":10.0,"key":"SMITH"},{"floor":15.0,"key":"REST"},{"data":"After Image","floor":23.0,"key":"SMITH"},{"floor":32.0,"key":"REST"},{"data":"Footwork","floor":41.0,"key":"SMITH"},{"data":"Distraction","floor":49,"key":"SMITH"}],"circlet_count":0,"master_deck":["AscendersBane","Strike_G","Strike_G","Strike_G","Defend_G","Defend_G","Defend_G","Defend_G","Defend_G","Survivor","Neutralize","Infinite Blades+1","Cloak And Dagger","Slice","Blade Dance+1","Dagger Throw","Bandage Up","Dagger Throw","Accuracy+1","Outmaneuver","Sucker Punch","Dodge and Roll","Distraction+1","Sucker Punch","Backflip","Slice","Noxious Fumes","After Image+1","Backstab","Endless Agony+1","J.A.X.","Footwork+1","Writhe"],"relics":["Ring of the Snake","Ninja Scroll","Eternal Feather","Vajra","Bronze Scales","Singing Bowl","Toolbox","SlaversCollar","Nilry\u0027s Codex","Kunai","Happy Flower","Paper Crane","Black Star","Membership Card","Dead Branch","Question Card","Anchor","Shuriken","Omamori","Mummified Hand","Gremlin Horn","Orichalcum"],"acts_visited":["Exordium","TheCity","TheBeyond"],"potions_floor_usage":[50,50],"damage_taken":[{"damage":0.0,"enemies":"2 Louse","floor":1.0,"turns":3.0},{"damage":6.0,"enemies":"Jaw Worm","floor":2.0,"turns":4.0},{"damage":7.0,"enemies":"Small Slimes","floor":3.0,"turns":4.0},{"damage":1.0,"enemies":"Looter","floor":4.0,"turns":3.0},{"damage":25.0,"enemies":"Gremlin Nob","floor":6.0,"turns":5.0},{"damage":6.0,"enemies":"Lagavulin","floor":8.0,"turns":5.0},{"damage":22.0,"enemies":"Lagavulin Event","floor":11.0,"turns":4.0},{"damage":42.0,"enemies":"The Guardian","floor":16.0,"turns":11.0},{"damage":8.0,"enemies":"3 Byrds","floor":18.0,"turns":4.0},{"damage":8.0,"enemies":"Chosen","floor":19.0,"turns":3.0},{"damage":4.0,"enemies":"Centurion and Healer","floor":22.0,"turns":5.0},{"damage":25.0,"enemies":"Book of Stabbing","floor":25.0,"turns":6.0},{"damage":9.0,"enemies":"3 Cultists","floor":27.0,"turns":5.0},{"damage":17.0,"enemies":"Cultist and Chosen","floor":28.0,"turns":7.0},{"damage":3.0,"enemies":"Gremlin Leader","floor":29.0,"turns":6.0},{"damage":37.0,"enemies":"Collector","floor":33.0,"turns":9.0},{"damage":21.0,"enemies":"3 Darklings","floor":35.0,"turns":6.0},{"damage":8.0,"enemies":"3 Shapes","floor":36.0,"turns":8.0},{"damage":13.0,"enemies":"Nemesis","floor":40.0,"turns":9.0},{"damage":22.0,"enemies":"Maw","floor":42.0,"turns":6.0},{"damage":0,"enemies":"Giant Head","floor":45,"turns":4},{"damage":0,"enemies":"Nemesis","floor":47,"turns":3},{"damage":0,"enemies":"3 Darklings","floor":48,"turns":1},{"damage":13,"enemies":"Donu and Deca","floor":50,"turns":6}],"seed_played":"1311911902484856879","potions_obtained":[{"floor":4.0,"key":"BlessingOfTheForge"},{"floor":6.0,"key":"CultistPotion"}],"is_trial":false,"path_per_floor":["M","M","M","M","?","E","R","E","T","R","?","?","?","$","R","B",null,"M","M","?","?","M","R","?","E","T","M","M","E","?","$","R","B",null,"M","M","?","?","$","E","R","M","T","?","E","?","E","M","R","B",null],"character_chosen":"THE_SILENT","items_purchased":["Infinite Blades","Cloak And Dagger","Slice","Blade Dance","Dagger Throw","Bandage Up","Toolbox","Backflip","Slice","Noxious Fumes","Membership Card","Dead Branch"],"campfire_rested":2,"item_purchase_floors":[0,0,0,0,0,0,14,14,14,14,39,39],"current_hp_per_floor":[52,50,47,50,67,46,46,44,44,59,41,41,29,29,65,27,59,55,51,35,35,35,53,70,50,50,47,32,35,35,35,76,45,71,56,54,54,54,54,47,65,49,49,71,73,75,77,79,96,83],"gold":173,"neow_bonus":"","is_daily":false,"chose_seed":false,"campfire_upgraded":5,"win_rate":0.0,"timestamp":1612424478,"path_taken":["M","M","M","M","?","E","R","E","T","R","?","?","?","?","R","BOSS","M","M","?","?","M","R","?","E","T","M","?","E","?","$","R","BOSS","M","M","?","?","$","E","R","M","T","?","E","?","E","M","R","BOSS"],"items_purchased_type":["Card","Card","Card","Card","Card","Card","Relic","Card","Card","Card","Relic","Relic"],"build_version":"2020-12-22","purchased_purges":0,"victory":true,"max_hp_per_floor":[70,70,70,70,70,70,70,70,70,70,70,70,70,70,70,70,70,70,70,70,70,70,70,70,72,72,74,76,78,78,78,78,80,80,82,84,84,84,84,86,86,88,88,88,90,92,94,96,96,96],"relic_stats":{"Singing Bowl":26,"Happy Flower":[23],"Gremlin Horn":[2,3],"counters":[77,346],"Dead Branch":[96],"Eternal Feather":101,"Orichalcum":[12],"Question Card":5,"Shuriken":[20],"Mummified Hand":[13],"Bronze Scales":[271],"Black Star":3,"Kunai":[67],"obtain_stats":[{"TwistedFunnel":12,"Regal Pillow":21,"Lantern":46,"Gremlin Horn":17,"Singing Bowl":13,"Nilry\u0027s Codex":20,"Vajra":43,"Snake Skull":15,"Juzu Bracelet":23,"Smiling Mask":19,"Boot":10,"Empty Cage":17,"Blood Vial":7,"Nunchaku":27,"Dream Catcher":26,"Shovel":0,"DollysMirror":25,"Mummified Hand":28,"Ninja Scroll":0,"Toolbox":14,"Philosopher\u0027s Stone":17,"Tiny Chest":26,"Kunai":25,"InkBottle":6,"Ring of the Snake":0,"NeowsBlessing":0,"The Specimen":17,"Happy Flower":26,"Dead Branch":0,"Oddly Smooth Stone":17,"Eternal Feather":8,"PreservedInsect":29,"Omamori":9,"Orichalcum":9,"Paper Crane":29,"Question Card":40,"Calling Bell":17,"SlaversCollar":34,"Anchor":40,"Ornamental Fan":11,"Shuriken":43,"Bronze Scales":11,"Black Star":34,"Membership Card":19,"Ring of the Serpent":34,"Meat on the Bone":28},{"TwistedFunnel":47,"Regal Pillow":10,"Lantern":40,"Gremlin Horn":28,"Singing Bowl":60,"Nilry\u0027s Codex":63,"Vajra":39,"Snake Skull":48,"Juzu Bracelet":12,"Smiling Mask":10,"Boot":46,"Empty Cage":49,"Blood Vial":46,"Nunchaku":14,"Dream Catcher":31,"Shovel":43,"DollysMirror":31,"Mummified Hand":32,"Ninja Scroll":43,"Toolbox":60,"Philosopher\u0027s Stone":9,"Tiny Chest":13,"Kunai":65,"InkBottle":25,"Ring of the Snake":0,"NeowsBlessing":0,"The Specimen":28,"Happy Flower":65,"Dead Branch":19,"Oddly Smooth Stone":28,"Eternal Feather":59,"PreservedInsect":33,"Omamori":25,"Orichalcum":7,"Paper Crane":68,"Question Card":72,"Calling Bell":28,"SlaversCollar":17,"Anchor":72,"Ornamental Fan":7,"Shuriken":73,"Bronze Scales":59,"Black Star":69,"Membership Card":50,"Ring of the Serpent":34,"Meat on the Bone":32},{"TwistedFunnel":194,"Regal Pillow":27,"Lantern":173,"Gremlin Horn":127,"Singing Bowl":247,"Nilry\u0027s Codex":265,"Vajra":171,"Snake Skull":195,"Juzu Bracelet":36,"Smiling Mask":27,"Boot":193,"Empty Cage":204,"Blood Vial":193,"Nunchaku":47,"Dream Catcher":141,"Shovel":188,"DollysMirror":141,"Mummified Hand":143,"Ninja Scroll":188,"Toolbox":247,"Philosopher\u0027s Stone":26,"Tiny Chest":41,"Kunai":276,"InkBottle":109,"Ring of the Snake":0,"NeowsBlessing":0,"The Specimen":127,"Happy Flower":276,"Dead Branch":83,"Oddly Smooth Stone":127,"Eternal Feather":243,"PreservedInsect":146,"Omamori":109,"Orichalcum":15,"Paper Crane":294,"Question Card":326,"Calling Bell":127,"SlaversCollar":67,"Anchor":326,"Ornamental Fan":15,"Shuriken":332,"Bronze Scales":243,"Black Star":303,"Membership Card":205,"Ring of the Serpent":154,"Meat on the Bone":143}],"Ring of the Snake":[50]},"card_choices":[{"not_picked":["Tactician","Deadly Poison"],"picked":"Dagger Throw","floor":1.0},{"not_picked":["Slice","Dodge and Roll"],"picked":"Accuracy","floor":2.0},{"not_picked":["Deadly Poison","Acrobatics"],"picked":"Outmaneuver","floor":3.0},{"not_picked":["Poisoned Stab","Underhanded Strike"],"picked":"Sucker Punch","floor":4.0},{"not_picked":["Concentrate","Wraith Form v2"],"picked":"Dodge and Roll","floor":6.0},{"not_picked":["Cloak And Dagger","Deadly Poison"],"picked":"Distraction","floor":8.0},{"not_picked":["Dagger Throw","Concentrate"],"picked":"Sucker Punch","floor":11.0},{"not_picked":["Venomology","A Thousand Cuts"],"picked":"After Image","floor":16.0},{"not_picked":["Quick Slash","Slice"],"picked":"Backstab","floor":18.0},{"not_picked":["Dodge and Roll","PiercingWail"],"picked":"Endless Agony+1","floor":19.0},{"not_picked":["Quick Slash","Distraction"],"picked":"Footwork","floor":22.0},{"not_picked":["Sucker Punch","Flying Knee","Cloak And Dagger"],"picked":"Singing Bowl","floor":25.0},{"not_picked":["Choke","Dagger Spray","Envenom"],"picked":"Singing Bowl","floor":27.0},{"not_picked":["Acrobatics","Backflip","Flying Knee"],"picked":"Singing Bowl","floor":28.0},{"not_picked":["Footwork","Blur","Distraction+1"],"picked":"Singing Bowl","floor":29.0},{"not_picked":["Wraith Form v2","Malaise","Die Die Die"],"picked":"Singing Bowl","floor":33.0},{"not_picked":["Deadly Poison","Dagger Throw+1","Blur+1"],"picked":"Singing Bowl","floor":35.0},{"not_picked":["PiercingWail+1","Dagger Spray+1","Underhanded Strike"],"picked":"Singing Bowl","floor":36.0},{"not_picked":["Outmaneuver+1","Reflex+1","Quick Slash"],"picked":"Singing Bowl","floor":40.0},{"not_picked":["Flying Knee","Slice","Deflect","Masterful Stab"],"picked":"Singing Bowl","floor":42.0},{"not_picked":["Deflect+1","All Out Attack","Noxious Fumes","Bouncing Flask+1"],"picked":"Singing Bowl","floor":45},{"not_picked":["Madness","Enlightenment","PanicButton","Panacea"],"picked":"Singing Bowl","floor":46},{"not_picked":["Concentrate","PiercingWail","Predator+1","Dagger Spray"],"picked":"Singing Bowl","floor":47},{"not_picked":["Night Terror","Backflip","Dagger Spray+1","Outmaneuver+1"],"picked":"Singing Bowl","floor":48}],"player_experience":396725,"relics_obtained":[{"floor":6.0,"key":"Ninja Scroll"},{"floor":8.0,"key":"Eternal Feather"},{"floor":9.0,"key":"Vajra"},{"floor":20.0,"key":"Nilry\u0027s Codex"},{"floor":25.0,"key":"Kunai"},{"floor":26.0,"key":"Happy Flower"},{"floor":29.0,"key":"Paper Crane"},{"floor":40.0,"key":"Question Card"},{"floor":40.0,"key":"Anchor"},{"floor":43.0,"key":"Shuriken"},{"floor":45,"key":"Omamori"},{"floor":45,"key":"Mummified Hand"},{"floor":47,"key":"Gremlin Horn"},{"floor":47,"key":"Orichalcum"}],"event_choices":[{"damage_healed":17.0,"max_hp_gain":0.0,"max_hp_loss":0.0,"gold_gain":0.0,"event_name":"The Cleric","player_choice":"Healed","floor":5.0,"gold_loss":35.0,"damage_taken":0.0},{"damage_healed":0.0,"max_hp_gain":0.0,"max_hp_loss":0.0,"gold_gain":0.0,"event_name":"Dead Adventurer","player_choice":"Searched \u00273\u0027 times","floor":11.0,"gold_loss":0.0,"damage_taken":0.0,"relics_obtained":["Bronze Scales"]},{"damage_healed":0.0,"max_hp_gain":0.0,"max_hp_loss":0.0,"gold_gain":0.0,"event_name":"Living Wall","player_choice":"Grow","floor":12.0,"gold_loss":0.0,"damage_taken":0.0,"cards_upgraded":["Blade Dance"]},{"damage_healed":0.0,"max_hp_gain":0.0,"max_hp_loss":0.0,"gold_gain":0.0,"event_name":"Scrap Ooze","player_choice":"Success","floor":13.0,"gold_loss":0.0,"damage_taken":12.0,"relics_obtained":["Singing Bowl"]},{"damage_healed":0.0,"max_hp_gain":0.0,"max_hp_loss":0.0,"gold_gain":0.0,"event_name":"Cursed Tome","player_choice":"Obtained Book","floor":20.0,"gold_loss":0.0,"damage_taken":16.0},{"damage_healed":0.0,"max_hp_gain":0.0,"max_hp_loss":0.0,"gold_gain":0.0,"event_name":"Drug Dealer","player_choice":"Obtain J.A.X.","floor":21.0,"gold_loss":0.0,"damage_taken":0.0,"cards_obtained":["J.A.X."]},{"damage_healed":23.0,"max_hp_gain":0.0,"max_hp_loss":0.0,"gold_gain":0.0,"event_name":"The Library","player_choice":"Heal","floor":24.0,"gold_loss":0.0,"damage_taken":0.0},{"cards_removed":["Strike_G"],"damage_healed":0.0,"max_hp_gain":0.0,"max_hp_loss":0.0,"gold_gain":0.0,"event_name":"Bonfire Elementals","player_choice":"Offered Basic","floor":30.0,"gold_loss":0.0,"damage_taken":0.0},{"cards_removed":["Strike_G"],"damage_healed":0.0,"max_hp_gain":0.0,"max_hp_loss":0.0,"gold_gain":0.0,"event_name":"Falling","player_choice":"Removed Attack","floor":37.0,"gold_loss":0.0,"damage_taken":0.0},{"damage_healed":0.0,"max_hp_gain":0.0,"max_hp_loss":0.0,"gold_gain":0.0,"event_name":"Tomb of Lord Red Mask","player_choice":"Ignored","floor":38.0,"gold_loss":0.0,"damage_taken":0.0},{"damage_healed":22.0,"max_hp_gain":0.0,"max_hp_loss":0.0,"gold_gain":0.0,"event_name":"Winding Halls","player_choice":"Writhe","floor":44.0,"gold_loss":0.0,"damage_taken":0.0,"cards_obtained":["Writhe"]},{"damage_healed":0,"gold_gain":0,"player_choice":"Memory 1","damage_taken":0,"max_hp_gain":0,"max_hp_loss":0,"event_name":"SensoryStone","floor":46,"gold_loss":0}],"is_beta":false,"boss_relics":[{"not_picked":["Fusion Hammer","Empty Cage"],"picked":"SlaversCollar"},{"not_picked":["Runic Dome","Runic Pyramid"],"picked":"Black Star"}],"items_purged_floors":[],"is_endless":false,"potions_floor_spawned":[4,6,8,11,27,28,35,40,42],"ascension_level":11}}