{"host":"kxz5izodaorfb9am","time":1612465545,"event":{"mods":["BaseMod","GifTheSpireLib","Minty Spire (QoL Compilation)","Shop Mod","StSLib"],"gold_per_floor":[110,110,130,55,75,410,410,438,509,509,519,529,529,567,567,663,663,679,247,260,280,296,296,104,104,104,104,29,63,63,82,82,171,171,192,192,211,211,231,231,262,276,276,311,330,330,345,345,345,345,345,345,42,80,80],"floor_reached":56,"language":"ENG","playtime":6343,"items_purged":["Strike_G","Defend_G","Strike_G","Clumsy"],"score":2080,"play_id":"a48fbe27-030a-4397-b62b-df46a438e902","local_time":"20210204200545","is_ascension_mode":true,"campfire_choices":[{"data":"Tools of the Trade","floor":7.0,"key":"SMITH"},{"floor":10.0,"key":"REST"},{"data":"Blade Dance","floor":15.0,"key":"SMITH"},{"data":"Cloak And Dagger","floor":23.0,"key":"SMITH"},{"data":"Cloak And Dagger","floor":27.0,"key":"SMITH"},{"data":"Tactician","floor":32.0,"key":"SMITH"},{"floor":40,"key":"RECALL"},{"data":"Adrenaline","floor":46,"key":"SMITH"},{"floor":49,"key":"REST"},{"data":"Blade Dance","floor":52,"key":"SMITH"}],"circlet_count":0,"master_deck":["AscendersBane","Strike_G","Strike_G","Defend_G","Defend_G","Survivor","Neutralize","Blade Dance+1","Concentrate","Tools of the Trade+1","Prepared","Blade Dance","Crippling Poison","Cloak And Dagger+1","A Thousand Cuts+1","Blade Dance","Dagger Throw+1","Heel Hook","Cloak And Dagger+1","Calculated Gamble","Tactician+1","Reflex","Adrenaline+1","Blade Dance+1","Concentrate"],"relics":["Ring of the Snake","Dead Branch","Old Coin","Vajra","HornCleat","Golden Idol","Regal Pillow","HoveringKite","Pen Nib","Lantern","Ice Cream","Busted Crown","Unceasing Top","Nunchaku","Ginger","Snake Skull","Ornamental Fan"],"acts_visited":["Exordium","TheCity","TheBeyond","TheEnding"],"potions_floor_usage":[50,50,50,55],"damage_taken":[{"damage":3.0,"enemies":"2 Louse","floor":1.0,"turns":3.0},{"damage":0.0,"enemies":"Cultist","floor":3.0,"turns":3.0},{"damage":0.0,"enemies":"Small Slimes","floor":5.0,"turns":4.0},{"damage":8.0,"enemies":"Gremlin Nob","floor":6.0,"turns":3.0},{"damage":37.0,"enemies":"3 Sentries","floor":8.0,"turns":8.0},{"damage":0.0,"enemies":"Exordium Thugs","floor":11.0,"turns":1.0},{"damage":0.0,"enemies":"3 Louse","floor":12.0,"turns":2.0},{"damage":0.0,"enemies":"Lagavulin","floor":14.0,"turns":4.0},{"damage":10.0,"enemies":"The Guardian","floor":16.0,"turns":9.0},{"damage":4.0,"enemies":"Shell Parasite","floor":18.0,"turns":3.0},{"damage":0.0,"enemies":"3 Byrds","floor":20.0,"turns":3.0},{"damage":7.0,"enemies":"Shelled Parasite and Fungi","floor":21.0,"turns":5.0},{"damage":3.0,"enemies":"Sentry and Sphere","floor":22.0,"turns":3.0},{"damage":0.0,"enemies":"Gremlin Leader","floor":29.0,"turns":3.0},{"damage":4.0,"enemies":"Chosen and Byrds","floor":31.0,"turns":3.0},{"damage":24,"enemies":"Automaton","floor":33,"turns":5},{"damage":0,"enemies":"3 Shapes","floor":35,"turns":3},{"damage":0,"enemies":"Orb Walker","floor":37,"turns":1},{"damage":4,"enemies":"3 Darklings","floor":39,"turns":3},{"damage":0,"enemies":"Mind Bloom Boss Battle","floor":41,"turns":1},{"damage":0,"enemies":"Sphere and 2 Shapes","floor":42,"turns":1},{"damage":0,"enemies":"Giant Head","floor":44,"turns":3},{"damage":4,"enemies":"Writhing Mass","floor":45,"turns":2},{"damage":0,"enemies":"Maw","floor":47,"turns":1},{"damage":32,"enemies":"Awakened One","floor":50,"turns":6},{"damage":0,"enemies":"Shield and Spear","floor":54,"turns":3},{"damage":34,"enemies":"The Heart","floor":55,"turns":4}],"seed_played":"-3143712216480266029","potions_obtained":[{"floor":8.0,"key":"DistilledChaos"},{"floor":12.0,"key":"BlessingOfTheForge"},{"floor":20.0,"key":"Ancient Potion"},{"floor":21.0,"key":"Energy Potion"},{"floor":37,"key":"Block Potion"},{"floor":42,"key":"EntropicBrew"}],"is_trial":false,"path_per_floor":["M","?","M","$","M","E","R","E","T","R","M","M","?","E","R","B",null,"M","$","M","M","M","R","$","?","T","R","?","E","?","M","R","B",null,"M","?","M","?","M","R","?","M","T","E","M","R","M","?","R","B",null,"R","$","E","B",null],"character_chosen":"THE_SILENT","items_purchased":["Pen Nib","Lantern","Blade Dance","Calculated Gamble","Snake Skull"],"campfire_rested":2,"item_purchase_floors":[19,19,19,24,53],"current_hp_per_floor":[56,56,56,56,56,48,48,11,11,30,30,30,30,30,30,20,50,46,46,46,39,36,36,36,36,36,36,36,36,36,32,32,8,47,47,47,47,47,43,43,43,43,43,43,39,39,39,39,60,33,53,53,53,53,19],"gold":80,"neow_bonus":"ONE_RARE_RELIC","is_daily":false,"chose_seed":false,"campfire_upgraded":7,"win_rate":0.0,"timestamp":1612465545,"path_taken":["M","?","M","$","M","E","R","E","T","R","?","M","?","E","R","BOSS","M","$","M","M","M","R","$","?","T","R","?","E","?","?","R","BOSS","M","?","M","?","?","R","?","M","T","E","M","R","M","?","R","BOSS","R","$","E","BOSS"],"items_purchased_type":["Relic","Relic","Card","Card","Relic"],"build_version":"2020-12-22","purchased_purges":4,"victory":true,"max_hp_per_floor":[66,66,66,66,66,66,66,66,66,66,66,66,60,60,60,60,60,60,60,60,60,60,60,60,60,60,60,60,60,60,60,60,60,60,60,60,60,60,60,60,60,60,60,60,60,60,60,60,60,60,60,60,60,60,60],"card_choices":[{"not_picked":["Concentrate","Outmaneuver"],"picked":"Blade Dance","floor":1.0},{"not_picked":["Underhanded Strike","Deflect"],"picked":"Tools of the Trade","floor":3.0},{"not_picked":["Choke","Quick Slash"],"picked":"Endless Agony","floor":5.0},{"not_picked":["Dodge and Roll","Poisoned Stab"],"picked":"Prepared","floor":6.0},{"not_picked":["Sucker Punch","Predator"],"picked":"Blade Dance","floor":8.0},{"not_picked":["Dagger Throw","Setup"],"picked":"Crippling Poison","floor":11.0},{"not_picked":["Sucker Punch","Dagger Throw"],"picked":"Cloak And Dagger","floor":12.0},{"not_picked":["Sucker Punch","Quick Slash","Catalyst"],"picked":"SKIP","floor":14.0},{"not_picked":["Tools of the Trade","Burst"],"picked":"A Thousand Cuts","floor":16.0},{"not_picked":["Masterful Stab","Choke","Bane"],"picked":"SKIP","floor":18.0},{"not_picked":["Slice","Expertise"],"picked":"Dagger Throw+1","floor":20.0},{"not_picked":["Prepared","Quick Slash"],"picked":"Heel Hook","floor":21.0},{"not_picked":["Underhanded Strike","Unload"],"picked":"Cloak And Dagger","floor":22.0},{"not_picked":["Masterful Stab","Poisoned Stab"],"picked":"Reflex","floor":29.0},{"not_picked":["Underhanded Strike","Prepared","Predator"],"picked":"SKIP","floor":31.0},{"not_picked":["Underhanded Strike","Prepared","Predator"],"picked":"SKIP","floor":31.0},{"not_picked":["Tools of the Trade","Doppelganger"],"picked":"Adrenaline","floor":33},{"not_picked":[],"picked":"Blade Dance","floor":35},{"not_picked":["Cloak And Dagger"],"picked":"SKIP","floor":37},{"not_picked":["PiercingWail"],"picked":"SKIP","floor":39},{"not_picked":["Infinite Blades+1"],"picked":"SKIP","floor":42},{"not_picked":[],"picked":"Concentrate","floor":44},{"not_picked":["Catalyst"],"picked":"SKIP","floor":45},{"not_picked":["Bane"],"picked":"SKIP","floor":47},{"not_picked":["Masterful Stab"],"picked":"SKIP","floor":54}],"player_experience":272765,"relics_obtained":[{"floor":6.0,"key":"Old Coin"},{"floor":8.0,"key":"Vajra"},{"floor":9.0,"key":"HornCleat"},{"floor":14.0,"key":"Regal Pillow"},{"floor":29.0,"key":"Ice Cream"},{"floor":41,"key":"Unceasing Top"},{"floor":43,"key":"Nunchaku"},{"floor":44,"key":"Ginger"},{"floor":54,"key":"Ornamental Fan"}],"event_choices":[{"damage_healed":0.0,"max_hp_gain":0.0,"max_hp_loss":0.0,"gold_gain":0.0,"cards_transformed":["Strike_G"],"event_name":"Transmorgrifier","player_choice":"Transformed","floor":2.0,"gold_loss":0.0,"damage_taken":0.0,"cards_obtained":["Concentrate"]},{"damage_healed":0.0,"max_hp_gain":0.0,"max_hp_loss":6.0,"gold_gain":0.0,"event_name":"Golden Idol","player_choice":"Lose Max HP","floor":13.0,"gold_loss":0.0,"damage_taken":0.0,"relics_obtained":["Golden Idol"]},{"damage_healed":0.0,"max_hp_gain":0.0,"max_hp_loss":0.0,"gold_gain":0.0,"event_name":"The Library","player_choice":"Read","floor":25.0,"gold_loss":0.0,"damage_taken":0.0,"cards_obtained":["Tactician"]},{"cards_removed":["Defend_G"],"damage_healed":0.0,"max_hp_gain":0.0,"max_hp_loss":0.0,"gold_gain":0.0,"event_name":"Beggar","player_choice":"Gave Gold","floor":28.0,"gold_loss":75.0,"damage_taken":0.0},{"damage_healed":0.0,"max_hp_gain":0.0,"max_hp_loss":0.0,"gold_gain":0.0,"event_name":"Accursed Blacksmith","player_choice":"Forge","floor":30.0,"gold_loss":0.0,"damage_taken":0.0,"cards_upgraded":["A Thousand Cuts"]},{"cards_removed":["Endless Agony"],"damage_healed":0,"gold_gain":0,"player_choice":"Removed Attack","damage_taken":0,"max_hp_gain":0,"max_hp_loss":0,"event_name":"Falling","floor":36,"gold_loss":0},{"damage_healed":0,"gold_gain":0,"player_choice":"Memory 1","damage_taken":0,"max_hp_gain":0,"max_hp_loss":0,"event_name":"SensoryStone","floor":38,"gold_loss":0},{"damage_healed":0,"gold_gain":0,"player_choice":"Fight","damage_taken":0,"max_hp_gain":0,"max_hp_loss":0,"event_name":"MindBloom","floor":41,"gold_loss":0},{"cards_removed":["Defend_G"],"damage_healed":0,"gold_gain":0,"player_choice":"Offered Basic","damage_taken":0,"max_hp_gain":0,"max_hp_loss":0,"event_name":"Bonfire Elementals","floor":48,"gold_loss":0}],"is_beta":false,"boss_relics":[{"not_picked":["Tiny House","WristBlade"],"picked":"HoveringKite"},{"not_picked":["Empty Cage","Velvet Choker"],"picked":"Busted Crown"}],"items_purged_floors":[4,19,24,53],"is_endless":false,"potions_floor_spawned":[8,12,16,20,21,37,42,45],"ascension_level":15}}