{"host":"f5gffvlv6a66yqkd","time":1612457505,"event":{"mods":["2.2 Compatiblity","BaseMod","Colored Map","Custom Start","DeckTracker","Keyboard Shortcuts","Minty Spire (QoL Compilation)","Permanent Neow","Quick Restart","Relic Stats","StSLib","SuperFastMode"],"gold_per_floor":[113,113,132,149,19,19,52,52,52,52,67,129,40,56,56,133,133,150,50,63,74,88,88,100,112,138,138,138],"floor_reached":27,"language":"KOR","playtime":895,"items_purged":["Strike_P","Strike_P"],"score":534,"play_id":"cee35605-a99c-43e6-a115-bfa9f571ed07","local_time":"20210205015145","is_ascension_mode":true,"campfire_choices":[{"data":"Eruption","floor":6.0,"key":"SMITH"},{"floor":8.0,"key":"REST"},{"data":"EmptyFist","floor":10.0,"key":"SMITH"},{"data":"MentalFortress","floor":15.0,"key":"SMITH"},{"data":"CutThroughFate","floor":23.0,"key":"SMITH"}],"circlet_count":0,"master_deck":["AscendersBane","Strike_P+1","Strike_P+1","Defend_P","Defend_P","Defend_P","Defend_P+1","Eruption+1","Vigilance+1","Discovery+1","InnerPeace","Consecrate+1","LessonLearned","EmptyFist+1","CutThroughFate+1","PathToVictory+1","MentalFortress+1","DeusExMachina","Halt+1"],"relics":["PureWater","CloakClasp","TungstenRod","MealTicket","Busted Crown","Strawberry"],"acts_visited":["Exordium","TheCity"],"potions_floor_usage":[27],"damage_taken":[{"damage":2.0,"enemies":"2 Louse","floor":1.0,"turns":2.0},{"damage":2.0,"enemies":"Cultist","floor":3.0,"turns":3.0},{"damage":0.0,"enemies":"Small Slimes","floor":4.0,"turns":2.0},{"damage":40.0,"enemies":"3 Sentries","floor":7.0,"turns":5.0},{"damage":0.0,"enemies":"3 Louse","floor":11.0,"turns":2.0},{"damage":4.0,"enemies":"Gremlin Nob","floor":12.0,"turns":3.0},{"damage":0.0,"enemies":"Exordium Wildlife","floor":14.0,"turns":2.0},{"damage":0.0,"enemies":"The Guardian","floor":16.0,"turns":12.0},{"damage":0.0,"enemies":"2 Thieves","floor":18.0,"turns":3.0},{"damage":6.0,"enemies":"Spheric Guardian","floor":20.0,"turns":6.0},{"damage":9.0,"enemies":"Snake Plant","floor":21.0,"turns":2.0},{"damage":0.0,"enemies":"Centurion and Healer","floor":22.0,"turns":6.0},{"damage":21,"enemies":"Shelled Parasite and Fungi","floor":24,"turns":5},{"damage":18,"enemies":"Chosen and Byrds","floor":25,"turns":6},{"damage":23,"enemies":"Cultist and Chosen","floor":27,"turns":5}],"seed_played":"2938119313653911416","potions_obtained":[{"floor":4.0,"key":"SpeedPotion"},{"floor":7.0,"key":"SpeedPotion"},{"floor":11.0,"key":"Dexterity Potion"},{"floor":18.0,"key":"Fire Potion"},{"floor":25,"key":"DuplicationPotion"}],"is_trial":false,"path_per_floor":["M","?","M","M","$","R","E","R","T","R","M","?","$","M","R","B",null,"M","$","M","M","M","R","M","M","T","M"],"character_chosen":"WATCHER","items_purchased":["CutThroughFate","MentalFortress"],"campfire_rested":1,"item_purchase_floors":[5,13],"current_hp_per_floor":[59,59,57,57,57,57,17,37,37,37,37,33,48,48,48,48,63,63,68,62,53,53,53,32,14,21,0,0],"gold":138,"neow_bonus":"RANDOM_COLORLESS","is_daily":false,"chose_seed":false,"campfire_upgraded":4,"win_rate":0.0,"timestamp":1612457505,"path_taken":["M","?","?","M","?","R","E","R","T","R","M","?","$","M","R","BOSS","M","$","M","M","M","R","M","M","T","M"],"items_purchased_type":["Card","Card"],"build_version":"2020-12-22","purchased_purges":2,"victory":false,"max_hp_per_floor":[68,68,68,68,68,68,68,68,68,68,68,68,68,68,68,68,68,68,68,68,68,68,68,68,68,75,75,75],"relic_stats":{"Busted Crown":12,"counters":[15,64],"MealTicket":20,"CloakClasp":[168],"obtain_stats":[{"Busted Crown":17,"Strawberry":26,"MealTicket":12,"CloakClasp":7,"PureWater":0,"TungstenRod":9},{"Busted Crown":8,"Strawberry":14,"MealTicket":6,"CloakClasp":4,"PureWater":0,"TungstenRod":4},{"Busted Crown":31,"Strawberry":59,"MealTicket":17,"CloakClasp":12,"PureWater":0,"TungstenRod":12}],"TungstenRod":12},"card_choices":[{"not_picked":["Dramatic Entrance","Jack Of All Trades"],"picked":"Discovery","floor":0.0},{"not_picked":["CutThroughFate","BowlingBash"],"picked":"InnerPeace","floor":1.0},{"not_picked":["BowlingBash","Weave"],"picked":"EmptyFist","floor":3.0},{"not_picked":["PathToVictory","Crescendo","FlyingSleeves"],"picked":"SKIP","floor":4.0},{"not_picked":["FollowUp","CrushJoints","FlurryOfBlows"],"picked":"SKIP","floor":7.0},{"not_picked":["BattleHymn","FlyingSleeves","EmptyFist"],"picked":"SKIP","floor":11.0},{"not_picked":["LessonLearned","Pray"],"picked":"PathToVictory","floor":12.0},{"not_picked":["BowlingBash","FlyingSleeves","EmptyFist"],"picked":"SKIP","floor":14.0},{"not_picked":["MasterReality","Devotion"],"picked":"DeusExMachina","floor":16.0},{"not_picked":["Halt+1"],"picked":"SKIP","floor":18.0},{"not_picked":[],"picked":"Halt+1","floor":18.0},{"not_picked":["InnerPeace"],"picked":"SKIP","floor":20.0},{"not_picked":["Conclude+1"],"picked":"SKIP","floor":21.0},{"not_picked":["Consecrate"],"picked":"SKIP","floor":22.0},{"not_picked":["ThirdEye"],"picked":"SKIP","floor":24},{"not_picked":["ForeignInfluence"],"picked":"SKIP","floor":25}],"player_experience":1645556,"relics_obtained":[{"floor":7.0,"key":"CloakClasp"},{"floor":9.0,"key":"TungstenRod"},{"floor":12.0,"key":"MealTicket"},{"floor":26,"key":"Strawberry"}],"event_choices":[{"damage_healed":0.0,"max_hp_gain":0.0,"max_hp_loss":0.0,"gold_gain":0.0,"event_name":"Match and Keep!","player_choice":"2 cards matched","floor":2.0,"gold_loss":0.0,"damage_taken":0.0,"cards_obtained":["Consecrate","LessonLearned"]},{"damage_healed":0.0,"max_hp_gain":0.0,"max_hp_loss":0.0,"gold_gain":0.0,"event_name":"Dead Adventurer","player_choice":"Searched \u00271\u0027 times","floor":12.0,"gold_loss":0.0,"damage_taken":0.0}],"is_beta":false,"boss_relics":[{"not_picked":["Velvet Choker","Snecko Eye"],"picked":"Busted Crown"}],"items_purged_floors":[5,19],"is_endless":false,"potions_floor_spawned":[4,7,11,18,25],"killed_by":"Cultist and Chosen","ascension_level":20}}