{"host":"za9ilm1uiwmpmin1","time":1612438545,"event":{"mods":["AchievementEnabler","Act Like it!","Arknights","BaseMod","Dota2Spire","Downfall","Friendly Minions","Lobotomy","LobotomyExtend","Minty Spire (QoL Compilation)","MostiFishMod","Reorder Act Four","RumiaBox-露米娅的神秘盒子","StSLib","TestMod","Waifu the Spire","[IsaacMod]以撒尖塔","【功能Mod】混沌之环修复补丁"],"gold_per_floor":[117,129,139,153,153,188,113,163,163,197,197,211,245,245,245,322,322,332,345,422,347,358,386,400,430,430,457,457,457,489,389,389,465,465,480,499,899,915,930,962,962,995,995,1041,1076,1076,1094,1130,1130,1164,1164,1164,650,650,677,680],"floor_reached":57,"language":"ZHS","playtime":3054,"items_purged":["ats:Strike G","ats:Defend","ats:Defend","ats:Defend","ats:Armor Crushing Shot"],"score":3005,"play_id":"cece5010-d3fe-4d55-b1b2-8c512aee667e","local_time":"20210204193545","is_ascension_mode":true,"campfire_choices":[{"data":"ats:Soul Absorption","floor":11,"key":"SMITH"},{"data":"ats:Strike C","floor":15,"key":"PURGE"},{"floor":29,"key":"RECALL"},{"data":"ats:Calcification","floor":32,"key":"SMITH"},{"data":"ats:Mental Burst","floor":41,"key":"SMITH"},{"data":"ats:Emotion Absorption","floor":49,"key":"SMITH"},{"data":"ats:Defend","floor":54,"key":"SMITH"}],"circlet_count":0,"master_deck":["AscendersBane","ats:Defend+1","ats:Emotion Absorption+1","ats:Calcification+1","ats:Soul Absorption+1","ats:Hook Shot+1","ats:Red Shift+1","ats:Mental Burst+1"],"relics":["HushsDoor","testmod-TestBox","testmod-IntensifyImprint","BookofShadows","ShadowXiaoBlade","ExusiaiGun","SynthV:TestCard","LetterFromLob","ats:Originium","ats:Berate","Dota2Spire:LinkenSphere","PreservedInsect","Dota2Spire:ArmletOfMordiggian","Lantern","Peace Pipe","testmod-HarvestTotem","MoneyPower","Darkstone Periapt","Strawberry","Dota2Spire:BladeMail","testmod-CardMagician","testmod-Acrobat","InkBottle","Toy Ornithopter","testmod-HeartOfStrike","hexamod:BolsterEngine","Dota2Spire:HandOfMidas","Dota2Spire:MagicBottle","Shuriken","Bottled Flame"],"acts_visited":["Exordium","TheCity","TheBeyond","TheEnding"],"potions_floor_usage":[1,56,56,56],"damage_taken":[{"damage":0,"enemies":"2 Louse","floor":1,"turns":1},{"damage":0,"enemies":"Cultist","floor":2,"turns":1},{"damage":0,"enemies":"Small Slimes","floor":3,"turns":1},{"damage":7,"enemies":"3 Louse","floor":4,"turns":2},{"damage":0,"enemies":"Gremlin Nob","floor":6,"turns":1},{"damage":0,"enemies":"Hiden Room Battle","floor":8,"turns":1},{"damage":0,"enemies":"Lagavulin","floor":10,"turns":2},{"damage":0,"enemies":"Red Slaver","floor":12,"turns":1},{"damage":0,"enemies":"Gremlin Nob","floor":13,"turns":2},{"damage":0,"enemies":"The Guardian","floor":16,"turns":1},{"damage":0,"enemies":"Spheric Guardian","floor":18,"turns":2},{"damage":0,"enemies":"Shell Parasite","floor":19,"turns":2},{"damage":0,"enemies":"Centurion and Healer","floor":22,"turns":1},{"damage":0,"enemies":"Slavers","floor":23,"turns":1},{"damage":3,"enemies":"Shelled Parasite and Fungi","floor":24,"turns":2},{"damage":0,"enemies":"Gremlin Leader","floor":25,"turns":1},{"damage":0,"enemies":"Book of Stabbing","floor":27,"turns":1},{"damage":7,"enemies":"Slavers","floor":30,"turns":2},{"damage":0,"enemies":"Automaton","floor":33,"turns":1},{"damage":0,"enemies":"Orb Walker","floor":35,"turns":1},{"damage":0,"enemies":"3 Darklings","floor":36,"turns":2},{"damage":0,"enemies":"Sphere and 2 Shapes","floor":38,"turns":2},{"damage":0,"enemies":"Jaw Worm Horde","floor":39,"turns":1},{"damage":0,"enemies":"Giant Head","floor":40,"turns":1},{"damage":0,"enemies":"Reptomancer","floor":42,"turns":1},{"damage":0,"enemies":"2 Orb Walkers","floor":44,"turns":1},{"damage":0,"enemies":"Giant Head","floor":45,"turns":1},{"damage":0,"enemies":"Writhing Mass","floor":47,"turns":1},{"damage":0,"enemies":"Reptomancer","floor":48,"turns":1},{"damage":0,"enemies":"Donu and Deca","floor":50,"turns":2},{"damage":0,"enemies":"Shield and Spear","floor":55,"turns":1},{"damage":0,"enemies":"The Heart","floor":56,"turns":1}],"seed_played":"-2531722112631274208","potions_obtained":[{"floor":1,"key":"Fruit Juice"},{"floor":3,"key":"SpeedPotion"},{"floor":4,"key":"CultistPotion"},{"floor":16,"key":"DuplicationPotion"},{"floor":30,"key":"EntropicBrew"}],"is_trial":false,"path_per_floor":["M","M","M","M","M","E","$","?","T","E","R","M","E","?","R","B",null,"M","M","T","?","M","E","M","E","T","E","?","R","E","$","R","B",null,"M","M","?","M","M","E","R","E","T","?","E","?","M","E","R","B",null,null,"$","R","E","B",null],"character_chosen":"DOCTOR_CLASS","items_purchased":["Dota2Spire:MagicBottle","Shuriken"],"campfire_rested":0,"item_purchase_floors":[53,53],"current_hp_per_floor":[70,70,70,63,63,63,63,63,63,63,63,63,63,56,56,56,149,149,149,149,149,149,149,146,146,146,163,163,163,156,156,156,156,156,156,156,156,156,156,156,156,156,156,156,156,156,156,156,156,156,156,156,156,156,156,156],"gold":680,"neow_bonus":"BOSS_RELIC","is_daily":false,"chose_seed":false,"campfire_upgraded":5,"win_rate":0.0,"timestamp":1612438545,"path_taken":["M","M","M","M","M","E","$","?","T","E","R","M","E","?","R","BOSS","M","M","?","?","M","E","M","E","T","E","?","R","E","$","R","BOSS","M","M","?","M","M","E","R","E","T","?","E","?","M","E","R","BOSS","$","R","E","BOSS"],"items_purchased_type":["Relic","Relic"],"build_version":"2020-12-22","purchased_purges":5,"victory":true,"max_hp_per_floor":[77,77,77,77,77,77,77,77,77,77,77,77,77,77,77,77,149,149,149,149,149,149,149,149,149,149,163,163,163,163,163,163,163,156,156,156,156,156,156,156,156,156,156,156,156,156,156,156,156,156,156,156,156,156,156,156],"card_choices":[{"not_picked":["ats:Blood Oath","ats:Powerful Strike","ats:Absolute Focus"],"picked":"SKIP","floor":1},{"not_picked":["ats:Flexible Camouflage","ats:Neurotoxin","ats:Leaping Hammer","ats:Poison Spread"],"picked":"ats:Calcification","floor":2},{"not_picked":["ats:Serious Mode","ats:Assault Order","ats:Blood Oath","ats:Powerful Strike"],"picked":"Bomb","floor":3},{"not_picked":["ats:Guard Mode","ats:Cat Scratch","ats:Charging Defense","ats:Assault Order"],"picked":"ats:Soul Absorption","floor":4},{"not_picked":["ats:Literary Storm","ats:Phantom","ats:Soul Absorption","ats:Assault Order"],"picked":"ats:Hook Shot","floor":6},{"not_picked":["ats:Poison Spread","ats:Calcification","ats:Hammer On","ats:Absolute Focus"],"picked":"ats:Red Shift","floor":8},{"not_picked":["ats:Curse Doll","ats:Thermite Blade","ats:Absolute Focus","ats:Consecutive Shot Auto","ats:Powerful Strike"],"picked":"SKIP","floor":10},{"not_picked":["ats:Sunburst","ats:Collapsing Strike","ats:Leaping Hammer","ats:Explosion Area Strengthen"],"picked":"Bomb","floor":12},{"not_picked":["ats:Beaten Up","ats:Powerful Strike","ats:Revitalization","ats:Very Hot Blade","ats:Explosion Area Strengthen"],"picked":"SKIP","floor":13},{"not_picked":["ats:Assault Order","ats:Curse Doll","ats:Serious Mode","ats:Flexible Camouflage","ats:Explosion Area Strengthen"],"picked":"SKIP","floor":18},{"not_picked":["ats:Support Order","ats:Shadow Raid","ats:Assault Order","ats:Powerful Strike+1"],"picked":"ats:Mental Burst","floor":19},{"not_picked":["ats:Charging Defense","ats:Burning Ground","ats:Very Hot Blade","ats:Revitalization","ats:Closed Bolt Burst Fire"],"picked":"SKIP","floor":22},{"not_picked":["ats:Explosion Area Strengthen","ats:Poison Spread+1","ats:Roar Of Ursus","ats:Ignite","ats:Sunburst+1"],"picked":"SKIP","floor":23},{"not_picked":["ats:Composite Medical Shells","ats:Healing Drone","ats:Demon Strength","ats:Explosion Area Strengthen+1","ats:Very Hot Blade"],"picked":"SKIP","floor":24},{"not_picked":["ats:Rapid Magazine","ats:Phantom","ats:Defend Order","ats:Apocalypse","ats:Neurotoxin+1"],"picked":"SKIP","floor":25},{"not_picked":["ats:Rat Pack","ats:LN2 Cannon","ats:Powerful Strike","ats:Shell Defense","ats:Durian"],"picked":"SKIP","floor":27},{"not_picked":["ats:Curse Doll","ats:Revitalization","ats:Spore Proliferation+1","ats:Defend Order","ats:Closed Bolt Burst Fire"],"picked":"SKIP","floor":30},{"not_picked":["ats:Poison Spread","ats:Ignite","ats:Defend Order","ats:Blood Oath","ats:Cat Scratch"],"picked":"SKIP","floor":35},{"not_picked":["ats:Guard Mode+1","ats:Flame Of Heaven","ats:Poison Spread","ats:Curse Doll","ats:Calcification"],"picked":"SKIP","floor":36},{"not_picked":["ats:Thermite Blade+1","ats:Cat Scratch+1","ats:Consecutive Shot Auto","ats:Flexible Camouflage","ats:Shell Defense"],"picked":"SKIP","floor":38},{"not_picked":["ats:Thermite Blade+1","ats:Cat Scratch+1","ats:Consecutive Shot Auto","ats:Flexible Camouflage","ats:Shell Defense"],"picked":"SKIP","floor":38},{"not_picked":["ats:Defend Order","ats:Flexible Camouflage","ats:Nebulous Foxfire","ats:Shell Defense+1","ats:Revitalization"],"picked":"SKIP","floor":39},{"not_picked":["ats:Steam Pump","ats:Hammer On","ats:Charging Defense","ats:Assault Order+1","ats:Shell Defense"],"picked":"SKIP","floor":40},{"not_picked":["ats:Rat Pack","ats:Thorns","ats:Closed Bolt Burst Fire+1","ats:Poison Spread+1","ats:LN2 Cannon"],"picked":"SKIP","floor":42},{"not_picked":["ats:Fractured Body","ats:Ignite","ats:Guard Mode","ats:Assault Order+1","ats:Leaping Hammer"],"picked":"SKIP","floor":45},{"not_picked":["ats:Very Hot Blade","ats:Apocalypse","ats:Leaping Hammer","ats:Charging Defense","ats:Assault Order"],"picked":"SKIP","floor":47},{"not_picked":["ats:Shell Defense","ats:Flexible Camouflage","ats:Curse Doll","ats:Ignite","ats:Directed Diagnosis+1"],"picked":"SKIP","floor":48},{"not_picked":["ats:Assault Order","ats:Guard Mode","ats:Apocalypse+1","ats:Powerful Strike","ats:Flame Of Heaven+1"],"picked":"SKIP","floor":55}],"player_experience":941854,"relics_obtained":[{"floor":1,"key":"SynthV:TestCard"},{"floor":1,"key":"LetterFromLob"},{"floor":6,"key":"ats:Originium"},{"floor":6,"key":"ats:Berate"},{"floor":8,"key":"Dota2Spire:LinkenSphere"},{"floor":8,"key":"PreservedInsect"},{"floor":9,"key":"Dota2Spire:ArmletOfMordiggian"},{"floor":10,"key":"ats:Originium"},{"floor":10,"key":"Lantern"},{"floor":13,"key":"ats:Originium"},{"floor":13,"key":"Peace Pipe"},{"floor":23,"key":"ats:Originium"},{"floor":25,"key":"MoneyPower"},{"floor":26,"key":"Darkstone Periapt"},{"floor":27,"key":"Strawberry"},{"floor":30,"key":"Dota2Spire:BladeMail"},{"floor":40,"key":"testmod-Acrobat"},{"floor":42,"key":"InkBottle"},{"floor":43,"key":"Toy Ornithopter"},{"floor":44,"key":"testmod-HeartOfStrike"},{"floor":45,"key":"hexamod:BolsterEngine"},{"floor":48,"key":"Dota2Spire:HandOfMidas"},{"floor":55,"key":"Bottled Flame"}],"event_choices":[{"damage_healed":0,"gold_gain":0,"player_choice":"Fight","damage_taken":0,"max_hp_gain":0,"max_hp_loss":0,"event_name":"HidenRoomEvent","floor":8,"gold_loss":0},{"cards_removed":["ats:Strike V"],"damage_healed":0,"gold_gain":0,"player_choice":"Card Removal","damage_taken":7,"max_hp_gain":0,"max_hp_loss":0,"event_name":"Golden Wing","floor":14,"gold_loss":0},{"cards_removed":["ats:Strike S"],"damage_healed":0,"gold_gain":0,"player_choice":"Gave Gold","damage_taken":0,"max_hp_gain":0,"max_hp_loss":0,"event_name":"Beggar","floor":21,"gold_loss":75},{"damage_healed":0,"gold_gain":400,"player_choice":"Sell","damage_taken":0,"max_hp_gain":0,"max_hp_loss":0,"event_name":"恩洛斯的盘子","floor":37,"relics_lost":["DaveBox"],"gold_loss":0},{"damage_healed":0,"gold_gain":0,"player_choice":"Fight","damage_taken":0,"max_hp_gain":0,"max_hp_loss":0,"event_name":"Mysterious Sphere","floor":44,"gold_loss":0},{"damage_healed":0,"gold_gain":0,"player_choice":"Swap Relic","damage_taken":0,"relics_obtained":["Technique"],"max_hp_gain":0,"max_hp_loss":0,"event_name":"给自己的盒子","floor":46,"relics_lost":["Technique"],"gold_loss":0}],"is_beta":false,"boss_relics":[{"not_picked":["EE1DDrone","Snecko Eye"],"picked":"testmod-HarvestTotem"},{"not_picked":[]},{"not_picked":["Runic Dome","testmod-TimeTraveler"],"picked":"testmod-CardMagician"},{"not_picked":[]}],"items_purged_floors":[7,17,31,34,53],"is_endless":false,"potions_floor_spawned":[1,3,4,16,23,25,27,30,33,36,42,44,47,55],"ascension_level":13}}