{"host":"ordk2y2ebcetabk6","time":1612419492,"event":{"mods":["AlwaysNeverKeys","BaseMod","Better Debug","Colored Map","Colored Powertips","Dark Map","Highlight Path","Minty Spire (QoL Compilation)","Morshu Shopkeeper","Permanent Neow","Rare Cards Sparkle","Spire Arcade","StSLib","The Adventurer"],"gold_per_floor":[117,117,154,195,195,195,231,277,277,277,328,378,397,471,471,501,501],"floor_reached":16,"language":"ENG","playtime":576,"items_purged":[],"score":114,"play_id":"e3468cdc-f2a7-4f2c-85f5-2ed013a447ee","local_time":"20210203231812","is_ascension_mode":false,"campfire_choices":[{"data":"adventurer:Lie","floor":6,"key":"SMITH"},{"data":"adventurer:TreasureChest","floor":10,"key":"SMITH"},{"data":"adventurer:SkeletonKey","floor":15,"key":"SMITH"}],"circlet_count":0,"master_deck":["adventurer:Strike","adventurer:Strike","adventurer:Strike","adventurer:Strike","adventurer:Defend","adventurer:Defend","adventurer:Defend","adventurer:Defend","adventurer:FlurryFire","adventurer:JourneyBegins+1","adventurer:TreasureChest+1","Pain","adventurer:Lie+1","adventurer:PartyPopper","adventurer:DualBullets","adventurer:ToDoList+1","adventurer:Indecision","adventurer:SkeletonKey+1","adventurer:SlayABeast+1","adventurer:SuperbShield"],"relics":["adventurer:TodoItem","WarpedTongs","Golden Idol","Frozen Egg 2","Bottled Tornado","Pantograph"],"acts_visited":["Exordium"],"potions_floor_usage":[1,16],"damage_taken":[{"damage":1,"enemies":"2 Louse","floor":1,"turns":3},{"damage":4,"enemies":"Cultist","floor":3,"turns":3},{"damage":3,"enemies":"Small Slimes","floor":4,"turns":3},{"damage":28,"enemies":"Gremlin Nob","floor":7,"turns":5},{"damage":3,"enemies":"2 Fungi Beasts","floor":8,"turns":3},{"damage":8,"enemies":"Blue Slaver","floor":11,"turns":5},{"damage":4,"enemies":"Lots of Slimes","floor":12,"turns":4},{"damage":3,"enemies":"3 Louse","floor":13,"turns":4},{"damage":15,"enemies":"3 Sentries","floor":14,"turns":9},{"damage":18,"enemies":"Hexaghost","floor":16,"turns":5}],"seed_played":"-2493464809484456549","potions_obtained":[{"floor":1,"key":"Fruit Juice"},{"floor":12,"key":"DuplicationPotion"},{"floor":13,"key":"ColorlessPotion"},{"floor":14,"key":"Strength Potion"}],"is_trial":false,"path_per_floor":["M","?","M","M","?","R","E","M","T","R","M","M","M","E","R","B"],"character_chosen":"THE_ADVENTURER","items_purchased":[],"campfire_rested":0,"item_purchase_floors":[],"current_hp_per_floor":[84,84,80,77,77,77,49,46,46,46,38,34,31,16,16,23,23],"gold":501,"neow_bonus":"UPGRADE_CARD","is_daily":false,"chose_seed":false,"campfire_upgraded":3,"win_rate":0.0,"timestamp":1612419492,"path_taken":["M","?","?","M","?","R","E","M","T","R","M","M","M","E","R","BOSS"],"items_purchased_type":[],"build_version":"2020-12-22","purchased_purges":0,"victory":false,"max_hp_per_floor":[85,85,85,85,79,79,79,79,79,79,79,79,79,79,79,79,79],"card_choices":[{"not_picked":["adventurer:ShootingStars","adventurer:PartyPopper"],"picked":"adventurer:TreasureChest","floor":1},{"not_picked":["adventurer:ToDoList","adventurer:Nah"],"picked":"adventurer:Lie","floor":3},{"not_picked":["adventurer:Nah","adventurer:ShootingStars"],"picked":"adventurer:PartyPopper","floor":4},{"not_picked":["adventurer:HeavyAmmo","adventurer:SkeletonKey"],"picked":"adventurer:DualBullets","floor":7},{"not_picked":["adventurer:CardboardBullets","adventurer:Stockpile"],"picked":"adventurer:ToDoList+1","floor":8},{"not_picked":["adventurer:Reprint","adventurer:DungeonEntrance"],"picked":"adventurer:Indecision","floor":11},{"not_picked":["adventurer:LoseSteam","adventurer:ManifestMeal"],"picked":"adventurer:SkeletonKey","floor":12},{"not_picked":["adventurer:ExplorersPack","adventurer:Sunhat"],"picked":"adventurer:SlayABeast+1","floor":13},{"not_picked":["adventurer:Stockpile","adventurer:FutureProofing"],"picked":"adventurer:SuperbShield","floor":14}],"player_experience":934984,"relics_obtained":[{"floor":7,"key":"Frozen Egg 2"},{"floor":9,"key":"Bottled Tornado"},{"floor":14,"key":"Pantograph"}],"event_choices":[{"damage_healed":0,"gold_gain":0,"player_choice":"Rummage","damage_taken":0,"relics_obtained":["WarpedTongs"],"max_hp_gain":0,"max_hp_loss":0,"event_name":"Accursed Blacksmith","floor":2,"gold_loss":0,"cards_obtained":["Pain"]},{"damage_healed":0,"gold_gain":0,"player_choice":"Lose Max HP","damage_taken":0,"relics_obtained":["Golden Idol"],"max_hp_gain":0,"max_hp_loss":6,"event_name":"Golden Idol","floor":5,"gold_loss":0}],"is_beta":false,"boss_relics":[],"items_purged_floors":[],"is_endless":false,"potions_floor_spawned":[1,12,13,14],"killed_by":"Hexaghost","ascension_level":0}}