{"host":"seujf6kmfn3ctpoe","time":1612438847,"event":{"mods":["Aspiration","BaseMod","Colored Map","Minty Spire (QoL Compilation)","Permanent Neow","Relic Sorter","Relic Stats","StSLib"],"gold_per_floor":[115,40,59,59,71,104,104,126,180,180,206,281,231,231,231,329,329,348,365,365,365,385,385,398,398,469,469,215,226,260,274,274,274,274],"floor_reached":33,"language":"ENG","playtime":1628,"items_purged":["Strike_G","Strike_G+1"],"score":287,"play_id":"409697b4-cdc7-4116-af4a-743ddc1e8a15","local_time":"20210204124047","is_ascension_mode":true,"campfire_choices":[{"data":"Envenom","floor":7,"key":"SMITH"},{"floor":10,"key":"REST"},{"data":"Neutralize","floor":15,"key":"SMITH"},{"data":"Blade Dance","floor":23,"key":"SMITH"},{"data":"Noxious Fumes","floor":25,"key":"SMITH"},{"data":"Acrobatics","floor":27,"key":"SMITH"},{"floor":32,"key":"REST"}],"circlet_count":0,"master_deck":["Strike_G+1","Defend_G+1","Defend_G+1","Defend_G+1","Defend_G+1","Defend_G+1","Survivor","Neutralize+1","Unload","Reflex","Dagger Spray","Envenom+1","Unload","Blade Dance+1","Deadly Poison+1","Dagger Throw+1","Deadly Poison+1","Acrobatics+1","Blade Dance+1","Noxious Fumes+1","Bane","Crippling Poison","Noxious Fumes","Deflect+1","Slice","Blur"],"relics":["Ring of the Snake","Bottled Tornado","Odd Mushroom","Smiling Mask","Prayer Wheel","HoveringKite","Eternal Feather","Ninja Scroll"],"acts_visited":["Exordium","TheCity"],"potions_floor_usage":[33,33],"damage_taken":[{"damage":0,"enemies":"Cultist","floor":1,"turns":3},{"damage":4,"enemies":"2 Louse","floor":3,"turns":2},{"damage":0,"enemies":"Small Slimes","floor":5,"turns":3},{"damage":29,"enemies":"3 Sentries","floor":6,"turns":8},{"damage":7,"enemies":"The Mushroom Lair","floor":8,"turns":4},{"damage":10,"enemies":"Gremlin Nob","floor":11,"turns":3},{"damage":20,"enemies":"Hexaghost","floor":16,"turns":10},{"damage":0,"enemies":"Chosen","floor":18,"turns":4},{"damage":22,"enemies":"2 Thieves","floor":19,"turns":3},{"damage":2,"enemies":"3 Cultists","floor":22,"turns":5},{"damage":3,"enemies":"Snake Plant","floor":24,"turns":5},{"damage":11,"enemies":"Centurion and Healer","floor":29,"turns":5},{"damage":30,"enemies":"Gremlin Leader","floor":30,"turns":5},{"damage":10,"enemies":"Shelled Parasite and Fungi","floor":31,"turns":3},{"damage":45,"enemies":"Automaton","floor":33,"turns":6}],"seed_played":"5035114613073975708","potions_obtained":[{"floor":1,"key":"Ancient Potion"},{"floor":6,"key":"FearPotion"},{"floor":11,"key":"Ancient Potion"},{"floor":16,"key":"SpeedPotion"},{"floor":30,"key":"SteroidPotion"}],"is_trial":false,"path_per_floor":["M","$","M","?","M","E","R","?","T","R","E","?","?","?","R","B",null,"M","M","?","?","M","R","M","R","T","R","$","M","E","M","R","B"],"character_chosen":"THE_SILENT","items_purchased":["Bane","Crippling Poison","Noxious Fumes"],"campfire_rested":2,"item_purchase_floors":[28,28,28],"current_hp_per_floor":[70,70,66,66,66,37,37,30,30,51,41,30,30,30,30,10,70,70,48,48,48,46,46,43,43,43,55,55,44,14,4,40,0,0],"gold":274,"neow_bonus":"ONE_RANDOM_RARE_CARD","is_daily":false,"chose_seed":false,"campfire_upgraded":5,"win_rate":0.0,"timestamp":1612438847,"path_taken":["M","$","M","?","?","E","R","?","T","R","E","?","?","?","R","BOSS","M","M","?","?","M","R","M","R","T","R","$","M","E","?","R","BOSS"],"items_purchased_type":["Card","Card","Card"],"build_version":"2020-12-22","purchased_purges":2,"victory":false,"max_hp_per_floor":[70,70,70,70,70,70,70,70,70,70,70,70,70,70,70,70,70,70,70,70,70,70,70,70,70,70,70,70,70,70,70,70,70,70],"relic_stats":{"counters":[15,69],"HoveringKite":[24],"Prayer Wheel":6,"Eternal Feather":27,"Smiling Mask":50,"obtain_stats":[{"Ninja Scroll":30,"HoveringKite":17,"Prayer Wheel":11,"Eternal Feather":26,"Bottled Tornado":6,"Odd Mushroom":8,"Smiling Mask":9,"Ring of the Snake":0},{"Ninja Scroll":13,"HoveringKite":7,"Prayer Wheel":6,"Eternal Feather":11,"Bottled Tornado":4,"Odd Mushroom":5,"Smiling Mask":5,"Ring of the Snake":0},{"Ninja Scroll":60,"HoveringKite":33,"Prayer Wheel":23,"Eternal Feather":50,"Bottled Tornado":16,"Odd Mushroom":20,"Smiling Mask":20,"Ring of the Snake":0}],"Ring of the Snake":[30]},"card_choices":[{"not_picked":["Distraction","Dodge and Roll"],"picked":"Reflex","floor":1},{"not_picked":["Flying Knee","Footwork"],"picked":"Dagger Spray","floor":3},{"not_picked":["Setup","Cloak And Dagger","Grand Finale"],"picked":"SKIP","floor":5},{"not_picked":["Concentrate","Deflect"],"picked":"Unload","floor":6},{"not_picked":["Finisher","Dagger Throw"],"picked":"Blade Dance","floor":8},{"not_picked":["Masterful Stab","Night Terror","Distraction"],"picked":"SKIP","floor":11},{"not_picked":["Flying Knee","Sucker Punch"],"picked":"Deadly Poison+1","floor":18},{"not_picked":["Outmaneuver","Sucker Punch"],"picked":"Dagger Throw+1","floor":18},{"not_picked":["Flying Knee","Dodge and Roll"],"picked":"Deadly Poison+1","floor":19},{"not_picked":["Masterful Stab","Footwork"],"picked":"Acrobatics","floor":19},{"not_picked":["Footwork+1","Calculated Gamble"],"picked":"Blade Dance+1","floor":22},{"not_picked":["Calculated Gamble","Distraction+1"],"picked":"Noxious Fumes","floor":22},{"not_picked":["Dagger Spray","Bullet Time","PiercingWail"],"picked":"SKIP","floor":24},{"not_picked":["Outmaneuver+1","Cloak And Dagger","Deadly Poison"],"picked":"SKIP","floor":24},{"not_picked":["Outmaneuver","Distraction"],"picked":"Deflect+1","floor":29},{"not_picked":["Backflip","Quick Slash","Cloak And Dagger"],"picked":"SKIP","floor":29},{"not_picked":["Backstab+1","Caltrops+1"],"picked":"Slice","floor":30},{"not_picked":["Well Laid Plans","Dash"],"picked":"Blur","floor":31},{"not_picked":["Slice","Burst","Flying Knee"],"picked":"SKIP","floor":31}],"player_experience":414397,"relics_obtained":[{"floor":6,"key":"Bottled Tornado"},{"floor":8,"key":"Odd Mushroom"},{"floor":9,"key":"Smiling Mask"},{"floor":11,"key":"Prayer Wheel"},{"floor":26,"key":"Eternal Feather"},{"floor":30,"key":"Ninja Scroll"}],"event_choices":[{"damage_healed":0,"gold_gain":0,"player_choice":"1 cards matched","damage_taken":0,"max_hp_gain":0,"max_hp_loss":0,"event_name":"Match and Keep!","floor":4,"gold_loss":0,"cards_obtained":["Envenom"]},{"damage_healed":0,"gold_gain":0,"player_choice":"1 cards matched","damage_taken":0,"max_hp_gain":0,"max_hp_loss":0,"event_name":"Match and Keep!","floor":4,"gold_loss":0,"cards_obtained":["Envenom"]},{"damage_healed":0,"gold_gain":0,"player_choice":"Fought Mushrooms","damage_taken":0,"max_hp_gain":0,"max_hp_loss":0,"event_name":"Mushrooms","floor":8,"gold_loss":0},{"damage_healed":0,"gold_gain":75,"player_choice":"Gather Gold","damage_taken":11,"max_hp_gain":0,"max_hp_loss":0,"event_name":"World of Goop","floor":12,"gold_loss":0},{"cards_removed":["Strike_G"],"damage_healed":0,"gold_gain":0,"player_choice":"Card Removal","damage_taken":0,"max_hp_gain":0,"max_hp_loss":0,"event_name":"The Cleric","floor":13,"gold_loss":50},{"cards_removed":["Strike_G"],"damage_healed":0,"gold_gain":0,"player_choice":"Forget","damage_taken":0,"max_hp_gain":0,"max_hp_loss":0,"event_name":"Living Wall","floor":14,"gold_loss":0},{"damage_healed":0,"gold_gain":0,"player_choice":"Simplicity","damage_taken":0,"max_hp_gain":0,"max_hp_loss":0,"event_name":"Back to Basics","floor":20,"gold_loss":0,"cards_upgraded":["Strike_G","Strike_G","Defend_G","Defend_G","Defend_G","Defend_G","Defend_G"]},{"damage_healed":0,"gold_gain":0,"player_choice":"Ignored","damage_taken":0,"max_hp_gain":0,"max_hp_loss":0,"event_name":"NoteForYourself","floor":21,"gold_loss":0}],"is_beta":false,"boss_relics":[{"not_picked":["Empty Cage","Cursed Key"],"picked":"HoveringKite"}],"items_purged_floors":[2,28],"is_endless":false,"potions_floor_spawned":[1,6,11,16,19,24,29,30],"killed_by":"Automaton","ascension_level":1}}