{"host":"tiwza2kisyyrpq7h","time":1612468848,"event":{"mods":["BaseMod","BetterRewards","Colored Powertips","Minty Spire (QoL Compilation)","Quick Restart","Rare Cards Sparkle","StSLib","SuperFastMode","The Servant 0.9.4","óô»ðÖ¸ÄÏ"],"gold_per_floor":[112,187,337,353,371,371,386,386,386,9,25,40,52,70,70,141,141,155,155,0,12,12,12],"floor_reached":22,"language":"ZHS","playtime":691,"items_purged":[],"score":360,"play_id":"dbd2b59f-5a17-486a-8aaf-bb68fa6e48f1","local_time":"20210205040048","is_ascension_mode":true,"campfire_choices":[{"data":"Shockwave","floor":6.0,"key":"SMITH"},{"data":"Rampage","floor":8.0,"key":"SMITH"},{"data":"Apotheosis","floor":15.0,"key":"SMITH"}],"circlet_count":0,"master_deck":["AscendersBane","Strike_R","Strike_R","Strike_R","Strike_R","Strike_R","Defend_R","Defend_R","Defend_R","Defend_R","Bash","Double Tap","Pommel Strike","Doubt","Shockwave+1","Heavy Blade","Rampage+1","Apotheosis+1","Reaper","Dark Embrace","Headbutt","Corruption","Metallicize","Feel No Pain","Barricade","Dark Embrace+1","Necronomicurse","True Grit"],"relics":["Burning Blood","Happy Flower","Membership Card","Cursed Key","Necronomicon"],"acts_visited":["Exordium","TheCity"],"potions_floor_usage":[21],"damage_taken":[{"damage":5.0,"enemies":"Small Slimes","floor":1.0,"turns":4.0},{"damage":5.0,"enemies":"2 Louse","floor":4.0,"turns":3.0},{"damage":7.0,"enemies":"Jaw Worm","floor":5.0,"turns":5.0},{"damage":6.0,"enemies":"2 Fungi Beasts","floor":7.0,"turns":4.0},{"damage":36.0,"enemies":"Exordium Wildlife","floor":11.0,"turns":9.0},{"damage":33.0,"enemies":"Gremlin Gang","floor":12.0,"turns":6.0},{"damage":13.0,"enemies":"2 Fungi Beasts","floor":13.0,"turns":5.0},{"damage":30.0,"enemies":"Large Slime","floor":14.0,"turns":6.0},{"damage":19.0,"enemies":"Slime Boss","floor":16.0,"turns":7.0},{"damage":35.0,"enemies":"2 Thieves","floor":18.0,"turns":5.0},{"damage":28,"enemies":"Shell Parasite","floor":21,"turns":5},{"damage":0,"enemies":"Shelled Parasite and Fungi","floor":22,"turns":1}],"seed_played":"-8720515728123744916","potions_obtained":[{"floor":11.0,"key":"BloodPotion"},{"floor":13.0,"key":"SteroidPotion"},{"floor":18.0,"key":"Regen Potion"}],"is_trial":false,"path_per_floor":["M","?","?","M","M","R","M","R","T","$","M","M","M","M","R","B",null,"M","?","?","M","M"],"character_chosen":"IRONCLAD","items_purchased":["Membership Card","Apotheosis","Reaper","Dark Embrace"],"campfire_rested":0,"item_purchase_floors":[10,10,10,10],"current_hp_per_floor":[69,58,58,59,58,58,58,58,58,58,35,16,34,22,22,19,61,37,16,16,8,8,8],"gold":12,"neow_bonus":"ONE_RANDOM_RARE_CARD","is_daily":false,"chose_seed":false,"campfire_upgraded":3,"win_rate":0.0,"timestamp":1612468848,"path_taken":["M","?","?","?","M","R","M","R","T","$","M","M","M","M","R","BOSS","M","?","?","M","M"],"items_purchased_type":["Relic","Card","Card","Card"],"build_version":"2020-12-22","purchased_purges":0,"victory":false,"max_hp_per_floor":[75,75,75,75,75,75,75,75,75,75,75,75,75,75,75,75,75,75,75,75,75,75,75],"card_choices":[{"not_picked":["True Grit","Sword Boomerang"],"picked":"Pommel Strike","floor":1.0},{"not_picked":["Headbutt","Wild Strike"],"picked":"Shockwave","floor":4.0},{"not_picked":["Wild Strike","Twin Strike"],"picked":"Heavy Blade","floor":5.0},{"not_picked":["Cleave","Warcry"],"picked":"Rampage","floor":7.0},{"not_picked":["Clothesline","Pommel Strike"],"picked":"Headbutt","floor":11.0},{"not_picked":["Sword Boomerang","Clothesline"],"picked":"Corruption","floor":12.0},{"not_picked":["Warcry","Second Wind"],"picked":"Metallicize","floor":13.0},{"not_picked":["Rupture","Flame Barrier"],"picked":"Feel No Pain","floor":14.0},{"not_picked":["Corruption","Impervious"],"picked":"Barricade","floor":16.0},{"not_picked":["Anger+1","Body Slam"],"picked":"Dark Embrace+1","floor":18.0},{"not_picked":["Headbutt","Feel No Pain"],"picked":"True Grit","floor":21}],"player_experience":967075,"relics_obtained":[{"floor":9.0,"key":"Happy Flower"},{"floor":19.0,"key":"Necronomicon"}],"event_choices":[{"damage_healed":0.0,"max_hp_gain":0.0,"max_hp_loss":0.0,"gold_gain":75.0,"event_name":"World of Goop","player_choice":"Gather Gold","floor":2.0,"gold_loss":0.0,"damage_taken":11.0},{"damage_healed":0.0,"max_hp_gain":0.0,"max_hp_loss":0.0,"gold_gain":150.0,"event_name":"Liars Game","player_choice":"AGREE","floor":3.0,"gold_loss":0.0,"damage_taken":0.0,"cards_obtained":["Doubt"]},{"damage_healed":0.0,"max_hp_gain":0.0,"max_hp_loss":0.0,"gold_gain":0.0,"event_name":"Cursed Tome","player_choice":"Obtained Book","floor":19.0,"gold_loss":0.0,"damage_taken":21.0},{"damage_healed":0.0,"max_hp_gain":0.0,"max_hp_loss":0.0,"gold_gain":0.0,"event_name":"Masked Bandits","player_choice":"Paid Fearfully","floor":20.0,"gold_loss":155.0,"damage_taken":0.0}],"is_beta":false,"boss_relics":[{"not_picked":["Astrolabe","Mark of Pain"],"picked":"Cursed Key"}],"items_purged_floors":[],"is_endless":false,"potions_floor_spawned":[11,13,18],"killed_by":"Shelled Parasite and Fungi","ascension_level":20}}