{"host":"b9id4afcchnn1rfb","time":1612468893,"event":{"mods":["Act Like it!","BaseMod","Better Note","Colored Map","Colored Powertips","Hallownest","Hermit","Infinite Spire","Minty Spire (QoL Compilation)","StSLib","SuperFastMode","The Death Knight","The Necromancer"],"gold_per_floor":[115,115,127,91,111,111,142,142,166,180,180,280,299,299,299,397,397,416,416,436,446,457,457,485,485,485,212,241,241,241,252,252,356,356,376,456,469,469,469,469],"floor_reached":39,"language":"ENG","playtime":1100,"items_purged":[],"score":629,"play_id":"12f38198-1d84-41d1-83ea-28c6d691b3af","local_time":"20210204210133","is_ascension_mode":true,"campfire_choices":[{"data":"Defragment","floor":6,"key":"SMITH"},{"data":"Sunder","floor":8,"key":"SMITH"},{"data":"Rainbow","floor":11,"key":"SMITH"},{"floor":15,"key":"REST"},{"floor":23,"key":"REST"},{"floor":25,"key":"RECALL"},{"floor":30,"key":"REST"},{"floor":32,"key":"REST"}],"circlet_count":0,"master_deck":["AscendersBane","Strike_B","Strike_B","Strike_B","Strike_B","Defend_B","Defend_B","Defend_B","Defend_B","Zap","Dualcast","Chaos+1","Redo","Sunder+1","Defragment+1","Rainbow+1","Coolheaded","Hologram","Seek","Consume+1","Defragment","Redo+1","BootSequence","Static Discharge","Force Field","Beam Cell+1","Reinforced Body+1","Echo Form","Cold Snap+1"],"relics":["Cracked Core","Potion Belt","Regal Pillow","Inserter","Tiny Chest","Lizard Tail","ClockworkSouvenir","Pantograph","Busted Crown","Cables"],"acts_visited":["Exordium","TheCity","TheCity"],"potions_floor_usage":[21,24,24,28,31,33,39],"damage_taken":[{"damage":2,"enemies":"Jaw Worm","floor":1,"turns":3},{"damage":1,"enemies":"Cultist","floor":3,"turns":3},{"damage":0,"enemies":"2 Louse","floor":5,"turns":1},{"damage":6,"enemies":"Lagavulin","floor":7,"turns":6},{"damage":2,"enemies":"2 Fungi Beasts","floor":10,"turns":3},{"damage":9,"enemies":"Blue Slaver","floor":13,"turns":3},{"damage":44,"enemies":"The Guardian","floor":16,"turns":11},{"damage":14,"enemies":"Shell Parasite","floor":18,"turns":6},{"damage":15,"enemies":"Spheric Guardian","floor":20,"turns":5},{"damage":20,"enemies":"Centurion and Healer","floor":21,"turns":6},{"damage":11,"enemies":"Snake Plant","floor":22,"turns":5},{"damage":29,"enemies":"Slavers","floor":24,"turns":10},{"damage":95,"enemies":"Gremlin Leader","floor":28,"turns":5},{"damage":10,"enemies":"3 Cultists","floor":31,"turns":6},{"damage":56,"enemies":"Automaton","floor":33,"turns":11},{"damage":39,"enemies":"Hallownest:3_Siblings","floor":35,"turns":15},{"damage":6,"enemies":"Hallownest:Shield_Heavy","floor":37,"turns":6},{"damage":25,"enemies":"Hallownest:2_Wandering_and_1_Horned","floor":39,"turns":4}],"seed_played":"5074688909750318434","potions_obtained":[{"floor":3,"key":"Block Potion"},{"floor":16,"key":"Weak Potion"},{"floor":22,"key":"SpeedPotion"},{"floor":24,"key":"SkillPotion"},{"floor":28,"key":"EssenceOfDarkness"},{"floor":31,"key":"Swift Potion"},{"floor":37,"key":"Dexterity Potion"}],"is_trial":false,"path_per_floor":["M","?","M","$","M","R","E","R","T","M","R","?","M","?","R","B",null,"M","?","M","M","M","R","E","R","T","$","E","?","R","M","R","B",null,"M","T","M","?","M"],"character_chosen":"DEFECT","items_purchased":["Sunder","ClockworkSouvenir","Static Discharge","Force Field"],"campfire_rested":4,"item_purchase_floors":[4,27,27,27],"current_hp_per_floor":[73,73,72,72,72,72,66,66,66,64,64,64,55,48,82,38,71,57,82,67,47,36,75,46,46,46,46,2,2,41,31,70,26,68,29,29,23,23,0,0],"gold":469,"neow_bonus":"TEN_PERCENT_HP_BONUS","is_daily":false,"chose_seed":false,"campfire_upgraded":3,"win_rate":0.0,"timestamp":1612468893,"path_taken":["M","?","M","?","M","R","E","R","T","M","R","?","?","?","R","BOSS","M","?","M","M","M","R","E","R","T","$","E","?","R","M","R","BOSS","M","?","M","?","M"],"items_purchased_type":["Card","Relic","Card","Card"],"build_version":"2020-12-22","purchased_purges":0,"victory":false,"max_hp_per_floor":[82,82,82,82,82,82,82,82,82,82,82,82,82,82,82,82,82,82,82,82,82,82,82,82,82,82,82,82,82,82,82,82,82,82,82,82,82,82,82,82],"card_choices":[{"not_picked":["Skim","Gash"],"picked":"Chaos","floor":1},{"not_picked":["Ball Lightning","Coolheaded"],"picked":"Redo","floor":3},{"not_picked":["White Noise","Beam Cell"],"picked":"Defragment","floor":5},{"not_picked":["Ball Lightning","Stack"],"picked":"Rainbow","floor":7},{"not_picked":["Redo","Streamline"],"picked":"Coolheaded","floor":10},{"not_picked":["Rebound","Rainbow"],"picked":"Hologram","floor":13},{"not_picked":["Biased Cognition","Machine Learning"],"picked":"Seek","floor":16},{"not_picked":["Leap","Ball Lightning"],"picked":"Consume+1","floor":18},{"not_picked":["BootSequence","Rip and Tear"],"picked":"Defragment","floor":20},{"not_picked":["Rip and Tear+1","Turbo","Lockon"],"picked":"SKIP","floor":21},{"not_picked":["Leap","Ball Lightning"],"picked":"Redo+1","floor":22},{"not_picked":["Fusion","Steam Power"],"picked":"BootSequence","floor":24},{"not_picked":["Sweeping Beam","Consume"],"picked":"Beam Cell+1","floor":28},{"not_picked":["FTL","Force Field"],"picked":"Reinforced Body+1","floor":31},{"not_picked":["Meteor Strike","Rainbow"],"picked":"Echo Form","floor":33},{"not_picked":["Hologram"],"picked":"SKIP","floor":35},{"not_picked":[],"picked":"Cold Snap+1","floor":37}],"player_experience":484134,"relics_obtained":[{"floor":7,"key":"Potion Belt"},{"floor":24,"key":"Tiny Chest"},{"floor":26,"key":"Lizard Tail"},{"floor":28,"key":"Pantograph"},{"floor":36,"key":"Cables"}],"event_choices":[{"damage_healed":0,"gold_gain":0,"player_choice":"Upgraded","damage_taken":0,"max_hp_gain":0,"max_hp_loss":0,"event_name":"Upgrade Shrine","floor":2,"gold_loss":0,"cards_upgraded":["Chaos"]},{"damage_healed":0,"gold_gain":100,"player_choice":"Pray","damage_taken":0,"max_hp_gain":0,"max_hp_loss":0,"event_name":"Golden Shrine","floor":12,"gold_loss":0},{"damage_healed":0,"gold_gain":0,"player_choice":"Success","damage_taken":7,"relics_obtained":["Regal Pillow"],"max_hp_gain":0,"max_hp_loss":0,"event_name":"Scrap Ooze","floor":14,"gold_loss":0},{"damage_healed":27,"gold_gain":0,"player_choice":"Heal","damage_taken":0,"max_hp_gain":0,"max_hp_loss":0,"event_name":"The Library","floor":19,"gold_loss":0},{"damage_healed":0,"gold_gain":0,"player_choice":"Ignored","damage_taken":0,"max_hp_gain":0,"max_hp_loss":0,"event_name":"N\u0027loth","floor":29,"gold_loss":0}],"is_beta":false,"boss_relics":[{"not_picked":["Philosopher\u0027s Stone","Coffee Dripper"],"picked":"Inserter"},{"not_picked":["Runic Dome","Pandora\u0027s Box"],"picked":"Busted Crown"}],"items_purged_floors":[],"is_endless":false,"potions_floor_spawned":[3,16,22,24,28,31,37],"killed_by":"Hallownest:2_Wandering_and_1_Horned","ascension_level":10}}