{"host":"6qo42zgaknezulyg","time":1612478751,"event":{"mods":["2.2 Compatiblity","BaseMod","Faster Ascension Climbing","Keyboard Shortcuts","Minty Spire (QoL Compilation)","Permanent Neow","Quick Restart","StSLib","SuperFastMode","The Bug Knight"],"gold_per_floor":[117,127,146,146,321,354,368,368,368,393,393,127,155,182,182,291,291,311,221,221,179,278,278,320,82,140,176,176,95,125,141,141,251,301,321,350,350,369,369,378,378,400,409,409,432,452,472,34,34,34],"floor_reached":51,"language":"ENG","playtime":4291,"items_purged":["Doubt","HollowMod:QuickDashStart","HollowMod:QuickDashStart","Normality","Parasite"],"score":720,"play_id":"b8167dcb-4c30-41e5-882f-23e024b0f939","local_time":"20210205074551","is_ascension_mode":false,"campfire_choices":[{"data":"HollowMod:GrimmsGift","floor":8.0,"key":"SMITH"},{"data":"HollowMod:RecoilStrike","floor":15.0,"key":"SMITH"},{"data":"HollowMod:ZotesMagnificence","floor":23.0,"key":"SMITH"},{"floor":28.0,"key":"REST"},{"data":"HollowMod:RecoilStrike","floor":32.0,"key":"SMITH"},{"data":"HollowMod:PureNailStrike","floor":41.0,"key":"SMITH"},{"data":"HollowMod:HuntersJournal","floor":44.0,"key":"SMITH"},{"data":"HollowMod:SoulStrike","floor":49.0,"key":"SMITH"}],"circlet_count":0,"master_deck":["HollowMod:QuickDashStart","HollowMod:QuickDashStart","HollowMod:PogoStrike+1","HollowMod:RecoilStrike+1","HollowMod:PerfectDash","HollowMod:HuntersJournal+1","HollowMod:LifebloodCocoon+1","HollowMod:GrimmsGift+1","HollowMod:PureNailStrike+1","HollowMod:PerfectDash+1","HollowMod:CloakDash+1","HollowMod:DoubleDash+1","HollowMod:ZotesMagnificence+1","HollowMod:CloakDash+1","HollowMod:GoodIntentions+1","HollowMod:ZotesMagnificence+1","HollowMod:DoubleDash+1","HollowMod:GrimmsGift+1","HollowMod:LifebloodCocoon+1","HollowMod:RecoilStrike+1","HollowMod:LifebloodCore+1","HollowMod:LifebloodCore+1","HollowMod:DoubleDash+1","HollowMod:SoulStrike+1","HollowMod:CrystalDash+1","HollowMod:DashSlash+1","HollowMod:SiblingsSouls+1","HollowMod:DashSlash+1","HollowMod:DoubleDash+1","Blind+1"],"relics":["HollowMod:VesselMask","Smiling Mask","CeramicFish","Toxic Egg 2","Lantern","Question Card","Cursed Key","Red Mask","Whetstone","HollowMod:MillibellesNoteRelic","HollowMod:KingsBrand","Tiny Chest","Tiny House","Dead Branch","Pen Nib","Cauldron"],"acts_visited":["Exordium","TheCity","TheBeyond"],"potions_floor_usage":[50],"damage_taken":[{"damage":5.0,"enemies":"Small Slimes","floor":1.0,"turns":4.0},{"damage":0.0,"enemies":"2 Louse","floor":2.0,"turns":4.0},{"damage":10.0,"enemies":"Jaw Worm","floor":3.0,"turns":5.0},{"damage":38.0,"enemies":"Gremlin Nob","floor":6.0,"turns":5.0},{"damage":14.0,"enemies":"Exordium Wildlife","floor":7.0,"turns":7.0},{"damage":9.0,"enemies":"Exordium Thugs","floor":10.0,"turns":7.0},{"damage":18.0,"enemies":"Lagavulin","floor":13.0,"turns":6.0},{"damage":0.0,"enemies":"Looter","floor":14.0,"turns":3.0},{"damage":1.0,"enemies":"The Guardian","floor":16.0,"turns":16.0},{"damage":2.0,"enemies":"3 Byrds","floor":18.0,"turns":7.0},{"damage":0.0,"enemies":"Masked Bandits","floor":24.0,"turns":3.0},{"damage":35.0,"enemies":"Book of Stabbing","floor":27.0,"turns":8.0},{"damage":0.0,"enemies":"Slavers","floor":30.0,"turns":3.0},{"damage":0.0,"enemies":"Shell Parasite","floor":31.0,"turns":3.0},{"damage":7.0,"enemies":"Collector","floor":33.0,"turns":13.0},{"damage":0.0,"enemies":"3 Shapes","floor":35.0,"turns":3.0},{"damage":0.0,"enemies":"Orb Walker","floor":36.0,"turns":2.0},{"damage":0.0,"enemies":"Jaw Worm Horde","floor":38.0,"turns":7.0},{"damage":0.0,"enemies":"Transient","floor":42.0,"turns":5.0},{"damage":0.0,"enemies":"Writhing Mass","floor":45.0,"turns":9.0},{"damage":0.0,"enemies":"HollowMod:SlobberingHusk","floor":46.0,"turns":10.0},{"damage":14.0,"enemies":"Jaw Worm Horde","floor":47.0,"turns":3.0},{"damage":14,"enemies":"Time Eater","floor":50,"turns":16}],"seed_played":"3322530973330557637","potions_obtained":[{"floor":1.0,"key":"Fire Potion"},{"floor":6.0,"key":"FearPotion"},{"floor":7.0,"key":"Dexterity Potion"},{"floor":16.0,"key":"Weak Potion"},{"floor":18.0,"key":"Explosive Potion"},{"floor":24.0,"key":"Block Potion"},{"floor":33.0,"key":"DuplicationPotion"},{"floor":34.0,"key":"SteroidPotion"},{"floor":35.0,"key":"ColorlessPotion"},{"floor":47.0,"key":"ColorlessPotion"},{"floor":48.0,"key":"PowerPotion"},{"floor":48.0,"key":"SkillPotion"}],"is_trial":false,"path_per_floor":["M","M","M","?","?","E","M","R","T","M","T","$","E","M","R","B",null,"M","$","?","?","?","R","?","$","T","E","R","$","E","M","R","B",null,"M","M","?","M","?","?","R","M","T","R","M","M","M","$","R","B",null],"character_chosen":"THE_BUGKNIGHT","items_purchased":["HollowMod:PerfectDash+1","HollowMod:CloakDash+1","Lantern","HollowMod:GoodIntentions+1","Whetstone","HollowMod:LifebloodCocoon+1","HollowMod:RecoilStrike","Pen Nib","Cauldron","Blind+1"],"campfire_rested":1,"item_purchase_floors":[12,12,12,19,25,25,29,48,48,48],"current_hp_per_floor":[68,68,64,64,64,32,28,28,28,29,29,29,11,11,11,10,68,66,66,66,66,66,66,66,66,66,33,53,53,53,53,53,52,73,73,73,73,73,69,69,69,69,69,69,69,69,55,55,55,41],"gold":34,"neow_bonus":"TRANSFORM_TWO_CARDS","is_daily":false,"chose_seed":false,"campfire_upgraded":7,"win_rate":0.0,"timestamp":1612478751,"path_taken":["M","M","M","?","?","E","M","R","T","?","?","?","E","M","R","BOSS","M","$","?","?","?","R","?","?","T","E","R","$","E","M","R","BOSS","M","M","?","M","?","?","R","M","T","R","M","M","M","$","R","BOSS"],"items_purchased_type":["Card","Card","Relic","Card","Relic","Card","Card","Relic","Relic","Card"],"build_version":"2020-12-22","purchased_purges":5,"victory":true,"max_hp_per_floor":[68,68,68,68,68,68,68,68,68,68,68,68,68,68,68,68,68,68,68,68,68,68,68,68,68,68,68,68,68,68,68,68,68,73,73,73,73,73,69,69,69,69,69,69,69,69,69,66,66,66],"card_choices":[{"not_picked":["HollowMod:LuriensSpire","HollowMod:TaintedHusks"],"picked":"HollowMod:HuntersJournal","floor":1.0},{"not_picked":["HollowMod:VengefulVoid","HollowMod:AbyssShriek"],"picked":"HollowMod:LifebloodCocoon","floor":2.0},{"not_picked":["HollowMod:CornifersMapStart","HollowMod:NewJinnsSoul","HollowMod:NewLittleFool"],"picked":"SKIP","floor":3.0},{"not_picked":["HollowMod:TaintedHusks","HollowMod:LifebloodCocoon","HollowMod:ShadowDash"],"picked":"SKIP","floor":6.0},{"not_picked":["HollowMod:SiblingsSouls","HollowMod:DesolateDive"],"picked":"HollowMod:GrimmsGift","floor":7.0},{"not_picked":["HollowMod:SharpenedShadows","HollowMod:HuntersJournal"],"picked":"HollowMod:PureNailStrike","floor":10.0},{"not_picked":["HollowMod:AbyssShriek","HollowMod:HowlingWraiths","HollowMod:ChannelNail+1"],"picked":"SKIP","floor":13.0},{"not_picked":["HollowMod:SoulStrike","HollowMod:FastStrike","HollowMod:LuriensSpire+1"],"picked":"HollowMod:DoubleDash+1","floor":14.0},{"not_picked":["HollowMod:SlysStrikes","HollowMod:Weaversong","HollowMod:VoidDash+1"],"picked":"HollowMod:ZotesMagnificence","floor":16.0},{"not_picked":["HollowMod:DoubleDash+1","HollowMod:HowlingWraiths","HollowMod:FastStrike"],"picked":"HollowMod:CloakDash+1","floor":18.0},{"not_picked":["HollowMod:SoulShaman+1","HollowMod:QuirrelsAssistance","HollowMod:DreamGate+1"],"picked":"HollowMod:GrimmsGift+1","floor":24.0},{"not_picked":["HollowMod:SharpenedNail+1","HollowMod:AbyssShriek","HollowMod:InfectedCysts"],"picked":"HollowMod:HerrahsAnger+1","floor":27.0},{"not_picked":["HollowMod:SiblingsShadow+1","HollowMod:DescendingDark+1","HollowMod:AbyssShriek+1","HollowMod:Grubsong"],"picked":"SKIP","floor":30.0},{"not_picked":["HollowMod:NewJinnsSoul+1","HollowMod:SoulStrike","HollowMod:GrimmsGift+1","HollowMod:NewLittleFool"],"picked":"SKIP","floor":31.0},{"not_picked":["HollowMod:HornetsHelp","HollowMod:PureVessel","HollowMod:NewInfectedGuardian+1"],"picked":"HollowMod:LifebloodCore+1","floor":33.0},{"not_picked":["HollowMod:ChannelNail+1","HollowMod:DashSlash+1","HollowMod:NewJinnsSoul+1"],"picked":"HollowMod:LifebloodCore+1","floor":35.0},{"not_picked":["HollowMod:DescendingDark","HollowMod:theNailsmith+1","HollowMod:GreatSlash+1"],"picked":"HollowMod:DoubleDash+1","floor":36.0},{"not_picked":["HollowMod:BaldurShell","HollowMod:NewJinnsSoul+1","HollowMod:LifebloodCocoon+1"],"picked":"HollowMod:SoulStrike","floor":38.0},{"not_picked":["HollowMod:SiblingsSouls+1","HollowMod:ChannelNail+1","HollowMod:GrimmsGift+1"],"picked":"HollowMod:DashSlash+1","floor":42.0},{"not_picked":["HollowMod:HerrahsAnger+1","HollowMod:DreamGate+1","HollowMod:SoulStrike"],"picked":"HollowMod:SiblingsSouls+1","floor":45.0},{"not_picked":["HollowMod:CornifersMapStart+1","HollowMod:SiblingsShadow+1","HollowMod:SoulStrike"],"picked":"HollowMod:DashSlash+1","floor":46.0},{"not_picked":["HollowMod:VengefulSpirit","HollowMod:QuirrelsAssistance","HollowMod:ChannelNail+1"],"picked":"HollowMod:DoubleDash+1","floor":47.0}],"player_experience":737666,"relics_obtained":[{"floor":6.0,"key":"Smiling Mask"},{"floor":9.0,"key":"CeramicFish"},{"floor":11.0,"key":"Toxic Egg 2"},{"floor":13.0,"key":"Question Card"},{"floor":24.0,"key":"Red Mask"},{"floor":26.0,"key":"HollowMod:MillibellesNoteRelic"},{"floor":27.0,"key":"HollowMod:KingsBrand"},{"floor":30.0,"key":"Tiny Chest"},{"floor":43.0,"key":"Dead Branch"}],"event_choices":[{"damage_healed":0.0,"max_hp_gain":0.0,"max_hp_loss":0.0,"gold_gain":175.0,"event_name":"Liars Game","player_choice":"AGREE","floor":5.0,"gold_loss":0.0,"damage_taken":0.0,"cards_obtained":["Doubt"]},{"damage_healed":0.0,"max_hp_gain":0.0,"max_hp_loss":0.0,"gold_gain":0.0,"cards_transformed":["HollowMod:NailStrikeStart","HollowMod:NailStrikeStart"],"event_name":"Designer","player_choice":"Transformed Cards","floor":21.0,"gold_loss":60.0,"damage_taken":0.0,"cards_obtained":["HollowMod:ZotesMagnificence","HollowMod:DoubleDash"]},{"damage_healed":0.0,"max_hp_gain":0.0,"max_hp_loss":0.0,"gold_gain":99.0,"event_name":"Nest","player_choice":"Stole From Cult","floor":22.0,"gold_loss":0.0,"damage_taken":0.0},{"damage_healed":0.0,"max_hp_gain":0.0,"max_hp_loss":0.0,"gold_gain":0.0,"event_name":"Masked Bandits","player_choice":"Fought Bandits","floor":24.0,"gold_loss":0.0,"damage_taken":0.0},{"cards_removed":["HollowMod:HerrahsAnger"],"damage_healed":0.0,"max_hp_gain":0.0,"max_hp_loss":0.0,"gold_gain":0.0,"event_name":"Falling","player_choice":"Removed Skill","floor":37.0,"gold_loss":0.0,"damage_taken":0.0},{"damage_healed":0.0,"max_hp_gain":0.0,"max_hp_loss":4.0,"gold_gain":0.0,"event_name":"Winding Halls","player_choice":"Max HP","floor":39.0,"gold_loss":0.0,"damage_taken":0.0},{"damage_healed":0.0,"max_hp_gain":0.0,"max_hp_loss":0.0,"gold_gain":0.0,"cards_transformed":["HollowMod:FocusHealStart"],"event_name":"Transmorgrifier","player_choice":"Transformed","floor":40.0,"gold_loss":0.0,"damage_taken":0.0,"cards_obtained":["HollowMod:CrystalDash"]}],"is_beta":false,"boss_relics":[{"not_picked":["Runic Dome","Empty Cage"],"picked":"Cursed Key"},{"not_picked":["Coffee Dripper","Pandora\u0027s Box"],"picked":"Tiny House"}],"items_purged_floors":[12,19,25,29,48],"is_endless":false,"potions_floor_spawned":[1,6,7,16,18,24,33,35,45,47],"ascension_level":0}}