{"host":"t9zjxed0utvsfjwc","time":1612414597,"event":{"mods":["2.2 Compatiblity","Aspiration","BaseMod","Better Altar","Better Match","Better Note","Better Sensory Stone","Better Skull","Better Third Choice","Block Reminder","Colored Map","Colored Powertips","Custom Start","Downfall","Hermit","Highlight Path","Hubris","Infinite Spire","Marisa????????","Minty Spire (QoL Compilation)","Quick Restart","Rare Cards Sparkle","Reliquary","Replay The Spire","StSLib","The Cursed","The Marked","The Runesmith","Unceasing Turn Reminder","everything is the same but u backflip on backflip"],"gold_per_floor":[116,135,11,24,24,24,44,44,44,62,74,90,90,102,102,207,207,226,54,73,73,73,98,117,131,157,157,157],"floor_reached":27,"language":"ENG","playtime":929,"items_purged":["Strike_R"],"score":229,"play_id":"673a780e-5865-4a39-817a-b0685b058b93","local_time":"20210204045637","is_ascension_mode":false,"campfire_choices":[{"data":"Fire Breathing","floor":6,"key":"SMITH"},{"data":"Power Through","floor":13,"key":"SMITH"},{"data":"Evolve","floor":15,"key":"SMITH"}],"circlet_count":0,"master_deck":["Strike_R","Strike_R","Strike_R","Strike_R","Defend_R","Defend_R","Defend_R","Bash","Wild Strike","Wild Strike","Fire Breathing+1","Shrug It Off","Power Through+1","Evolve+1","Barricade","Specialist","Fire Breathing+1","AbeCurse","Iron Wave+1"],"relics":["Burning Blood","reliquary:PartyBalloon","Darkstone Periapt","infinitespire:Cupcake","DollysMirror","Abe\u0027s Treasure","Dead Branch","Bag of Marbles","infinitespire:Satchel","Replay:Wax Seal"],"acts_visited":["Exordium","TheCity"],"potions_floor_usage":[14,23,23],"damage_taken":[{"damage":12,"enemies":"Cultist","floor":1,"turns":5},{"damage":5,"enemies":"Small Slimes","floor":2,"turns":3},{"damage":6,"enemies":"Jaw Worm","floor":4,"turns":3},{"damage":6,"enemies":"Exordium Wildlife","floor":7,"turns":2},{"damage":5,"enemies":"Looter","floor":10,"turns":3},{"damage":10,"enemies":"Exordium Thugs","floor":11,"turns":4},{"damage":0,"enemies":"Blue Slaver","floor":12,"turns":4},{"damage":0,"enemies":"Gremlin Gang","floor":14,"turns":4},{"damage":14,"enemies":"Fading Forest","floor":16,"turns":11},{"damage":5,"enemies":"Chosen","floor":18,"turns":4},{"damage":35,"enemies":"2 Thieves","floor":20,"turns":4},{"damage":19,"enemies":"Book of Stabbing","floor":23,"turns":5},{"damage":0,"enemies":"Centurion and Healer","floor":24,"turns":1},{"damage":12,"enemies":"Snake Plant","floor":25,"turns":4}],"seed_played":"-5121093877410039944","potions_obtained":[{"floor":1,"key":"Weak Potion"},{"floor":2,"key":"LifebloodPotion"},{"floor":10,"key":"Doom Potion"},{"floor":12,"key":"Elixir"},{"floor":16,"key":"BlessingOfTheForge"},{"floor":20,"key":"BloodPotion"},{"floor":24,"key":"Toxic Potion"},{"floor":25,"key":"SteroidPotion"}],"is_trial":false,"path_per_floor":["M","M","$","M","$","R","M","?","T","M","M","M","R","M","R_BF","B",null,"M","$","M","AVR","?","E","M","M","T","?"],"character_chosen":"IRONCLAD","items_purchased":["Fire Breathing","Shrug It Off","Specialist"],"campfire_rested":0,"item_purchase_floors":[3,3,19],"current_hp_per_floor":[74,75,75,75,75,75,75,75,75,76,72,78,78,80,80,80,80,80,80,51,57,57,61,67,61,61,0,0],"gold":157,"neow_bonus":"RANDOM_COMMON_RELIC","is_daily":false,"chose_seed":false,"campfire_upgraded":3,"win_rate":0.0,"timestamp":1612414597,"path_taken":["M","M","$","M","?","R","M","?","T","M","M","M","R","M","R_BF","BOSS","M","$","M","AVR","?","E","M","M","T","?"],"items_purchased_type":["Card","Card","Card"],"build_version":"2020-12-22","purchased_purges":1,"victory":false,"max_hp_per_floor":[80,80,80,80,80,80,80,80,80,80,80,80,80,80,80,80,80,80,80,80,86,86,86,86,86,86,86,86],"card_choices":[{"not_picked":["ReplayTheSpireMod:Corrosion Curse","Clash"],"picked":"Wild Strike","floor":1},{"not_picked":["Infernal Blade","ReplayTheSpireMod:Limb From Limb"],"picked":"Wild Strike","floor":2},{"not_picked":["hubris:ReadiedAction","Twin Strike","Life Link"],"picked":"SKIP","floor":4},{"not_picked":["hubris:ReadiedAction","Twin Strike","Life Link"],"picked":"SKIP","floor":4},{"not_picked":["Defy Death","Perfected Strike","hubris:ReadiedAction"],"picked":"SKIP","floor":7},{"not_picked":["ReplayTheSpireMod:Limb From Limb","Rampage","Reckless Charge"],"picked":"SKIP","floor":10},{"not_picked":["Brutality","Twin Strike"],"picked":"Power Through","floor":11},{"not_picked":["Replay:Undeath\u0027s Touch","Sever Soul","Headbutt"],"picked":"SKIP","floor":12},{"not_picked":["Seeing Red","Pummel"],"picked":"Evolve","floor":14},{"not_picked":["Corruption","Reaper"],"picked":"Barricade","floor":16},{"not_picked":["Sword Boomerang","ReplayTheSpireMod:Corrosion Curse","Cleave"],"picked":"SKIP","floor":18},{"not_picked":["True Grit","Massacre","Dark Embrace+1"],"picked":"SKIP","floor":20},{"not_picked":["Cleave","Thunderclap","True Grit+1"],"picked":"SKIP","floor":23},{"not_picked":["Double Tap","Sword Boomerang","Anger"],"picked":"SKIP","floor":24},{"not_picked":["Flex+1","Clothesline","Run Through"],"picked":"SKIP","floor":25}],"player_experience":474347,"relics_obtained":[{"floor":9,"key":"Darkstone Periapt"},{"floor":23,"key":"Dead Branch"},{"floor":26,"key":"Bag of Marbles"}],"event_choices":[{"cards_removed":["infinitespire:SealOfDarkness"],"damage_healed":0,"gold_gain":0,"player_choice":"Take \u0026 Give","damage_taken":0,"max_hp_gain":0,"max_hp_loss":0,"event_name":"betterNote:BetterNote","floor":22,"gold_loss":0,"cards_obtained":["Iron Wave"]}],"is_beta":false,"boss_relics":[{"not_picked":["Runic Dome","reliquary:Craggleroot"],"picked":"infinitespire:Cupcake"}],"items_purged_floors":[19],"is_endless":false,"potions_floor_spawned":[1,2,10,12,16,20,24,25],"ascension_level":0}}