{"host":"7iv10lxbxedtd0qh","time":1612398874,"event":{"mods":["BaseMod","Colored Map","Colored Powertips","Downfall","Minty Spire (QoL Compilation)","StSLib"],"gold_per_floor":[99,99,99,99,99,99,126,151,171,46,46,76,94,94,108,210,210,110,123,135,135,20,49,76,93,110,122,122,149,149,149,162,264,264,264,281,293,306,323,323,323,337,370,370,370,370,405,405,420,420],"floor_reached":51,"language":"ENG","playtime":2604,"items_purged":["Guardian:Strike_Guardian","Guardian:Strike_Guardian"],"score":1171,"play_id":"9c462af1-45ee-4146-9e6c-858460c68a26","local_time":"20210204013434","is_ascension_mode":true,"campfire_choices":[{"data":"Guardian:TwinSlam","floor":1.0,"key":"SMITH"},{"data":"Guardian:PrimingBeam","floor":6.0,"key":"SMITH"},{"data":"Guardian:Harden","floor":18.0,"key":"SMITH"},{"data":"Guardian:Suspension","floor":28.0,"key":"SMITH"},{"data":"Guardian:ShieldSpikes","floor":30.0,"key":"SMITH"},{"data":"Guardian:BronzeArmor","floor":35.0,"key":"SMITH"},{"data":"Guardian:SpikerProtocol","floor":44,"key":"SMITH"},{"data":"Guardian:SpikerProtocol","floor":46,"key":"SMITH"}],"circlet_count":0,"master_deck":["Guardian:Strike_Guardian","Guardian:Defend_Guardian","Guardian:Defend_Guardian","Guardian:Defend_Guardian","Guardian:CurlUp","Guardian:TwinSlam+1","Guardian:PrimingBeam+1","Guardian:Orbwalk","Guardian:BronzeArmor+1","Guardian:Harden+1","Guardian:RollAttack","Guardian:DecasProtection","Guardian:SpikerProtocol+1","Guardian:FloatingOrbs","Guardian:Suspension+1","Guardian:AncientConstruct","Guardian:SpikerProtocol+1","Guardian:ArmoredProtocol+1","Guardian:Recover+1","Guardian:ShieldSpikes+1","Guardian:Gem_Synthetic","Guardian:BronzeArmor+1","Guardian:Recover+1","Guardian:BodySlam+1","expansioncontent:PrepareCrush","Guardian:EvasiveProtocol+1","Guardian:RevengeProtocol","Madness","downfall:Aged","Guardian:ArmoredProtocol+1"],"relics":["Guardian:ModeShifterPlus","downfall:HeartsMalice","MealTicket","Vajra","Velvet Choker","downfall:HeartBlessingGreen","bronze:DecasWashers","Sundial","Bag of Marbles","Juzu Bracelet","Molten Egg 2","Art of War","Frozen Egg 2","Guardian:StasisEgg"],"acts_visited":["Exordium","TheCity","TheBeyond"],"potions_floor_usage":[50,50,50],"damage_taken":[{"damage":0.0,"enemies":"2 Louse","floor":2.0,"turns":1.0},{"damage":0.0,"enemies":"Cultist","floor":3.0,"turns":1.0},{"damage":0.0,"enemies":"Small Slimes","floor":5.0,"turns":1.0},{"damage":23.0,"enemies":"Gremlin Nob","floor":8.0,"turns":5.0},{"damage":9.0,"enemies":"Red Slaver","floor":9.0,"turns":4.0},{"damage":0.0,"enemies":"downfall:FleeingMerchant","floor":10.0,"turns":4.0},{"damage":24.0,"enemies":"Lagavulin","floor":12.0,"turns":6.0},{"damage":7.0,"enemies":"Exordium Wildlife","floor":13.0,"turns":5.0},{"damage":3.0,"enemies":"Large Slime","floor":15.0,"turns":4.0},{"damage":16.0,"enemies":"DF_ARCHETYPE_STREAMLINE","floor":16.0,"turns":9.0},{"damage":17.0,"enemies":"3 Byrds","floor":19.0,"turns":4.0},{"damage":0.0,"enemies":"Spheric Guardian","floor":20.0,"turns":4.0},{"damage":5.0,"enemies":"downfall:FleeingMerchant","floor":22.0,"turns":4.0},{"damage":21.0,"enemies":"Slavers","floor":23.0,"turns":5.0},{"damage":10.0,"enemies":"3 Cultists","floor":25.0,"turns":5.0},{"damage":1.0,"enemies":"Snecko","floor":26.0,"turns":6.0},{"damage":0.0,"enemies":"Cultist and Chosen","floor":27.0,"turns":7.0},{"damage":7.0,"enemies":"Book of Stabbing","floor":29.0,"turns":5.0},{"damage":0.0,"enemies":"Snake Plant","floor":32.0,"turns":5.0},{"damage":12.0,"enemies":"IC_MUSHROOM_ARCHETYPE","floor":33.0,"turns":9.0},{"damage":0.0,"enemies":"3 Darklings","floor":36.0,"turns":5.0},{"damage":3.0,"enemies":"3 Shapes","floor":37.0,"turns":6.0},{"damage":0,"enemies":"3 Darklings","floor":38,"turns":4},{"damage":0,"enemies":"Writhing Mass","floor":39,"turns":6},{"damage":0,"enemies":"Jaw Worm Horde","floor":42,"turns":4},{"damage":0,"enemies":"Nemesis","floor":43,"turns":5},{"damage":0,"enemies":"Giant Head","floor":47,"turns":6},{"damage":0,"enemies":"Spire Growth","floor":49,"turns":4},{"damage":0,"enemies":"WA_ARCHETYPE_DIVINITY","floor":50,"turns":5}],"seed_played":"6488029822419544107","potions_obtained":[{"floor":8.0,"key":"AttackPotion"},{"floor":9.0,"key":"Swift Potion"},{"floor":12.0,"key":"Guardian:DefensiveModePotion"},{"floor":13.0,"key":"SkillPotion"},{"floor":16.0,"key":"ColorlessPotion"},{"floor":19.0,"key":"Guardian:BlockOnCardUsePotion"},{"floor":25.0,"key":"Fruit Juice"},{"floor":26.0,"key":"Guardian:BlockOnCardUsePotion"},{"floor":27.0,"key":"CultistPotion"},{"floor":33.0,"key":"Dexterity Potion"},{"floor":38,"key":"Dexterity Potion"}],"is_trial":false,"path_per_floor":["R","M","M","?","M","R","T","E","M","$","?","E","M","?","M","B",null,"R","M","M","T","$","E","T","M","M","M","R","E","R","?","M","B",null,"R","M","M","M","M","?","T","M","E","R","?","R","E","?","M","B",null],"character_chosen":"GUARDIAN","items_purchased":["Guardian:SpikerProtocol"],"campfire_rested":0,"item_purchase_floors":[10],"current_hp_per_floor":[72,72,72,72,72,72,72,49,40,55,55,31,24,24,21,5,61,61,44,44,44,54,33,33,23,22,22,22,15,15,15,15,8,66,66,66,63,63,63,63,63,63,63,63,63,63,63,63,63,63],"gold":420,"neow_bonus":"THREE_ENEMY_KILL","is_daily":false,"chose_seed":false,"campfire_upgraded":8,"win_rate":0.0,"timestamp":1612398874,"path_taken":["R","M","M","?","?","R","T","E","M","$","?","E","?","?","M","BOSS","R","M","M","?","$","E","T","M","M","M","R","E","R","?","M","BOSS","R","M","M","M","M","?","T","M","E","R","?","R","E","?","M","BOSS"],"items_purchased_type":["Card"],"build_version":"2020-12-22","purchased_purges":2,"victory":true,"max_hp_per_floor":[80,80,80,80,80,80,80,80,80,80,80,80,80,80,80,80,80,80,80,80,80,80,80,80,80,80,80,80,80,80,80,80,85,85,85,85,85,85,85,85,85,85,85,85,85,85,85,85,85,85],"card_choices":[{"not_picked":["Guardian:RefractedBeam","Guardian:Planning"],"picked":"Guardian:PrimingBeam","floor":2.0},{"not_picked":["Guardian:ChargeCore","Guardian:Emergency"],"picked":"Guardian:Orbwalk","floor":3.0},{"not_picked":["Guardian:Gem_Red","Guardian:Recover"],"picked":"Guardian:Harden","floor":5.0},{"not_picked":["Guardian:ShieldCharger","Guardian:WalkerClaw"],"picked":"Guardian:RollAttack","floor":8.0},{"not_picked":["Guardian:Planning","Guardian:Incinerate"],"picked":"Guardian:Gem_Blue","floor":9.0},{"not_picked":["Guardian:Gem_Cyan","Guardian:GatlingBeam"],"picked":"Guardian:DecasProtection","floor":10.0},{"not_picked":["Guardian:Reroute","Guardian:ChargeCore"],"picked":"Guardian:FloatingOrbs","floor":12.0},{"not_picked":["Guardian:Gem_Lightblue","Guardian:Reroute"],"picked":"Guardian:Suspension","floor":13.0},{"not_picked":["Guardian:WalkerClaw","Guardian:TemporalShield","Guardian:RollAttack"],"picked":"SKIP","floor":15.0},{"not_picked":["Guardian:BaubleBeam","Guardian:RevengeProtocol"],"picked":"Guardian:AncientConstruct","floor":16.0},{"not_picked":["Guardian:RefractedBeam","Guardian:Emergency"],"picked":"Guardian:SpikerProtocol","floor":19.0},{"not_picked":["Guardian:Gem_Yellow","Guardian:Gem_Red","Guardian:PrismaticBeam"],"picked":"SKIP","floor":20.0},{"not_picked":["Guardian:Recover","Guardian:RefractedBeam"],"picked":"Guardian:ArmoredProtocol+1","floor":22.0},{"not_picked":["Guardian:Recover","Guardian:Incinerate"],"picked":"Guardian:Gem_Orange","floor":23.0},{"not_picked":["Guardian:TemporalShield+1","Guardian:ChargeCore","Guardian:ShieldCharger"],"picked":"SKIP","floor":25.0},{"not_picked":["Guardian:Gem_Lightblue","Guardian:Gem_Cyan"],"picked":"Guardian:Recover+1","floor":26.0},{"not_picked":["Guardian:Gem_Cyan","Guardian:Gem_Fragmented"],"picked":"Guardian:Gem_Lightblue","floor":27.0},{"not_picked":["Guardian:SpikerProtocol","Guardian:RevengeProtocol"],"picked":"Guardian:ShieldSpikes","floor":29.0},{"not_picked":["Guardian:ShieldCharger","Guardian:BronzeOrb","Guardian:Suspension"],"picked":"SKIP","floor":32.0},{"not_picked":["Guardian:GemFire","Guardian:HyperBeam_Guardian"],"picked":"Guardian:Gem_Synthetic","floor":33.0},{"not_picked":["Guardian:FloatingOrbs+1","Guardian:Gem_Yellow"],"picked":"Guardian:BronzeArmor+1","floor":36.0},{"not_picked":["Guardian:MultiBeam+1","Guardian:VentSteam"],"picked":"Guardian:Recover+1","floor":37},{"not_picked":["Guardian:DonusPower+1","Guardian:RollAttack","Guardian:Gem_Crimson"],"picked":"SKIP","floor":38},{"not_picked":["Guardian:Planning","Guardian:Gem_White"],"picked":"Guardian:BodySlam+1","floor":39},{"not_picked":["expansioncontent:AwakenDeath","expansioncontent:LastStand"],"picked":"expansioncontent:PrepareCrush","floor":40},{"not_picked":["Guardian:RefractedBeam+1","Guardian:EvasiveProtocol+1","Guardian:FuturePlans"],"picked":"SKIP","floor":42},{"not_picked":["Guardian:RefractedBeam+1","Guardian:FuturePlans"],"picked":"Guardian:EvasiveProtocol+1","floor":42},{"not_picked":["Guardian:WalkerClaw+1","Guardian:Reroute+1"],"picked":"Guardian:RevengeProtocol","floor":43},{"not_picked":["Guardian:TimeBomb","Guardian:Incinerate+1","Guardian:FuturePlans+1"],"picked":"SKIP","floor":47},{"not_picked":["Guardian:Planning+1","Guardian:Recover+1"],"picked":"Guardian:ArmoredProtocol+1","floor":49}],"player_experience":819757,"relics_obtained":[{"floor":7.0,"key":"MealTicket"},{"floor":12.0,"key":"Vajra"},{"floor":21.0,"key":"bronze:DecasWashers"},{"floor":23.0,"key":"Sundial"},{"floor":24.0,"key":"Bag of Marbles"},{"floor":29.0,"key":"Juzu Bracelet"},{"floor":41,"key":"Molten Egg 2"},{"floor":43,"key":"Art of War"},{"floor":47,"key":"Frozen Egg 2"}],"event_choices":[{"damage_healed":0.0,"max_hp_gain":0.0,"max_hp_loss":0.0,"gold_gain":0.0,"event_name":"FaceTrader","player_choice":"Leave","floor":14.0,"gold_loss":0.0,"damage_taken":0.0}],"is_beta":false,"boss_relics":[{"not_picked":["Cursed Key","Busted Crown"],"picked":"Velvet Choker"},{"not_picked":["Empty Cage","Calling Bell"],"picked":"Guardian:ModeShifterPlus"}],"items_purged_floors":[10,22],"is_endless":false,"potions_floor_spawned":[8,9,12,13,16,19,25,26,27,33,38,39,49],"ascension_level":7}}