{"host":"6fkscwgr344hcmao","time":1612471742,"event":{"mods":["2.2 Compatiblity","AchievementEnabler","BaseMod","Colored Map","Highlight Path","Minty Spire (QoL Compilation)","Random Character Button","Rare Cards Sparkle"],"gold_per_floor":[109,34,34,50,50,50,76,94,94,104,121,131,206,206,206,206,206],"floor_reached":16,"language":"POL","playtime":272,"items_purged":["Strike_R"],"score":127,"play_id":"277b6dfe-6eba-4eeb-bee4-4e5ce2b92347","local_time":"20210204214902","is_ascension_mode":false,"campfire_choices":[{"data":"Bash","floor":6,"key":"SMITH"},{"data":"Warcry","floor":15,"key":"SMITH"}],"circlet_count":0,"master_deck":["Strike_R","Strike_R","Strike_R","Strike_R","Defend_R","Defend_R","Defend_R","Defend_R","Bash+1","Warcry+1"],"relics":["Burning Blood","NeowsBlessing","Self Forming Clay","Omamori","Golden Idol"],"acts_visited":["Exordium"],"potions_floor_usage":[10],"damage_taken":[{"damage":0,"enemies":"2 Louse","floor":1,"turns":1},{"damage":0,"enemies":"Cultist","floor":4,"turns":1},{"damage":0,"enemies":"Gremlin Nob","floor":7,"turns":1},{"damage":11,"enemies":"Jaw Worm","floor":8,"turns":2},{"damage":0,"enemies":"3 Louse","floor":10,"turns":3},{"damage":10,"enemies":"Exordium Wildlife","floor":11,"turns":4},{"damage":8,"enemies":"2 Fungi Beasts","floor":12,"turns":4},{"damage":0,"enemies":"Hexaghost","floor":16,"turns":1}],"seed_played":"8022620342695322688","potions_obtained":[{"floor":4,"key":"Fire Potion"},{"floor":11,"key":"Energy Potion"},{"floor":12,"key":"Fire Potion"}],"is_trial":false,"path_per_floor":["M","$","?","M","$","R","E","M","T","M","M","M","?","?","R","B"],"character_chosen":"IRONCLAD","items_purchased":[],"campfire_rested":0,"item_purchase_floors":[],"current_hp_per_floor":[80,80,80,80,80,80,80,75,75,80,76,74,63,63,63,63,63],"gold":206,"neow_bonus":"THREE_ENEMY_KILL","is_daily":false,"chose_seed":false,"campfire_upgraded":2,"win_rate":0.0,"timestamp":1612471742,"path_taken":["M","$","?","M","$","R","E","?","T","M","M","M","?","?","R","BOSS"],"items_purchased_type":[],"build_version":"2020-12-22","purchased_purges":1,"victory":false,"max_hp_per_floor":[80,80,80,80,80,80,80,80,80,80,80,80,80,74,74,74,74],"card_choices":[{"not_picked":["Rage","Sever Soul"],"picked":"Warcry","floor":1},{"not_picked":["Shrug It Off","Evolve","Seeing Red"],"picked":"SKIP","floor":4},{"not_picked":["Anger","Wild Strike","Spot Weakness"],"picked":"SKIP","floor":7},{"not_picked":["Havoc","Twin Strike","Hemokinesis"],"picked":"SKIP","floor":8},{"not_picked":["Blood for Blood","Body Slam","Twin Strike"],"picked":"SKIP","floor":10},{"not_picked":["True Grit","Anger","Heavy Blade"],"picked":"SKIP","floor":11},{"not_picked":["Reckless Charge","Reaper","Armaments"],"picked":"SKIP","floor":12}],"player_experience":240613,"relics_obtained":[{"floor":7,"key":"Self Forming Clay"},{"floor":9,"key":"Omamori"}],"event_choices":[{"damage_healed":0,"gold_gain":0,"player_choice":"0 cards matched","damage_taken":0,"max_hp_gain":0,"max_hp_loss":0,"event_name":"Match and Keep!","floor":3,"gold_loss":0,"cards_obtained":[]},{"damage_healed":0,"gold_gain":75,"player_choice":"Gather Gold","damage_taken":11,"max_hp_gain":0,"max_hp_loss":0,"event_name":"World of Goop","floor":13,"gold_loss":0},{"damage_healed":0,"gold_gain":0,"player_choice":"Lose Max HP","damage_taken":0,"relics_obtained":["Golden Idol"],"max_hp_gain":0,"max_hp_loss":6,"event_name":"Golden Idol","floor":14,"gold_loss":0}],"is_beta":false,"boss_relics":[],"items_purged_floors":[2],"is_endless":false,"potions_floor_spawned":[4,11,12],"killed_by":"Hexaghost","ascension_level":0}}