{"host":"h2977v3ax51ohsow","time":1612426581,"event":{"mods":["Act Like it!","BaseMod","Colored Powertips","Koishi","Lobotomy","LobotomyExtend","Marisa£®ÏF”Í°°ƒß¿Ì…≥£©","Minty Spire (QoL Compilation)","Reimu£®≤©¿ˆ¡È√Œ£©","Remilia£®¿Ÿ√◊¿Ú—«£©","StSLib","The Administrix","The Servant 0.9.4"],"gold_per_floor":[115,133,152,171,190,221,221,255,282,358,370,370],"floor_reached":11,"language":"ZHS","playtime":709,"items_purged":[],"score":89,"play_id":"86d16918-8f28-437b-8859-1cd1ba78d444","local_time":"20210204161621","is_ascension_mode":true,"campfire_choices":[],"circlet_count":0,"master_deck":["Strike_MRS","Strike_MRS","Strike_MRS","Strike_MRS","Defend_MRS","Defend_MRS","Defend_MRS","Defend_MRS","MasterSpark","UpSweep","UniverseFragment","StarlightTyphoon","ManaConvection","SatelliteIllusion","NonDirectionalLaser","MagicChant","Yin","MysteriousBeam","PowerUp","CENSORED","ShootingEcho"],"relics":["MiniHakkero","CogitoBucket","LetterFromLob","Bird Faced Urn","Golden Idol","Yang_Lob","Centennial Puzzle","Anchor","MawBank"],"acts_visited":["Exordium"],"potions_floor_usage":[5,6,10,11],"damage_taken":[{"damage":0,"enemies":"2 Louse","floor":1,"turns":2},{"damage":2,"enemies":"Small Slimes","floor":2,"turns":3},{"damage":6,"enemies":"Jaw Worm","floor":3,"turns":3},{"damage":1,"enemies":"Exordium Wildlife","floor":4,"turns":3},{"damage":4,"enemies":"Gremlin Gang","floor":5,"turns":3},{"damage":21,"enemies":"Gremlin Nob","floor":6,"turns":4},{"damage":14,"enemies":"3 Sentries","floor":8,"turns":5},{"damage":10,"enemies":"Gremlin Nob","floor":10,"turns":6},{"damage":0,"enemies":"Gremlin Nob","floor":11,"turns":3}],"seed_played":"7132004120902894580","potions_obtained":[{"floor":2,"key":"DuplicationPotion"},{"floor":4,"key":"Strength Potion"},{"floor":8,"key":"Block Potion"},{"floor":10,"key":"DistilledChaos"}],"is_trial":false,"path_per_floor":["M","M","M","M","M","E","?","E","T","?","E"],"character_chosen":"MARISA","items_purchased":[],"campfire_rested":0,"item_purchase_floors":[],"current_hp_per_floor":[75,73,67,66,62,41,23,9,9,1,1,1],"gold":370,"neow_bonus":"","is_daily":false,"chose_seed":false,"campfire_upgraded":0,"win_rate":0.0,"timestamp":1612426581,"path_taken":["M","M","M","M","M","E","?","E","T","?","E"],"items_purchased_type":[],"build_version":"2020-12-22","purchased_purges":0,"victory":false,"max_hp_per_floor":[75,75,75,75,75,75,75,75,75,75,75,75],"card_choices":[{"not_picked":["Murderer","HeroicMonk","SpiderBud"],"picked":"Singing Bowl","floor":1},{"not_picked":["CherryBlossoms","BeautyBeast"],"picked":"UniverseFragment","floor":1},{"not_picked":["RefractionSpark","BlazeAway"],"picked":"StarlightTyphoon","floor":1},{"not_picked":["OSAHOGD","Wellcheers","MeatLantern"],"picked":"Singing Bowl","floor":2},{"not_picked":["GalacticHalo","SporeBomb"],"picked":"ManaConvection","floor":2},{"not_picked":["HeroicMonk","DreamingCurrent","OSAHOGD"],"picked":"Singing Bowl","floor":3},{"not_picked":["AsteroidBelt","GrandCross"],"picked":"SatelliteIllusion","floor":3},{"not_picked":["OldLady","CherryBlossoms","Bloodbath"],"picked":"Singing Bowl","floor":4},{"not_picked":["PowerUp","Occultation"],"picked":"NonDirectionalLaser","floor":4},{"not_picked":["OldLady","BeautyBeast","Wellcheers"],"picked":"Singing Bowl","floor":5},{"not_picked":["DragonMeteor","Acceleration"],"picked":"MagicChant","floor":5},{"not_picked":["Murderer","MHz"],"picked":"Yin","floor":6},{"not_picked":["GrandCross","Occultation"],"picked":"MysteriousBeam","floor":6},{"not_picked":["ManaConvection","SporeBomb"],"picked":"PowerUp","floor":8},{"not_picked":["LittlePrince","FairyFestival","Freischutz"],"picked":"Singing Bowl","floor":10},{"not_picked":["ShyLook","GreedKing"],"picked":"CENSORED","floor":10},{"not_picked":["MysteriousBeam","ManaConvection"],"picked":"ShootingEcho","floor":10}],"player_experience":136218,"relics_obtained":[{"floor":1,"key":"LetterFromLob"},{"floor":6,"key":"Bird Faced Urn"},{"floor":8,"key":"Centennial Puzzle"},{"floor":9,"key":"Anchor"}],"event_choices":[{"damage_healed":0,"gold_gain":0,"player_choice":"Take Damage","damage_taken":18,"relics_obtained":["Golden Idol"],"max_hp_gain":0,"max_hp_loss":0,"event_name":"Golden Idol","floor":7,"gold_loss":0},{"damage_healed":0,"gold_gain":0,"player_choice":"Searched \u00273\u0027 times","damage_taken":0,"relics_obtained":["MawBank"],"max_hp_gain":0,"max_hp_loss":0,"event_name":"Dead Adventurer","floor":10,"gold_loss":0}],"is_beta":false,"boss_relics":[],"items_purged_floors":[],"is_endless":false,"potions_floor_spawned":[2,4,8,10],"killed_by":"Gremlin Nob","ascension_level":1}}