{"host":"2se5dq1do2gp0x9k","time":1612415528,"event":{"mods":["AchievementEnabler","BaseMod","Block Reminder","Colored Map","Colored Powertips","Minty Spire (QoL Compilation)","Relic Stats","StSLib","SuperFastMode"],"gold_per_floor":[18,18,36,55,72,72,107,125,151,76,91,105,105,130,130,203,203,214,229,22,33,33,33,62,62,62,82,40,40,60,60,60,60,60],"floor_reached":33,"language":"ENG","playtime":1182,"items_purged":["Strike_B","Strike_B"],"score":563,"play_id":"ead543ba-61c5-4fb3-8fcc-01f9fbcb5c26","local_time":"20210203211208","is_ascension_mode":true,"campfire_choices":[{"data":"Buffer","floor":6,"key":"SMITH"},{"floor":13,"key":"REST"},{"floor":15,"key":"REST"},{"data":"Zap","floor":23,"key":"SMITH"},{"floor":25,"key":"REST"},{"floor":32,"key":"REST"}],"circlet_count":0,"master_deck":["AscendersBane","Defend_B","Defend_B","Defend_B","Defend_B","Zap+1","Dualcast","Buffer+1","Ball Lightning","Go for the Eyes","Gash","Reboot","All For One","Leap","Genetic Algorithm","Go for the Eyes","Core Surge","Steam","Steam","Trip","Skim","Recycle+1","Gash","Scrape","Bite","Bite","Bite","Bite","Bite","Necronomicurse","Gash"],"relics":["Cracked Core","Kunai","Bag of Preparation","Odd Mushroom","Nuclear Battery","Dream Catcher","Mango","Necronomicon"],"acts_visited":["Exordium","TheCity"],"potions_floor_usage":[7,8,16,24],"damage_taken":[{"damage":7,"enemies":"Jaw Worm","floor":1,"turns":4},{"damage":0,"enemies":"Cultist","floor":3,"turns":3},{"damage":0,"enemies":"2 Louse","floor":4,"turns":3},{"damage":30,"enemies":"Exordium Thugs","floor":5,"turns":4},{"damage":35,"enemies":"3 Sentries","floor":7,"turns":7},{"damage":0,"enemies":"3 Louse","floor":8,"turns":2},{"damage":0,"enemies":"2 Fungi Beasts","floor":11,"turns":3},{"damage":4,"enemies":"Exordium Wildlife","floor":12,"turns":5},{"damage":14,"enemies":"The Mushroom Lair","floor":14,"turns":5},{"damage":18,"enemies":"The Guardian","floor":16,"turns":13},{"damage":10,"enemies":"Shell Parasite","floor":18,"turns":6},{"damage":1,"enemies":"3 Byrds","floor":19,"turns":5},{"damage":31,"enemies":"Cultist and Chosen","floor":21,"turns":8},{"damage":10,"enemies":"Book of Stabbing","floor":24,"turns":6},{"damage":21,"enemies":"Sentry and Sphere","floor":27,"turns":6},{"damage":0,"enemies":"Centurion and Healer","floor":30,"turns":7},{"damage":44,"enemies":"Champ","floor":33,"turns":5}],"seed_played":"-9072808185604383643","potions_obtained":[{"floor":2,"key":"Regen Potion"},{"floor":2,"key":"Ancient Potion"},{"floor":7,"key":"Energy Potion"},{"floor":8,"key":"SteroidPotion"},{"floor":18,"key":"FearPotion"},{"floor":21,"key":"DistilledChaos"},{"floor":30,"key":"Energy Potion"}],"is_trial":false,"path_per_floor":["M","?","M","M","M","R","E","M","T","$","M","M","R","?","R","B",null,"M","M","$","M","?","R","E","R","T","M","$","?","M","?","R","B"],"character_chosen":"DEFECT","items_purchased":["Trip","Scrape"],"campfire_rested":4,"item_purchase_floors":[20,28],"current_hp_per_floor":[57,57,57,57,27,27,7,7,7,7,7,3,24,10,31,13,57,47,46,46,15,15,15,5,26,40,19,19,19,31,10,27,0,0],"gold":60,"neow_bonus":"THREE_RARE_CARDS","is_daily":false,"chose_seed":false,"campfire_upgraded":2,"win_rate":0.0,"timestamp":1612415528,"path_taken":["M","?","?","M","M","R","E","M","T","$","?","M","R","?","R","BOSS","M","M","$","M","?","R","E","R","T","M","$","?","M","?","R","BOSS"],"items_purchased_type":["Card","Card"],"build_version":"2020-12-22","purchased_purges":2,"victory":false,"max_hp_per_floor":[71,71,71,71,71,71,71,71,71,71,71,71,71,71,71,71,71,71,71,71,71,71,71,71,71,85,85,85,59,59,59,59,59,59],"relic_stats":{"Dream Catcher":2,"counters":[17,92],"Bag of Preparation":[22],"Necronomicon":[1],"Kunai":[34],"obtain_stats":[{"Dream Catcher":24,"Mango":26,"Bag of Preparation":9,"Necronomicon":31,"Kunai":7,"Odd Mushroom":14,"Cracked Core":0,"Nuclear Battery":17},{"Dream Catcher":14,"Mango":14,"Bag of Preparation":6,"Necronomicon":16,"Kunai":5,"Odd Mushroom":9,"Cracked Core":0,"Nuclear Battery":10},{"Dream Catcher":74,"Mango":74,"Bag of Preparation":23,"Necronomicon":87,"Kunai":21,"Odd Mushroom":36,"Cracked Core":0,"Nuclear Battery":49}]},"card_choices":[{"not_picked":["Thunder Strike","Reboot"],"picked":"Buffer","floor":0},{"not_picked":["Redo","Beam Cell"],"picked":"Ball Lightning","floor":1},{"not_picked":["Ball Lightning","Rip and Tear"],"picked":"Go for the Eyes","floor":3},{"not_picked":["Sweeping Beam","Ball Lightning"],"picked":"Gash","floor":4},{"not_picked":["Turbo","Double Energy"],"picked":"Reboot","floor":5},{"not_picked":["Sweeping Beam","Barrage"],"picked":"All For One","floor":7},{"not_picked":["Chill","Barrage"],"picked":"Leap","floor":8},{"not_picked":["Streamline","Beam Cell"],"picked":"Genetic Algorithm","floor":11},{"not_picked":["Doom and Gloom","Sweeping Beam","Streamline"],"picked":"SKIP","floor":12},{"not_picked":["Barrage","Streamline"],"picked":"Go for the Eyes","floor":14},{"not_picked":["Multi-Cast","Reboot"],"picked":"Core Surge","floor":16},{"not_picked":["Cold Snap+1","Stack"],"picked":"Steam","floor":18},{"not_picked":["Redo","Force Field"],"picked":"Steam","floor":19},{"not_picked":["Cold Snap","Conserve Battery"],"picked":"Skim","floor":21},{"not_picked":["Cold Snap","Streamline"],"picked":"Recycle+1","floor":24},{"not_picked":["Go for the Eyes","Compile Driver"],"picked":"Gash","floor":25},{"not_picked":["Redo","Lockon","Cold Snap+1"],"picked":"SKIP","floor":27},{"not_picked":["Storm","Turbo","Stack"],"picked":"SKIP","floor":30},{"not_picked":["Storm","Glacier"],"picked":"Gash","floor":32}],"player_experience":4063508,"relics_obtained":[{"floor":7,"key":"Kunai"},{"floor":9,"key":"Bag of Preparation"},{"floor":14,"key":"Odd Mushroom"},{"floor":24,"key":"Dream Catcher"},{"floor":26,"key":"Mango"},{"floor":31,"key":"Necronomicon"}],"event_choices":[{"damage_healed":0,"gold_gain":0,"player_choice":"Got Potions","damage_taken":0,"max_hp_gain":0,"max_hp_loss":0,"event_name":"Lab","floor":2,"gold_loss":0},{"damage_healed":0,"gold_gain":0,"player_choice":"Fought Mushrooms","damage_taken":0,"max_hp_gain":0,"max_hp_loss":0,"event_name":"Mushrooms","floor":14,"gold_loss":0},{"damage_healed":0,"gold_gain":0,"player_choice":"Became a vampire","damage_taken":0,"max_hp_gain":0,"max_hp_loss":26,"event_name":"Vampires","floor":29,"gold_loss":0,"cards_obtained":["Bite","Bite","Bite","Bite","Bite"]},{"damage_healed":0,"gold_gain":0,"player_choice":"Obtained Book","damage_taken":21,"max_hp_gain":0,"max_hp_loss":0,"event_name":"Cursed Tome","floor":31,"gold_loss":0}],"is_beta":false,"boss_relics":[{"not_picked":["Runic Dome","SlaversCollar"],"picked":"Nuclear Battery"}],"items_purged_floors":[10,20],"is_endless":false,"potions_floor_spawned":[7,8,11,18,21,30],"killed_by":"Champ","ascension_level":20}}