{"host":"rmt60uil2jppa14k","time":1612475712,"event":{"mods":["AchievementEnabler","BaseMod","Minty Spire (QoL Compilation)","Quick Restart","StSLib"],"gold_per_floor":[365,11,26,37,37,56,56,56,82,96,127,146,156,166,166,264,264,284,296,296,36,36,36,36,56,111,386,405,424,440,65,65,160,160,178,78,96,96,96],"floor_reached":38,"language":"ENG","playtime":1313,"items_purged":["Clumsy"],"score":432,"play_id":"2529dfca-d91d-4070-8bbe-399b342da40b","local_time":"20210204215512","is_ascension_mode":false,"campfire_choices":[{"floor":7,"key":"REST"},{"floor":15,"key":"REST"},{"floor":23,"key":"REST"},{"floor":32,"key":"REST"}],"circlet_count":0,"master_deck":["Strike_B+1","Strike_B+1","Defend_B+1","Defend_B+1","Defend_B+1","Defend_B+1","Zap","Dualcast","Tempest","Sunder","Turbo","Loop","Buffer","Redo","Defragment","BootSequence","Chaos","Ball Lightning","Stack","Ball Lightning","Thunder Strike","Sunder+1","Genetic Algorithm","Storm","Double Energy","Sweeping Beam+1","Leap","Defragment","Turbo","Turbo+1","Steam Power","Static Discharge","Creative AI","Stack+1","Gash","Multi-Cast","Self Repair","Rainbow","Loop+1","Go for the Eyes","Hello World+1"],"relics":["Cracked Core","Mercury Hourglass","Dream Catcher","Orichalcum","Inserter","PreservedInsect","Omamori","Orrery","Lantern","SacredBark"],"acts_visited":["Exordium","TheCity","TheBeyond"],"potions_floor_usage":[11,11,13,25,28,30,33],"damage_taken":[{"damage":6,"enemies":"Cultist","floor":1,"turns":3},{"damage":10,"enemies":"Small Slimes","floor":3,"turns":2},{"damage":5,"enemies":"2 Louse","floor":4,"turns":2},{"damage":6,"enemies":"Large Slime","floor":6,"turns":4},{"damage":13,"enemies":"Gremlin Gang","floor":10,"turns":2},{"damage":14,"enemies":"Lagavulin","floor":11,"turns":6},{"damage":8,"enemies":"Lots of Slimes","floor":12,"turns":3},{"damage":5,"enemies":"Red Slaver","floor":13,"turns":4},{"damage":8,"enemies":"Gremlin Gang","floor":14,"turns":3},{"damage":12,"enemies":"The Guardian","floor":16,"turns":9},{"damage":25,"enemies":"2 Thieves","floor":18,"turns":3},{"damage":9,"enemies":"Shell Parasite","floor":19,"turns":5},{"damage":10,"enemies":"3 Cultists","floor":25,"turns":5},{"damage":0,"enemies":"Snecko","floor":28,"turns":3},{"damage":18,"enemies":"Cultist and Chosen","floor":29,"turns":5},{"damage":5,"enemies":"Chosen and Byrds","floor":30,"turns":4},{"damage":29,"enemies":"Automaton","floor":33,"turns":9},{"damage":55,"enemies":"3 Darklings","floor":35,"turns":5},{"damage":4,"enemies":"3 Shapes","floor":37,"turns":4},{"damage":29,"enemies":"Transient","floor":38,"turns":3}],"seed_played":"-4720842119685284606","potions_obtained":[{"floor":1,"key":"EssenceOfSteel"},{"floor":10,"key":"Weak Potion"},{"floor":11,"key":"SneckoOil"},{"floor":12,"key":"PowerPotion"},{"floor":13,"key":"GamblersBrew"},{"floor":25,"key":"SpeedPotion"},{"floor":29,"key":"LiquidMemories"},{"floor":30,"key":"Dexterity Potion"}],"is_trial":false,"path_per_floor":["M","$","M","M","?","M","R","?","T","M","E","M","M","M","R","B",null,"M","M","?","$","?","R","$","M","T","?","M","M","M","$","R","B",null,"M","$","M","M"],"character_chosen":"DEFECT","items_purchased":["Mercury Hourglass","Sunder","Storm","Double Energy","PreservedInsect","Orrery","Lantern","Multi-Cast","Block Potion","Go for the Eyes"],"campfire_rested":4,"item_purchase_floors":[2,2,21,21,21,31,31,31,36,36],"current_hp_per_floor":[69,69,59,54,54,48,70,70,70,57,43,35,30,22,44,32,75,50,41,41,41,41,63,63,53,53,53,53,35,30,30,52,30,75,27,27,23,0,0],"gold":96,"neow_bonus":"TWO_FIFTY_GOLD","is_daily":false,"chose_seed":false,"campfire_upgraded":0,"win_rate":0.0,"timestamp":1612475712,"path_taken":["M","$","?","M","?","M","R","?","T","M","E","M","?","M","R","BOSS","M","M","?","$","?","R","$","M","T","?","?","?","M","$","R","BOSS","M","?","?","M"],"items_purchased_type":["Relic","Card","Card","Card","Relic","Relic","Relic","Card","Potion","Card"],"build_version":"2020-12-22","purchased_purges":1,"victory":false,"max_hp_per_floor":[75,75,75,75,75,75,75,75,75,75,75,75,75,75,75,75,75,75,75,75,75,75,75,75,75,75,75,75,75,75,75,75,75,75,75,75,75,75,75],"card_choices":[{"not_picked":["Streamline","Compile Driver"],"picked":"Tempest","floor":1},{"not_picked":["Compile Driver","Reprogram"],"picked":"Turbo","floor":3},{"not_picked":["Darkness","Melter"],"picked":"Loop","floor":4},{"not_picked":["Ball Lightning","Leap"],"picked":"Redo","floor":6},{"not_picked":["Stack","Leap"],"picked":"Defragment","floor":10},{"not_picked":["Turbo","Steam"],"picked":"BootSequence","floor":11},{"not_picked":["Steam Power","Sweeping Beam"],"picked":"Chaos","floor":12},{"not_picked":["Cold Snap","Thunder Strike"],"picked":"Ball Lightning","floor":13},{"not_picked":["Undo","Go for the Eyes"],"picked":"Stack","floor":14},{"not_picked":["Consume","Doom and Gloom"],"picked":"Ball Lightning","floor":15},{"not_picked":["Amplify","Meteor Strike"],"picked":"Thunder Strike","floor":16},{"not_picked":["Tempest","Steam+1"],"picked":"Sunder+1","floor":18},{"not_picked":["Leap","Cold Snap+1"],"picked":"Genetic Algorithm","floor":19},{"not_picked":["Conserve Battery","Tempest"],"picked":"Sweeping Beam+1","floor":23},{"not_picked":["Heatsinks+1","Sweeping Beam"],"picked":"Leap","floor":25},{"not_picked":["Redo","Compile Driver+1"],"picked":"Defragment","floor":28},{"not_picked":["Sweeping Beam+1","Compile Driver"],"picked":"Turbo","floor":29},{"not_picked":["Coolheaded","Streamline"],"picked":"Turbo+1","floor":30},{"not_picked":["All For One","Genetic Algorithm+1"],"picked":"Steam Power","floor":31},{"not_picked":["Turbo","Beam Cell"],"picked":"Static Discharge","floor":31},{"not_picked":["Steam+1","Loop+1"],"picked":"Creative AI","floor":31},{"not_picked":["Rebound","Compile Driver"],"picked":"Stack+1","floor":31},{"not_picked":["Melter","Undo"],"picked":"Gash","floor":31},{"not_picked":["Glacier","Conserve Battery"],"picked":"Self Repair","floor":32},{"not_picked":["Multi-Cast","Machine Learning"],"picked":"Rainbow","floor":33},{"not_picked":["Streamline+1","Conserve Battery"],"picked":"Loop+1","floor":35},{"not_picked":["White Noise","Redo"],"picked":"Hello World+1","floor":37}],"player_experience":133805,"relics_obtained":[{"floor":9,"key":"Dream Catcher"},{"floor":11,"key":"Orichalcum"},{"floor":26,"key":"Omamori"}],"event_choices":[{"damage_healed":0,"gold_gain":0,"cards_transformed":["Strike_B"],"player_choice":"Change","damage_taken":0,"max_hp_gain":0,"max_hp_loss":0,"event_name":"Living Wall","floor":5,"gold_loss":0,"cards_obtained":["Buffer"]},{"cards_removed":["Strike_B"],"damage_healed":0,"gold_gain":0,"player_choice":"Offered Basic","damage_taken":0,"max_hp_gain":0,"max_hp_loss":0,"event_name":"Bonfire Elementals","floor":8,"gold_loss":0},{"damage_healed":0,"gold_gain":0,"player_choice":"Ignored","damage_taken":0,"max_hp_gain":0,"max_hp_loss":0,"event_name":"Ghosts","floor":20,"gold_loss":0},{"damage_healed":0,"gold_gain":0,"player_choice":"Simplicity","damage_taken":0,"max_hp_gain":0,"max_hp_loss":0,"event_name":"Back to Basics","floor":22,"gold_loss":0,"cards_upgraded":["Strike_B","Strike_B","Defend_B","Defend_B","Defend_B","Defend_B"]},{"damage_healed":0,"gold_gain":275,"player_choice":"Desecrate","damage_taken":0,"max_hp_gain":0,"max_hp_loss":0,"event_name":"Golden Shrine","floor":27,"gold_loss":0,"cards_obtained":["Regret"]}],"is_beta":false,"boss_relics":[{"not_picked":["Black Star","Runic Dome"],"picked":"Inserter"},{"not_picked":["Coffee Dripper","Empty Cage"],"picked":"SacredBark"}],"items_purged_floors":[2],"is_endless":false,"potions_floor_spawned":[1,10,11,12,13,25,29,30],"killed_by":"Transient","ascension_level":0}}