{"host":"tkinv8gv6hgcc58b","time":1612416773,"event":{"mods":["AchievementEnabler","BaseMod","BetterRewards","Colored Map","Downfall","Googly Eyes","Hermit","Minty Spire (QoL Compilation)","Rare Cards Sparkle","Relic Filter","StSLib","The Cursed","The Disciple"],"gold_per_floor":[115,115,129,91,102,129,129,154,154,180,212,226,526,554,100,200,200,300,300,311,322,3,3,78,3,28,28,60,60,109,109,109,208,208,57,89,89,89,185,185,199,199,217,217,64,0,0,25,25,25,40,1,12,12,28,28,28],"floor_reached":58,"language":"ENG","playtime":3356,"items_purged":[],"score":1466,"play_id":"497a69ec-f19a-4a1d-8cdf-b6cce14ce245","local_time":"20210204003253","is_ascension_mode":true,"campfire_choices":[{"data":"hexamod:NightmareStrike","floor":7.0,"key":"SMITH"},{"floor":9.0,"key":"REST"},{"floor":17.0,"key":"REST"},{"floor":27.0,"key":"REST"},{"data":"Slimebound:Nibble","floor":31.0,"key":"SMITH"},{"floor":34.0,"key":"REST"},{"data":"Sadistic Nature","floor":37.0,"key":"SMITH"},{"data":"Sadistic Nature","floor":38.0,"key":"SMITH"},{"floor":47,"key":"REST"},{"data":"Mayhem","floor":49,"key":"SMITH"},{"floor":56,"key":"REST"}],"circlet_count":0,"master_deck":["Strike_R+1","Strike_R+1","Strike_R+1","Strike_R+1","Defend_R+1","Defend_R+1","Defend_R+1","Bash","hexamod:NightmareStrike+1","Carnage","AlternateTimeline","Slimebound:Nibble+1","SlimeSpray","Slimebound:Schlurp","Shrug It Off","Twin Strike","Sadistic Nature+1","LockedBell","Barricade+1","Battle Trance+1","Swift Strike","Auto Shields+1","Sadistic Nature+1","expansioncontent:AwakenDeath","PathToVictory","Mayhem+1","Inflame","Disarm","Blade Dance+1"],"relics":["Black Blood","PrismaticShard","Pantograph","Question Card","sneckomod:BabySnecko","Vajra","Old Coin","Bag of Preparation","Matryoshka","Astrolabe","PreservedInsect","Lizard Tail","Slimebound:PreparedRelic","Blue Candle","Ice Cream","Regal Pillow","Singing Bowl","WarpedTongs","HandDrill","Bottled Lightning","Red Skull","Red Mask","Pear","White Beast Statue"],"acts_visited":["Exordium","TheCity","TheBeyond"],"potions_floor_usage":[57,57,57],"damage_taken":[{"damage":10.0,"enemies":"2 Louse","floor":1.0,"turns":4.0},{"damage":1.0,"enemies":"Cultist","floor":3.0,"turns":4.0},{"damage":7.0,"enemies":"Small Slimes","floor":5.0,"turns":3.0},{"damage":16.0,"enemies":"Gremlin Nob","floor":6.0,"turns":3.0},{"damage":33.0,"enemies":"Lagavulin","floor":8.0,"turns":5.0},{"damage":13.0,"enemies":"Gremlin Nob","floor":11.0,"turns":3.0},{"damage":6.0,"enemies":"3 Louse","floor":12.0,"turns":2.0},{"damage":30.0,"enemies":"Lagavulin","floor":14.0,"turns":4.0},{"damage":51.0,"enemies":"Hexaghost","floor":18.0,"turns":8.0},{"damage":20.0,"enemies":"Chosen","floor":20.0,"turns":3.0},{"damage":16.0,"enemies":"Shell Parasite","floor":21.0,"turns":4.0},{"damage":21.0,"enemies":"Gremlin Leader","floor":26.0,"turns":4.0},{"damage":5.0,"enemies":"Slavers","floor":28.0,"turns":3.0},{"damage":20.0,"enemies":"Gremlin Leader","floor":36.0,"turns":4.0},{"damage":72.0,"enemies":"Automaton","floor":39.0,"turns":8.0},{"damage":17.0,"enemies":"3 Shapes","floor":41.0,"turns":4.0},{"damage":53.0,"enemies":"3 Darklings","floor":43.0,"turns":5.0},{"damage":18,"enemies":"Nemesis","floor":48,"turns":3},{"damage":16,"enemies":"Maw","floor":51,"turns":5},{"damage":43,"enemies":"3 Darklings","floor":53,"turns":5},{"damage":25,"enemies":"Sphere and 2 Shapes","floor":55,"turns":4},{"damage":111,"enemies":"Time Eater","floor":57,"turns":9}],"seed_played":"6427358897353094156","potions_obtained":[{"floor":1.0,"key":"CultistPotion"},{"floor":11.0,"key":"SpeedPotion"},{"floor":12.0,"key":"Regen Potion"},{"floor":21.0,"key":"Regen Potion"}],"is_trial":false,"path_per_floor":["M","?","M","$","M","E","R","E","R","T","E","M","?","E","$","?","R","B",null,"M","M","$","?","T","?","E","R","E","T","T","R","?","?","R","$","E","R","R","B",null,"M","$","M","M","$","?","R","E","R","T","M","$","M","?","M","R","B",null],"character_chosen":"IRONCLAD","items_purchased":["PrismaticShard","Carnage","Matryoshka","Twin Strike","Sadistic Nature","PreservedInsect","Sadistic Nature","HandDrill","Red Skull","Disarm"],"campfire_rested":6,"item_purchase_floors":[0,4,15,15,15,22,22,35,45,52],"current_hp_per_floor":[68,80,80,80,79,69,69,42,66,66,59,59,52,28,28,28,52,32,68,54,44,44,44,44,44,29,53,54,54,54,54,39,39,79,79,65,65,65,19,69,66,66,25,25,25,25,66,72,72,72,70,70,41,41,28,73,39],"gold":28,"neow_bonus":"","is_daily":false,"chose_seed":false,"campfire_upgraded":5,"win_rate":0.0,"timestamp":1612416773,"path_taken":["M","?","?","?","M","E","R","E","R","T","E","M","?","E","$","?","R","BOSS","M","M","$","?","?","?","E","R","E","T","T","R","?","?","R","?","E","R","R","BOSS","M","?","M","?","$","?","R","E","R","T","M","?","M","?","M","R","BOSS"],"items_purchased_type":["Relic","Card","Relic","Card","Card","Relic","Card","Relic","Relic","Card"],"build_version":"2020-12-22","purchased_purges":0,"victory":true,"max_hp_per_floor":[80,80,80,80,80,80,80,80,80,80,80,80,80,80,80,80,80,80,80,80,80,80,80,80,80,80,80,80,80,80,80,85,85,85,85,85,85,85,85,85,87,87,87,87,87,87,87,99,99,99,101,101,103,103,103,103,103],"card_choices":[{"not_picked":["WindUp","BlueShift"],"picked":"Study","floor":1.0},{"not_picked":["Go for the Eyes","hermit:Virtue"],"picked":"hexamod:NightmareStrike","floor":3.0},{"not_picked":["Stack","VestedLegacy"],"picked":"AlternateTimeline","floor":5.0},{"not_picked":["TheCursedMod:TroublousMinions","ClearTheMind"],"picked":"Slimebound:Nibble","floor":6.0},{"not_picked":["champ:CrownThrow","TheCursedMod:CursedAmulet"],"picked":"SlimeSpray","floor":8.0},{"not_picked":["sneckomod:Unknown2Cost","Bouncing Flask","hermit:Roulette"],"picked":"Slimebound:Schlurp","floor":11.0},{"not_picked":["EmptyMind","LockedTornado","hexamod:PhantomFireball"],"picked":"sneckomod:UnknownX","floor":12.0},{"not_picked":["bronze:BuggyMess","bronze:Fortify","Magnetism"],"picked":"Shrug It Off","floor":14.0},{"not_picked":["hermit:Reprieve","Doppelganger","bronze:FindAndReplace"],"picked":"LockedBell","floor":18.0},{"not_picked":["sneckomod:SlitherStrike","Guardian:FuturePlans","Dagger Spray"],"picked":"Swift Strike","floor":20.0},{"not_picked":["bronze:OilSpill","hexamod:FastForward","sneckomod:UnknownClassBLUE"],"picked":"Auto Shields+1","floor":21.0},{"not_picked":["Slimebound:LivingWall+1","hermit:CursedWeapon","Sword Boomerang"],"picked":"expansioncontent:AwakenDeath","floor":26.0},{"not_picked":["Well Laid Plans","champ:Shatter+1","champ:Circumvent","sneckomod:TrashToTreasure"],"picked":"SKIP","floor":28.0},{"not_picked":["Slimebound:HauntingLick","Fiend Fire","hermit:Enervate+1"],"picked":"PathToVictory","floor":36.0},{"not_picked":["Slimebound:Recycling","champ:UltimateStance","hermit:Adapt"],"picked":"Mayhem","floor":39.0},{"not_picked":["LockedScales+1","hermit:Desperado+1","champ:FocusedDefense+1","Panacea"],"picked":"Singing Bowl","floor":41.0},{"not_picked":["Slimebound:RollThrough","bronze:BugBarrage","Prostrate+1"],"picked":"Inflame","floor":43.0},{"not_picked":["Blur","Well Laid Plans+1","Slimebound:Repurpose","bronze:FineTuning"],"picked":"Singing Bowl","floor":48},{"not_picked":["sneckomod:UnknownClassTHE_CURSED_PURPLE+1","bronze:CutThrough+1","TheCursedMod:StingEye","Guardian:TemporalStrike+1"],"picked":"Singing Bowl","floor":51},{"not_picked":["bronze:Overload+1","TheCursedMod:RavingStaff","Conserve Battery+1","Consume"],"picked":"Singing Bowl","floor":53},{"not_picked":["champ:BladeFlurry+1","Guardian:ChargeCore+1","hexamod:GhostShield"],"picked":"Blade Dance+1","floor":55}],"player_experience":1116063,"relics_obtained":[{"floor":6.0,"key":"Pantograph"},{"floor":8.0,"key":"Question Card"},{"floor":10.0,"key":"sneckomod:BabySnecko"},{"floor":11.0,"key":"Vajra"},{"floor":14.0,"key":"Bag of Preparation"},{"floor":24.0,"key":"Lizard Tail"},{"floor":24.0,"key":"Slimebound:PreparedRelic"},{"floor":26.0,"key":"Blue Candle"},{"floor":28.0,"key":"Ice Cream"},{"floor":29.0,"key":"Regal Pillow"},{"floor":29.0,"key":"Singing Bowl"},{"floor":30.0,"key":"WarpedTongs"},{"floor":36.0,"key":"Bottled Lightning"},{"floor":48,"key":"Pear"},{"floor":50,"key":"White Beast Statue"}],"event_choices":[{"cards_removed":["Study"],"damage_healed":12.0,"max_hp_gain":0.0,"max_hp_loss":0.0,"gold_gain":0.0,"event_name":"Bonfire Elementals","player_choice":"Offered Uncommon","floor":2.0,"gold_loss":0.0,"damage_taken":0.0},{"damage_healed":0.0,"max_hp_gain":0.0,"max_hp_loss":0.0,"gold_gain":0.0,"event_name":"Scrap Ooze","player_choice":"Success","floor":13.0,"gold_loss":0.0,"damage_taken":7.0,"relics_obtained":["Old Coin"]},{"damage_healed":0.0,"max_hp_gain":0.0,"max_hp_loss":0.0,"gold_gain":100.0,"event_name":"Golden Shrine","player_choice":"Pray","floor":16.0,"gold_loss":0.0,"damage_taken":0.0},{"damage_healed":0.0,"max_hp_gain":0.0,"max_hp_loss":0.0,"gold_gain":0.0,"event_name":"Back to Basics","player_choice":"Simplicity","floor":23.0,"gold_loss":0.0,"damage_taken":0.0,"cards_upgraded":["Strike_R","Strike_R","Strike_R","Strike_R","Defend_R","Defend_R","Defend_R"]},{"cards_removed":["Brutality"],"damage_healed":0.0,"max_hp_gain":0.0,"max_hp_loss":0.0,"gold_gain":0.0,"event_name":"Beggar","player_choice":"Gave Gold","floor":25.0,"gold_loss":75.0,"damage_taken":0.0},{"damage_healed":0.0,"max_hp_gain":5.0,"max_hp_loss":0.0,"gold_gain":0.0,"event_name":"Forgotten Altar","player_choice":"Shed Blood","floor":32.0,"gold_loss":0.0,"damage_taken":20.0},{"damage_healed":0.0,"max_hp_gain":0.0,"max_hp_loss":0.0,"gold_gain":99.0,"event_name":"Nest","player_choice":"Stole From Cult","floor":33.0,"gold_loss":0.0,"damage_taken":0.0},{"damage_healed":0,"gold_gain":0,"player_choice":"Paid","damage_taken":0,"relics_obtained":["Red Mask"],"max_hp_gain":0,"max_hp_loss":0,"event_name":"Tomb of Lord Red Mask","floor":46,"gold_loss":64},{"damage_healed":0,"gold_gain":0,"player_choice":"Ignored","damage_taken":0,"max_hp_gain":0,"max_hp_loss":0,"event_name":"The Moai Head","floor":54,"gold_loss":0}],"is_beta":false,"boss_relics":[{"not_picked":["bronze:MakeshiftBattery","Fusion Hammer"],"picked":"Astrolabe"},{"not_picked":["Runic Pyramid","Snecko Eye"],"picked":"Black Blood"}],"items_purged_floors":[],"is_endless":false,"potions_floor_spawned":[1,11,12,21,26,28,43,48,51,53,55],"ascension_level":9}}