{"host":"l8w5ha8d6y408mwb","time":1612448787,"event":{"mods":["AchievementEnabler","BaseMod","ChefMod","Chen","Conspire","Infinite Spire","Marisa£®ÏF”Í°°ƒß¿Ì…≥£©","Minty Spire (QoL Compilation)","Reimu£®≤©¿ˆ¡È√Œ£©","Remilia£®¿Ÿ√◊¿Ú—«£©","Replay The Spire","StSLib","The Gatherer","The Mystic","The Poker Player","Yakumo Yukari mod","Youmu£®ªÍ∆«—˝√Œ£©","Yuyuko"],"gold_per_floor":[109,69,85,11,86,117,117,128,210,228,248,260,260,35,35,130,130,140,153,153,167,127,152,152,165,242,254,254,254,270,289,289,289,289],"floor_reached":33,"language":"ZHS","playtime":2129,"items_purged":[],"score":296,"play_id":"85503563-a390-4c9e-a884-0580f2292233","local_time":"20210204222627","is_ascension_mode":false,"campfire_choices":[{"data":"Hologram","floor":7.0,"key":"SMITH"},{"data":"Coolheaded","floor":13.0,"key":"SMITH"},{"data":"Strike_B","floor":15.0,"key":"PURGE"},{"floor":24.0,"key":"REST"},{"data":"Fission","floor":28.0,"key":"SMITH"},{"data":"ZunPunch:ReiMu","floor":32,"key":"SMITH"}],"circlet_count":0,"master_deck":["Strike_B","Strike_B+1","Strike_B","Defend_B","Defend_B","Defend_B","Defend_B","Zap","Dualcast","Ball Lightning","Time Bomb+1","Hologram+1","Gash+1","Sweeping Beam","Sweeping Beam","Coolheaded+1","Conserve Battery","Self Repair","Fission+1","Gash","Leap+1","Hologram","ZunPunch:ReiMu+1","Fission+1","Panic Button+1","Hologram","Lust_TH","Blizzard","Sweeping Beam+1"],"relics":["Replay:Bottled Snecko","Girya","infinitespire:DarkRift","RampagingMagicTools","infinitespire:Chaos","SlaversCollar","Incense Burner","FossilizedHelix","Mercury Hourglass"],"acts_visited":["Exordium","TheCity"],"potions_floor_usage":[],"damage_taken":[{"damage":0.0,"enemies":"Small Slimes","floor":1.0,"turns":1.0},{"damage":0.0,"enemies":"2 Louse","floor":3.0,"turns":1.0},{"damage":0.0,"enemies":"3 Sentries","floor":6.0,"turns":1.0},{"damage":1.0,"enemies":"Jaw Worm","floor":8.0,"turns":2.0},{"damage":12.0,"enemies":"Blue Slaver","floor":10.0,"turns":3.0},{"damage":1.0,"enemies":"Large Slime","floor":11.0,"turns":4.0},{"damage":1.0,"enemies":"2 Fungi Beasts","floor":12.0,"turns":3.0},{"damage":25.0,"enemies":"The Guardian","floor":16.0,"turns":7.0},{"damage":5.0,"enemies":"Spheric Guardian","floor":18.0,"turns":3.0},{"damage":29.0,"enemies":"conspire:FuzzyDice","floor":19.0,"turns":5.0},{"damage":17.0,"enemies":"Snake Plant","floor":21.0,"turns":5.0},{"damage":19.0,"enemies":"Nightmare","floor":23.0,"turns":10.0},{"damage":9.0,"enemies":"Centurion and Healer","floor":25.0,"turns":7.0},{"damage":17.0,"enemies":"Snecko","floor":27.0,"turns":5.0},{"damage":7,"enemies":"Snake Plant","floor":30,"turns":4},{"damage":0,"enemies":"Centurion and Healer","floor":31,"turns":3},{"damage":42,"enemies":"Pondfish","floor":33,"turns":10}],"seed_played":"-4504165433739411872","potions_obtained":[{"floor":3.0,"key":"Toxic Potion"},{"floor":10.0,"key":"Adrenaline Potion"},{"floor":11.0,"key":"AttackPotion"},{"floor":12.0,"key":"Energy Potion"},{"floor":16.0,"key":"Milkshake"},{"floor":21.0,"key":"CultistPotion"},{"floor":25.0,"key":"LiquidBronze"}],"is_trial":false,"path_per_floor":["M","?","M","$","?","E","R","M","T","M","M","M","R","$","R","B",null,"M","M","?","M","?","NM","R","M","T","M","R","?","M","M","R","B"],"character_chosen":"DEFECT","items_purchased":["Hologram","Gash","Self Repair","infinitespire:Chaos"],"campfire_rested":1,"item_purchase_floors":[4,4,14,14],"current_hp_per_floor":[75,75,75,75,64,64,64,63,63,51,50,49,49,49,49,31,75,75,53,53,43,43,31,53,51,51,41,41,41,41,41,41,0,0],"gold":289,"neow_bonus":"THREE_ENEMY_KILL","is_daily":false,"chose_seed":false,"campfire_upgraded":4,"win_rate":0.0,"timestamp":1612448787,"path_taken":["M","?","M","$","?","E","R","M","T","M","M","M","R","$","R","BOSS","M","M","?","M","?","NM","R","M","T","M","R","?","M","M","R","BOSS"],"items_purchased_type":["Card","Card","Card","Relic"],"build_version":"2020-12-22","purchased_purges":0,"victory":false,"max_hp_per_floor":[75,75,75,75,75,75,75,75,75,75,75,75,75,75,75,75,75,75,75,75,75,75,75,75,75,75,75,75,75,75,75,75,75,75],"card_choices":[{"not_picked":["Rebound","Redo"],"picked":"Ball Lightning","floor":1.0},{"not_picked":["Go for the Eyes","Beam Cell"],"picked":"Time Bomb","floor":3.0},{"not_picked":["Darkness","Barrage"],"picked":"Sweeping Beam","floor":6.0},{"not_picked":["Cold Snap","Barrage"],"picked":"Sweeping Beam","floor":8.0},{"not_picked":["Multi-Cast","BasicCrystalCard","Force Field"],"picked":"SKIP","floor":10.0},{"not_picked":["Redo","ReplaySolidLightProjector"],"picked":"Coolheaded","floor":11.0},{"not_picked":["Steam","Rebound"],"picked":"Conserve Battery","floor":12.0},{"not_picked":["Machine Learning","Amplify"],"picked":"Fission","floor":16.0},{"not_picked":["Compile Driver","Cold Snap"],"picked":"Gash","floor":18.0},{"not_picked":["Beam Cell","Turbo"],"picked":"Leap+1","floor":19.0},{"not_picked":["Reinforced Body+1","Ball Lightning"],"picked":"Hologram","floor":21.0},{"not_picked":["Rebound","Biased Cognition"],"picked":"Fission","floor":23.0},{"not_picked":["Static Discharge+1","Turbo"],"picked":"Panic Button+1","floor":25.0},{"not_picked":["Panic Button","Turbo"],"picked":"Hologram","floor":27.0},{"not_picked":["Redo","Gash"],"picked":"Blizzard","floor":30},{"not_picked":["Panic Button+1","Rip and Tear+1"],"picked":"Sweeping Beam+1","floor":31}],"player_experience":127680,"relics_obtained":[{"floor":6.0,"key":"Whetstone"},{"floor":23.0,"key":"FossilizedHelix"},{"floor":26.0,"key":"Mercury Hourglass"}],"event_choices":[{"damage_healed":0.0,"max_hp_gain":0.0,"max_hp_loss":0.0,"gold_gain":0.0,"event_name":"yidonshenshe","player_choice":"»˚«Æ","floor":2.0,"gold_loss":40.0,"damage_taken":0.0,"relics_obtained":["PaintedHorse:ReiMu"]},{"damage_healed":0.0,"max_hp_gain":0.0,"max_hp_loss":0.0,"gold_gain":75.0,"event_name":"World of Goop","player_choice":"Gather Gold","floor":5.0,"gold_loss":0.0,"damage_taken":11.0},{"damage_healed":0.0,"max_hp_gain":0.0,"max_hp_loss":0.0,"gold_gain":0.0,"event_name":"The Mausoleum","player_choice":"Opened","floor":20.0,"gold_loss":0.0,"damage_taken":0.0,"relics_obtained":["Incense Burner"]},{"damage_healed":0.0,"max_hp_gain":0.0,"max_hp_loss":0.0,"gold_gain":0.0,"event_name":"ZunEvent","player_choice":"Ωª≥ˆ…Òæ∆","floor":22.0,"relics_lost":["ZunR:ReiMu"],"gold_loss":0.0,"damage_taken":0.0,"cards_obtained":["ZunPunch:ReiMu"]}],"is_beta":false,"boss_relics":[{"not_picked":["conspire:RoyalGoblet","Busted Crown"],"picked":"SlaversCollar"}],"items_purged_floors":[],"is_endless":true,"potions_floor_spawned":[3,10,11,12,16,21,25],"killed_by":"Pondfish","ascension_level":0}}