{"host":"ox77rn1xcurm2t5a","time":1612480345,"event":{"mods":["2.2 Compatiblity","AchievementEnabler","Act Like it!","Aspiration","BaseMod","Best Route Mod","Better Match","Better Note","Better Sensory Stone","Block Reminder","Colored Map","Colored Powertips","Conjunction","Conspire","Custom Start","Energized Spire","GifTheSpireLib","Gold Saver","Gremlin Skip","Halation","Highlight Path","Hubris","Infinite Spire","Minty Spire (QoL Compilation)","Pale of the Ancients","Quick Restart","Replay The Spire","Reworked Bosses","ShortenTheSpire","Spire Exporter","StSLib","Stuff the Spire","Wandering Minibosses"],"gold_per_floor":[265,282,4504,4504,4504,4504,4524,4553,4607,4634,4648,3657,3675,3690,3690,3761,3761,3777,3737,3737,3753,3753,3778,3778,3811,3811,3843,3843,3843,3860,3887,3887,3964,4014,4295,4593,4039,4039,4039,4039,4330,4645,4670,4670,3730,3387,3620,3620,3620,3620,3620,3620,3168,3401,3401],"floor_reached":56,"language":"ENG","playtime":2390,"items_purged":["Strike_B","Strike_B","Strike_B+1","Strike_B+2","Defend_B","Defend_B","Defend_B","Defend_B+1"],"score":2291,"play_id":"49134f53-d01e-48c9-bf93-9c62a060bf03","local_time":"20210205011225","is_ascension_mode":true,"campfire_choices":[{"floor":6,"key":"RECALL"},{"data":"Apotheosis","floor":15,"key":"SMITH"},{"floor":24,"key":"REST"},{"floor":29,"key":"REST"},{"floor":32,"key":"REST"},{"floor":40,"key":"REST"},{"floor":49,"key":"REST"}],"circlet_count":0,"master_deck":["AscendersBane","Zap+1","Dualcast","Gash+1","Barrage+1","Chill","Loop","Defragment","Defragment","Apotheosis+1","Capacitor+1","Go for the Eyes+1","Echo Form","CurseOfTheBell","Go for the Eyes+1","StuffTheSpire:Ambrosia","StuffTheSpire:Plugnplay","Ball Lightning+1","Stack+1","Cold Snap+1","Electrodynamics","Ball Lightning+1","Loop","StuffTheSpire:Coldhearted","StuffTheSpire:Coldhearted","Streamline+1","Cold Snap+1","Lockon+1","Streamline+1","Cold Snap+1","Conserve Battery","Capacitor+1"],"relics":["Cracked Core","Molten Egg 2","Whetstone","OrangePellets","infinitespire:Lucky Rock","Potion Belt","DollysMirror","Simple Rune","aspiration:FetidBarrel","Calling Bell","DataDisk","aspiration:HummingbirdHeart","WingedGreaves","ReplayTheSpireMod:EnergyBall","Fusion Hammer","halation:KoshaPiece","aspiration:AnachronicSnailShell","infinitespire:Broken Mirror","Dream Catcher","Shuriken","Tiny House","infinitespire:EvilPickle","halation:AfternoonTea","HandDrill","StuffTheSpire:HistoryBook","StuffTheSpire:Nightcore","Pear","ReplayFunnel","PreservedInsect","infinitespire:BottledMercury","Sling","halation:LettersToHer","aspiration:Lifesprig","hubris:BundleOfHerbs"],"acts_visited":["Exordium","TheCity","TheBeyond","TheEnding"],"potions_floor_usage":[7,8,14,14,16,16,16,21,23,25,25,25,30,35,41,48,50,50,55],"damage_taken":[{"damage":3,"enemies":"2 Louse","floor":1,"turns":2},{"damage":2,"enemies":"Jaw Worm","floor":2,"turns":2},{"damage":2,"enemies":"Cultist","floor":7,"turns":3},{"damage":17,"enemies":"3 Sentries","floor":8,"turns":12},{"damage":16,"enemies":"Lagavulin","floor":10,"turns":5},{"damage":7,"enemies":"Exordium Wildlife","floor":11,"turns":4},{"damage":0,"enemies":"2 Fungi Beasts","floor":13,"turns":3},{"damage":0,"enemies":"Blue Slaver","floor":14,"turns":1},{"damage":0,"enemies":"Hexaghost","floor":16,"turns":9},{"damage":1,"enemies":"3 Byrds","floor":18,"turns":6},{"damage":0,"enemies":"Spheric Guardian","floor":21,"turns":3},{"damage":9,"enemies":"Book of Stabbing","floor":23,"turns":5},{"damage":6,"enemies":"Slavers","floor":25,"turns":7},{"damage":17,"enemies":"Replay:Snechameleon","floor":27,"turns":7},{"damage":10,"enemies":"3 Cultists","floor":30,"turns":4},{"damage":43,"enemies":"Slavers","floor":31,"turns":6},{"damage":10,"enemies":"Pondfish","floor":33,"turns":11},{"damage":1,"enemies":"3 Darklings","floor":35,"turns":3},{"damage":4,"enemies":"Orb Walker","floor":36,"turns":4},{"damage":26,"enemies":"Reptomancer","floor":41,"turns":6},{"damage":19,"enemies":"Nemesis","floor":42,"turns":9},{"damage":4,"enemies":"Maw","floor":47,"turns":6},{"damage":0,"enemies":"Jaw Worm Horde","floor":48,"turns":1},{"damage":10,"enemies":"Time Eater","floor":50,"turns":11},{"damage":20,"enemies":"Shield and Spear","floor":54,"turns":6},{"damage":61,"enemies":"The Heart","floor":55,"turns":11}],"seed_played":"-8413848343470753688","potions_obtained":[{"floor":2,"key":"FocusPotion"},{"floor":7,"key":"Conjunction:LightningMarble"},{"floor":11,"key":"Energy Potion"},{"floor":14,"key":"PowerPotion"},{"floor":19,"key":"Toxic Potion"},{"floor":19,"key":"SteroidPotion"},{"floor":19,"key":"Fire Potion"},{"floor":21,"key":"AttackPotion"},{"floor":23,"key":"Weak Potion"},{"floor":27,"key":"Explosive Potion"},{"floor":31,"key":"Energy Potion"},{"floor":34,"key":"conspire:TimeTravelPotion"},{"floor":41,"key":"SmokeBomb"}],"is_trial":false,"path_per_floor":["M","M","$","?","?","R","M","E","T","E","M","$","M","M","R","B",null,"M","?","AVR","M","?","E","R","E","T","E","?","R","M","E","R","B",null,"M","M","$","?","AVR","R","E","E","T","?","$","$","M","M","R","B",null,"R","$","E","B",null],"character_chosen":"DEFECT","items_purchased":["Molten Egg 2","Whetstone","Barrage+1","Chill","OrangePellets","DollysMirror","Simple Rune","aspiration:FetidBarrel","Conjunction:LightningMarble","Fire Potion","Fire Potion","Apotheosis","halation:AfternoonTea","HandDrill","Loop","StuffTheSpire:Coldhearted","PreservedInsect","infinitespire:BottledMercury","Sling","Lockon+1","SpeedPotion","ColorlessPotion","Weak Potion","halation:LettersToHer","Streamline+1","aspiration:Lifesprig","Cold Snap+1","Conserve Battery"],"campfire_rested":5,"item_purchase_floors":[3,3,3,3,3,12,12,12,12,12,12,12,37,37,37,37,45,45,45,45,45,45,45,46,46,53,53,53],"current_hp_per_floor":[61,59,59,59,59,59,57,40,40,24,17,17,17,17,17,17,58,57,57,57,57,42,34,55,50,50,34,34,56,47,5,27,18,67,67,64,64,64,64,84,73,65,65,65,65,65,62,63,92,93,98,98,98,79,19],"gold":3401,"neow_bonus":"UPGRADE_CARD","is_daily":false,"chose_seed":false,"campfire_upgraded":1,"win_rate":0.0,"timestamp":1612480345,"path_taken":["M","M","$","?","?","R","M","E","T","E","M","$","M","?","R","BOSS","M","?","AVR","?","?","E","R","E","T","E","?","R","M","E","R","BOSS","M","M","$","?","AVR","R","E","E","T","?","?","$","M","M","R","BOSS","R","$","E","BOSS"],"items_purchased_type":["Relic","Relic","Card","Card","Relic","Relic","Relic","Relic","Potion","Potion","Potion","Card","Relic","Relic","Card","Card","Relic","Relic","Relic","Card","Potion","Potion","Potion","Relic","Card","Relic","Card","Card"],"build_version":"2020-12-22","purchased_purges":8,"victory":true,"max_hp_per_floor":[71,71,71,71,71,71,71,71,71,71,71,71,71,71,71,71,71,71,71,71,71,71,72,72,73,73,74,74,74,75,76,76,77,82,83,84,84,84,84,84,85,96,96,96,96,96,97,98,98,99,99,99,99,100,101],"card_choices":[{"not_picked":["Panic Button","Cold Snap"],"picked":"Gash","floor":1},{"not_picked":["Genetic Algorithm","Panic Button","Steam"],"picked":"SKIP","floor":2},{"not_picked":["Streamline+1","Hologram"],"picked":"Loop","floor":7},{"not_picked":["Sweeping Beam+1","Coolheaded","Rebound+1"],"picked":"SKIP","floor":8},{"not_picked":["Steam","StuffTheSpire:CleanHardDrive","conspire:SharedLibrary"],"picked":"SKIP","floor":10},{"not_picked":["Hologram","Rip and Tear+1"],"picked":"Defragment","floor":11},{"not_picked":["Barrage+1","Self Repair"],"picked":"Capacitor","floor":13},{"not_picked":["Sweeping Beam+1","Machine Learning"],"picked":"Go for the Eyes+1","floor":14},{"not_picked":["ReplayTheSpireMod:Fabricate Wheel","hubris:DoWhile"],"picked":"Echo Form","floor":16},{"not_picked":["Leap","ReplayTheSpireMod:System Scan"],"picked":"Go for the Eyes+1","floor":18},{"not_picked":["ReplayTheSpireMod:Dual Polarity","Stack","BasicCrystalCard"],"picked":"SKIP","floor":21},{"not_picked":["Force Field","Auto Shields","StuffTheSpire:LoadUp"],"picked":"SKIP","floor":23},{"not_picked":["Multi-Cast","StuffTheSpire:CleanHardDrive","Redo"],"picked":"SKIP","floor":25},{"not_picked":["Reprogram","Fission"],"picked":"StuffTheSpire:Plugnplay","floor":27},{"not_picked":["Leap","Hologram+1"],"picked":"Ball Lightning+1","floor":29},{"not_picked":["Conserve Battery","Static Discharge"],"picked":"Stack+1","floor":30},{"not_picked":["ReplayTheSpireMod:System Scan","hubris:PowerSurge"],"picked":"Cold Snap+1","floor":31},{"not_picked":["Hyperbeam+1","Meteor Strike+1"],"picked":"Electrodynamics","floor":33},{"not_picked":["Chill","Panic Button+1","Hologram"],"picked":"SKIP","floor":35},{"not_picked":["Steam","Capacitor"],"picked":"Ball Lightning+1","floor":36},{"not_picked":["Rebound+1","Machine Learning"],"picked":"Streamline+1","floor":40},{"not_picked":["Panic Button","Blizzard+1","StuffTheSpire:LoadUp"],"picked":"SKIP","floor":41},{"not_picked":["Compile Driver+1","FTL+1"],"picked":"Cold Snap+1","floor":42},{"not_picked":["Beam Cell+1","Leap","Core Surge+1"],"picked":"SKIP","floor":47},{"not_picked":["Coolheaded","Conserve Battery+1"],"picked":"Capacitor+1","floor":54}],"player_experience":3014554,"relics_obtained":[{"floor":8,"key":"infinitespire:Lucky Rock"},{"floor":10,"key":"Potion Belt"},{"floor":17,"key":"DataDisk"},{"floor":17,"key":"aspiration:HummingbirdHeart"},{"floor":17,"key":"WingedGreaves"},{"floor":23,"key":"halation:KoshaPiece"},{"floor":25,"key":"aspiration:AnachronicSnailShell"},{"floor":26,"key":"infinitespire:Broken Mirror"},{"floor":27,"key":"Dream Catcher"},{"floor":31,"key":"Shuriken"},{"floor":41,"key":"StuffTheSpire:Nightcore"},{"floor":42,"key":"Pear"},{"floor":43,"key":"ReplayFunnel"},{"floor":54,"key":"hubris:BundleOfHerbs"}],"event_choices":[{"damage_healed":0,"gold_gain":0,"player_choice":"Disagree","damage_taken":0,"max_hp_gain":0,"max_hp_loss":0,"event_name":"conspire:LoneGhost","floor":4,"gold_loss":0},{"damage_healed":0,"gold_gain":0,"player_choice":"Bought 3 Potions","damage_taken":0,"max_hp_gain":0,"max_hp_loss":0,"event_name":"The Woman in Blue","floor":19,"gold_loss":0}],"is_beta":false,"boss_relics":[{"not_picked":["aspiration:FutureDiary","halation:Prosthetics"],"picked":"Calling Bell"},{"not_picked":["halation:PinkAlligatorPlush","hubris:Stopwatch"],"picked":"Tiny House"}],"items_purged_floors":[3,12,20,37,39,45,46,53],"is_endless":false,"potions_floor_spawned":[2,7,11,14,21,23,27,31,41,48],"ascension_level":15}}