{"host":"by8i6f8xc0ywpsd5","time":1612440585,"event":{"mods":["BaseMod","Colored Map","Minty Spire (QoL Compilation)","Relic Stats"],"gold_per_floor":[12,12,12,35,0,31,43,55,94,106,149,175,207,232,244,345,357,390,402,374,386,14,14,49,49,49,49,49,49],"floor_reached":28,"language":"ENG","playtime":7358,"items_purged":[],"score":513,"play_id":"055ab272-96fc-46f5-9dd3-322b670495d9","local_time":"20210204140945","is_ascension_mode":true,"campfire_choices":[{"data":"Blood for Blood","floor":7,"key":"SMITH"},{"floor":10,"key":"REST"},{"floor":15,"key":"REST"},{"data":"Armaments","floor":23,"key":"SMITH"},{"data":"Brutality","floor":27,"key":"SMITH"}],"circlet_count":0,"master_deck":["AscendersBane","Defend_R+1","Defend_R+1","Defend_R+1","Defend_R+1","Bash","Impervious","Blood for Blood+1","Burning Pact","Shockwave","Brutality+1","True Grit","Seeing Red","Flame Barrier","Reaper","CurseOfTheBell","Body Slam","Bite","Bite","Bite","Bite","Bite","Combust","Feel No Pain","Exhume","Armaments+1","Ghostly","Ghostly","Ghostly"],"relics":["Burning Blood","Golden Idol","MawBank","Strawberry","Sundial","Calling Bell","Art of War","Blue Candle","Mango","Nunchaku","Lantern","Pantograph"],"acts_visited":["Exordium","TheCity"],"potions_floor_usage":[6,11,13,16,18,24],"damage_taken":[{"damage":6,"enemies":"Small Slimes","floor":1,"turns":5},{"damage":3,"enemies":"2 Louse","floor":4,"turns":3},{"damage":70,"enemies":"3 Sentries","floor":6,"turns":11},{"damage":34,"enemies":"Lagavulin","floor":11,"turns":8},{"damage":5,"enemies":"Jaw Worm","floor":12,"turns":4},{"damage":11,"enemies":"2 Fungi Beasts","floor":13,"turns":4},{"damage":6,"enemies":"Exordium Wildlife","floor":14,"turns":3},{"damage":17,"enemies":"The Guardian","floor":16,"turns":12},{"damage":32,"enemies":"3 Byrds","floor":18,"turns":7},{"damage":24,"enemies":"2 Thieves","floor":20,"turns":5},{"damage":75,"enemies":"Gremlin Leader","floor":24,"turns":8},{"damage":45,"enemies":"Slavers","floor":28,"turns":2}],"seed_played":"-5733374620086701159","potions_obtained":[{"floor":1,"key":"BloodPotion"},{"floor":4,"key":"FearPotion"},{"floor":6,"key":"BlessingOfTheForge"},{"floor":11,"key":"Energy Potion"},{"floor":14,"key":"ColorlessPotion"},{"floor":18,"key":"Regen Potion"}],"is_trial":false,"path_per_floor":["M","?","?","M","?","E","R","?","T","R","E","M","M","M","R","B",null,"M","?","M","?","$","R","E","?","T","R","E"],"character_chosen":"IRONCLAD","items_purchased":["Feel No Pain","Exhume","Armaments","Nunchaku"],"campfire_rested":2,"item_purchase_floors":[22,22,22,22],"current_hp_per_floor":[68,42,42,45,63,14,14,14,21,45,17,18,13,13,37,26,82,62,62,56,56,56,56,33,33,33,33,0,0],"gold":49,"neow_bonus":"THREE_RARE_CARDS","is_daily":false,"chose_seed":false,"campfire_upgraded":3,"win_rate":0.0,"timestamp":1612440585,"path_taken":["M","?","?","M","?","E","R","?","T","R","E","M","M","M","R","BOSS","M","?","M","?","?","R","E","?","T","R","E"],"items_purchased_type":["Card","Card","Card","Relic"],"build_version":"2020-12-22","purchased_purges":0,"victory":false,"max_hp_per_floor":[75,75,75,75,75,75,75,75,82,82,82,82,82,82,82,82,96,96,67,67,67,67,67,67,33,33,33,33,33],"relic_stats":{"Nunchaku":[1],"counters":[12,72],"Golden Idol":60,"Sundial":[8],"Blue Candle":[1],"Pantograph":0,"Art of War":[4],"MawBank":192,"obtain_stats":[{"Calling Bell":17,"Nunchaku":22,"Lantern":24,"Golden Idol":2,"Sundial":11,"Strawberry":9,"Blue Candle":17,"Pantograph":26,"Mango":17,"Art of War":17,"MawBank":6,"Burning Blood":0},{"Calling Bell":8,"Nunchaku":10,"Lantern":11,"Golden Idol":1,"Sundial":4,"Strawberry":3,"Blue Candle":8,"Pantograph":11,"Mango":8,"Art of War":8,"MawBank":3,"Burning Blood":0},{"Calling Bell":50,"Nunchaku":62,"Lantern":70,"Golden Idol":5,"Sundial":27,"Strawberry":19,"Blue Candle":50,"Pantograph":70,"Mango":50,"Art of War":50,"MawBank":19,"Burning Blood":0}],"Burning Blood":66},"card_choices":[{"not_picked":["Double Tap","Limit Break"],"picked":"Impervious","floor":0},{"not_picked":["Flex","Armaments"],"picked":"Blood for Blood","floor":1},{"not_picked":["Warcry","Juggernaut"],"picked":"Burning Pact","floor":4},{"not_picked":["Second Wind","Burning Pact"],"picked":"Shockwave","floor":6},{"not_picked":["Body Slam","Perfected Strike"],"picked":"Brutality","floor":11},{"not_picked":["Thunderclap","Clash"],"picked":"True Grit","floor":12},{"not_picked":["Limit Break","Intimidate"],"picked":"Seeing Red","floor":13},{"not_picked":["Perfected Strike","Metallicize"],"picked":"Flame Barrier","floor":14},{"not_picked":["Fiend Fire","Demon Form"],"picked":"Reaper","floor":16},{"not_picked":["Entrench","Anger"],"picked":"Body Slam","floor":18},{"not_picked":["Clothesline","Sword Boomerang"],"picked":"Combust","floor":20},{"not_picked":["Rampage+1","Anger","Iron Wave"],"picked":"SKIP","floor":24}],"player_experience":1740114,"relics_obtained":[{"floor":6,"key":"MawBank"},{"floor":9,"key":"Strawberry"},{"floor":11,"key":"Sundial"},{"floor":17,"key":"Art of War"},{"floor":17,"key":"Blue Candle"},{"floor":17,"key":"Mango"},{"floor":24,"key":"Lantern"},{"floor":26,"key":"Pantograph"}],"event_choices":[{"damage_healed":0,"gold_gain":0,"player_choice":"Take Damage","damage_taken":26,"relics_obtained":["Golden Idol"],"max_hp_gain":0,"max_hp_loss":0,"event_name":"Golden Idol","floor":2,"gold_loss":0},{"damage_healed":0,"gold_gain":0,"player_choice":"Ignored","damage_taken":0,"max_hp_gain":0,"max_hp_loss":0,"event_name":"Shining Light","floor":3,"gold_loss":0},{"damage_healed":18,"gold_gain":0,"player_choice":"Healed","damage_taken":0,"max_hp_gain":0,"max_hp_loss":0,"event_name":"The Cleric","floor":5,"gold_loss":35},{"damage_healed":0,"gold_gain":0,"player_choice":"Ignored","damage_taken":0,"max_hp_gain":0,"max_hp_loss":0,"event_name":"Liars Game","floor":8,"gold_loss":0},{"damage_healed":0,"gold_gain":0,"player_choice":"Became a vampire","damage_taken":0,"max_hp_gain":0,"max_hp_loss":29,"event_name":"Vampires","floor":19,"gold_loss":0,"cards_obtained":["Bite","Bite","Bite","Bite","Bite"]},{"damage_healed":0,"gold_gain":0,"player_choice":"Simplicity","damage_taken":0,"max_hp_gain":0,"max_hp_loss":0,"event_name":"Back to Basics","floor":21,"gold_loss":0,"cards_upgraded":["Defend_R","Defend_R","Defend_R","Defend_R"]},{"damage_healed":0,"gold_gain":0,"player_choice":"Became a Ghost","damage_taken":0,"max_hp_gain":0,"max_hp_loss":34,"event_name":"Ghosts","floor":25,"gold_loss":0,"cards_obtained":["Ghostly","Ghostly","Ghostly"]}],"is_beta":false,"boss_relics":[{"not_picked":["Black Blood","Tiny House"],"picked":"Calling Bell"}],"items_purged_floors":[],"is_endless":false,"potions_floor_spawned":[1,4,6,11,14,18],"killed_by":"Slavers","ascension_level":20}}