{"host":"cdkrzjeeka80pjqp","time":1612476780,"event":{"mods":["AchievementEnabler","BaseMod","Block Reminder","Colored Map","Colored Powertips","Highlight Path","Minty Spire (QoL Compilation)","Relic Stats"],"gold_per_floor":[113,73,87,100,110,136,136,162,162,174,185,185,29,64,64,159,159,172,74,92,105,116,116,149,149,184,196,222,259,283,328,340,455,467,496,524,4,4,16,42,61,96,96,109,109,125,145,165,165,165],"floor_reached":51,"language":"ENG","playtime":5325,"items_purged":["Defend_P","Strike_P"],"score":1026,"play_id":"3f9c1b51-31b1-43ff-b5cf-de23d9e1afa1","local_time":"20210204231300","is_ascension_mode":true,"campfire_choices":[{"data":"Eruption","floor":7.0,"key":"SMITH"},{"data":"Judgement","floor":12.0,"key":"SMITH"},{"floor":15.0,"key":"DIG"},{"floor":23.0,"key":"DIG"},{"floor":25.0,"key":"DIG"},{"floor":27.0,"key":"DIG"},{"data":"TalkToTheHand","floor":32.0,"key":"SMITH"},{"floor":45,"key":"REST"},{"floor":49,"key":"DIG"}],"circlet_count":0,"master_deck":["Strike_P","Strike_P","Strike_P","Defend_P","Defend_P+1","Defend_P","Eruption+1","Vigilance+1","FlurryOfBlows+1","LikeWater","Protect","BowlingBash","TalkToTheHand+1","EmptyBody","Judgement+1","FearNoEvil+1","DevaForm","FollowUp+1","Crescendo","LikeWater+1","FollowUp+1","Prostrate+1","Devotion+1","Wallop","ForeignInfluence+1","LessonLearned+1","CarveReality","LikeWater+1","Parasite","DeceiveReality","Scrawl","WheelKick","Parasite"],"relics":["PureWater","Torii","PreservedInsect","Lantern","Shuriken","Bronze Scales","Shovel","Bag of Preparation","The Courier","Bag of Marbles","MawBank","Blood Vial","Regal Pillow","Boot","Pear","Black Star","TeardropLocket","Bird Faced Urn","Dream Catcher","Toy Ornithopter","Ancient Tea Set","Nunchaku","Singing Bowl","Dead Branch"],"acts_visited":["Exordium","TheCity","TheBeyond"],"potions_floor_usage":[40,42,47,50,50],"damage_taken":[{"damage":0.0,"enemies":"Cultist","floor":1.0,"turns":2.0},{"damage":0.0,"enemies":"Small Slimes","floor":3.0,"turns":4.0},{"damage":0.0,"enemies":"2 Louse","floor":4.0,"turns":5.0},{"damage":0.0,"enemies":"Lots of Slimes","floor":5.0,"turns":4.0},{"damage":11.0,"enemies":"3 Sentries","floor":6.0,"turns":9.0},{"damage":0.0,"enemies":"Lagavulin","floor":8.0,"turns":4.0},{"damage":2.0,"enemies":"Gremlin Gang","floor":10.0,"turns":7.0},{"damage":0.0,"enemies":"Large Slime","floor":11.0,"turns":3.0},{"damage":1.0,"enemies":"3 Sentries","floor":14.0,"turns":4.0},{"damage":0.0,"enemies":"Slime Boss","floor":16.0,"turns":6.0},{"damage":10.0,"enemies":"Spheric Guardian","floor":18.0,"turns":4.0},{"damage":18.0,"enemies":"2 Thieves","floor":20.0,"turns":3.0},{"damage":1.0,"enemies":"Shelled Parasite and Fungi","floor":21.0,"turns":2.0},{"damage":1.0,"enemies":"Cultist and Chosen","floor":22.0,"turns":5.0},{"damage":0.0,"enemies":"Gremlin Leader","floor":24.0,"turns":4.0},{"damage":0.0,"enemies":"Snecko","floor":28.0,"turns":6.0},{"damage":1.0,"enemies":"Book of Stabbing","floor":29.0,"turns":4.0},{"damage":1.0,"enemies":"Sentry and Sphere","floor":30.0,"turns":3.0},{"damage":0.0,"enemies":"Gremlin Leader","floor":31.0,"turns":1.0},{"damage":15.0,"enemies":"Collector","floor":33.0,"turns":4.0},{"damage":7,"enemies":"Orb Walker","floor":35,"turns":3},{"damage":0,"enemies":"3 Darklings","floor":36,"turns":2},{"damage":17,"enemies":"Sphere and 2 Shapes","floor":39,"turns":4},{"damage":113,"enemies":"Giant Head","floor":40,"turns":7},{"damage":6,"enemies":"Writhing Mass","floor":41,"turns":9},{"damage":17,"enemies":"Reptomancer","floor":42,"turns":3},{"damage":14,"enemies":"Spire Growth","floor":44,"turns":5},{"damage":11,"enemies":"Maw","floor":46,"turns":7},{"damage":21,"enemies":"Writhing Mass","floor":47,"turns":9},{"damage":2,"enemies":"Jaw Worm Horde","floor":48,"turns":5},{"damage":36,"enemies":"Donu and Deca","floor":50,"turns":10}],"seed_played":"-3142646747050348523","potions_obtained":[{"floor":3.0,"key":"DistilledChaos"},{"floor":5.0,"key":"Strength Potion"},{"floor":10.0,"key":"DuplicationPotion"},{"floor":11.0,"key":"Fruit Juice"},{"floor":18.0,"key":"ColorlessPotion"},{"floor":21.0,"key":"FairyPotion"},{"floor":24.0,"key":"Block Potion"},{"floor":29.0,"key":"SkillPotion"},{"floor":35,"key":"Energy Potion"},{"floor":42,"key":"Dexterity Potion"},{"floor":44,"key":"Ambrosia"},{"floor":48,"key":"Block Potion"}],"is_trial":false,"path_per_floor":["M","$","M","M","M","E","R","E","T","M","M","R","$","E","R","B",null,"M","$","M","M","M","R","E","R","T","R","M","E","M","E","R","B",null,"M","M","$","?","M","E","M","E","T","M","R","M","M","M","R","B",null],"character_chosen":"WATCHER","items_purchased":["LikeWater","Bronze Scales","Crescendo","TeardropLocket","CarveReality","Bird Faced Urn"],"campfire_rested":1,"item_purchase_floors":[2,13,19,37,37,37],"current_hp_per_floor":[51,51,51,51,51,40,40,40,40,38,43,43,43,42,42,42,77,67,67,49,48,47,47,47,47,47,47,49,50,51,63,63,50,87,80,82,82,82,71,26,28,22,22,18,59,60,58,66,66,54],"gold":165,"neow_bonus":"ONE_RARE_RELIC","is_daily":false,"chose_seed":false,"campfire_upgraded":3,"win_rate":0.0,"timestamp":1612476780,"path_taken":["M","?","M","M","M","E","R","E","T","M","M","R","$","E","R","BOSS","M","$","M","M","M","R","E","R","T","R","?","E","M","E","R","BOSS","M","M","$","?","?","E","M","E","T","M","R","M","M","M","R","BOSS"],"items_purchased_type":["Card","Relic","Card","Relic","Card","Relic"],"build_version":"2020-12-22","purchased_purges":2,"victory":true,"max_hp_per_floor":[72,72,72,72,72,72,72,72,72,72,77,77,77,77,77,77,77,77,77,77,77,77,77,77,77,77,77,77,77,77,87,87,87,87,87,87,87,87,87,87,87,87,87,89,89,89,91,93,93,93],"relic_stats":{"Regal Pillow":15,"Torii":26,"Singing Bowl":6,"counters":[31,148],"Dead Branch":[13],"PreservedInsect":376,"Bag of Preparation":[44],"MawBank":144,"Boot":[25],"Blood Vial":30,"Dream Catcher":1,"Nunchaku":[7],"Shovel":5,"Shuriken":[53],"Bronze Scales":[227],"Bird Faced Urn":[62],"Black Star":2,"obtain_stats":[{"Lantern":8,"Regal Pillow":27,"Pear":31,"Torii":0,"Singing Bowl":43,"Dead Branch":49,"PreservedInsect":6,"The Courier":23,"Bag of Preparation":15,"TeardropLocket":37,"MawBank":25,"Boot":29,"Ancient Tea Set":42,"Blood Vial":26,"Dream Catcher":40,"Nunchaku":42,"Shovel":14,"Shuriken":9,"Bronze Scales":13,"Bird Faced Urn":37,"Bag of Marbles":24,"Black Star":34,"PureWater":0,"Toy Ornithopter":40},{"Lantern":6,"Regal Pillow":15,"Pear":19,"Torii":0,"Singing Bowl":26,"Dead Branch":30,"PreservedInsect":5,"The Courier":14,"Bag of Preparation":9,"TeardropLocket":22,"MawBank":15,"Boot":17,"Ancient Tea Set":26,"Blood Vial":15,"Dream Catcher":24,"Nunchaku":26,"Shovel":9,"Shuriken":6,"Bronze Scales":8,"Bird Faced Urn":22,"Bag of Marbles":15,"Black Star":20,"PureWater":0,"Toy Ornithopter":24},{"Lantern":28,"Regal Pillow":66,"Pear":80,"Torii":0,"Singing Bowl":112,"Dead Branch":138,"PreservedInsect":24,"The Courier":62,"Bag of Preparation":42,"TeardropLocket":89,"MawBank":66,"Boot":76,"Ancient Tea Set":112,"Blood Vial":66,"Dream Catcher":100,"Nunchaku":112,"Shovel":42,"Shuriken":28,"Bronze Scales":38,"Bird Faced Urn":89,"Bag of Marbles":66,"Black Star":84,"PureWater":0,"Toy Ornithopter":100}],"Toy Ornithopter":20},"card_choices":[{"not_picked":["Prostrate","Crescendo"],"picked":"FlurryOfBlows","floor":1.0},{"not_picked":["EmptyBody","Consecrate"],"picked":"Protect","floor":3.0},{"not_picked":["CrushJoints","Fasting2"],"picked":"BowlingBash","floor":4.0},{"not_picked":["Consecrate","Crescendo"],"picked":"TalkToTheHand","floor":5.0},{"not_picked":["FlyingSleeves","ThirdEye","Evaluate"],"picked":"SKIP","floor":6.0},{"not_picked":["Vengeance","FollowUp"],"picked":"EmptyBody","floor":8.0},{"not_picked":["EmptyFist","FollowUp","SashWhip"],"picked":"SKIP","floor":10.0},{"not_picked":["WheelKick","ThirdEye"],"picked":"Judgement","floor":11.0},{"not_picked":["FollowUp","CutThroughFate"],"picked":"FearNoEvil","floor":14.0},{"not_picked":["Judgement","SpiritShield"],"picked":"DevaForm","floor":16.0},{"not_picked":["WaveOfTheHand","BowlingBash"],"picked":"FollowUp+1","floor":18.0},{"not_picked":["Consecrate","ReachHeaven"],"picked":"LikeWater+1","floor":20.0},{"not_picked":["Wireheading+1","Evaluate","Consecrate"],"picked":"SKIP","floor":21.0},{"not_picked":["FlyingSleeves","EmptyFist+1","EmptyBody"],"picked":"SKIP","floor":22.0},{"not_picked":["SashWhip","EmptyBody+1"],"picked":"FollowUp+1","floor":24.0},{"not_picked":["ClearTheMind","ThirdEye"],"picked":"Prostrate+1","floor":28.0},{"not_picked":["Swivel","CrushJoints"],"picked":"Devotion","floor":29.0},{"not_picked":["Protect","Study"],"picked":"Wallop","floor":30.0},{"not_picked":["Collect+1","JustLucky+1"],"picked":"ForeignInfluence+1","floor":31.0},{"not_picked":["Wish","ConjureBlade"],"picked":"LessonLearned","floor":33.0},{"not_picked":["PathToVictory+1","EmptyBody","SashWhip"],"picked":"SKIP","floor":35},{"not_picked":["Collect+1","Prostrate","EmptyBody+1"],"picked":"SKIP","floor":36},{"not_picked":["FlyingSleeves+1","Protect","ThirdEye+1"],"picked":"SKIP","floor":39},{"not_picked":["FlyingSleeves+1","Protect","ThirdEye+1"],"picked":"SKIP","floor":39},{"not_picked":["MentalFortress","JustLucky+1"],"picked":"LikeWater+1","floor":40},{"not_picked":["CrushJoints+1","ThirdEye","Pray+1"],"picked":"SKIP","floor":41},{"not_picked":["Wallop+1","EmptyFist+1"],"picked":"DeceiveReality","floor":42},{"not_picked":["Evaluate","Prostrate","ClearTheMind"],"picked":"Singing Bowl","floor":44},{"not_picked":["Consecrate","ClearTheMind"],"picked":"Scrawl","floor":45},{"not_picked":["JustLucky","WaveOfTheHand+1"],"picked":"WheelKick","floor":46},{"not_picked":["SashWhip","ClearTheMind+1","Wireheading+1"],"picked":"Singing Bowl","floor":47},{"not_picked":["Weave","Crescendo+1","Consecrate+1"],"picked":"Singing Bowl","floor":48}],"player_experience":406535,"relics_obtained":[{"floor":6.0,"key":"PreservedInsect"},{"floor":8.0,"key":"Lantern"},{"floor":9.0,"key":"Shuriken"},{"floor":14.0,"key":"Shovel"},{"floor":15.0,"key":"Bag of Preparation"},{"floor":23.0,"key":"The Courier"},{"floor":24.0,"key":"Bag of Marbles"},{"floor":25.0,"key":"MawBank"},{"floor":26.0,"key":"Blood Vial"},{"floor":27.0,"key":"Regal Pillow"},{"floor":29.0,"key":"Boot"},{"floor":31.0,"key":"Pear"},{"floor":40,"key":"Dream Catcher"},{"floor":40,"key":"Toy Ornithopter"},{"floor":42,"key":"Ancient Tea Set"},{"floor":42,"key":"Nunchaku"},{"floor":43,"key":"Singing Bowl"},{"floor":49,"key":"Dead Branch"}],"event_choices":[{"damage_healed":0,"gold_gain":0,"player_choice":"Forge","damage_taken":0,"max_hp_gain":0,"max_hp_loss":0,"event_name":"Accursed Blacksmith","floor":38,"gold_loss":0,"cards_upgraded":["LessonLearned"]}],"is_beta":false,"boss_relics":[{"not_picked":["Ectoplasm","Runic Pyramid","Snecko Eye"]},{"not_picked":["SlaversCollar","Runic Dome"],"picked":"Black Star"}],"items_purged_floors":[19,37],"is_endless":false,"potions_floor_spawned":[3,5,10,11,18,21,24,29,31,35,36,42,44,48],"ascension_level":3}}