{"host":"h2gxemxa99wv6yfu","time":1612458785,"event":{"mods":["BaseMod","Better Note","BetterRewards","Block Reminder","Colored Powertips","Friendly Minions","Highlight Path","Infinite Spire","Minty Spire (QoL Compilation)","Permanent Neow","Quick Restart","Relic Sorter","Relic Stats","Reliquary","Replay The Spire","Shop Mod","StSLib","Uncapped"],"gold_per_floor":[114,114,181,194,244,244,277,277,277,277,312,312,312,312,340,350,350,350,350],"floor_reached":18,"language":"ENG","playtime":506,"items_purged":[],"score":140,"play_id":"65829bed-e9b2-4ef8-8cda-5f29f519e109","local_time":"20210204111305","is_ascension_mode":true,"campfire_choices":[{"floor":6.0,"key":"RECALL"},{"data":"Bash","floor":8.0,"key":"SMITH"},{"floor":10.0,"key":"REST"},{"data":"Defend_R","floor":12.0,"key":"SMITH"},{"data":"Inflame","floor":17.0,"key":"SMITH"}],"circlet_count":0,"master_deck":["Strike_R","Strike_R","Strike_R","Strike_R","Strike_R","Defend_R","Defend_R","Defend_R","Defend_R+1","Bash+1","Inflame+1"],"relics":["Burning Blood","reliquary:Sideboard","Eternal Feather","WingedGreaves","Spirit Poop","SsserpentHead","Champion Belt"],"acts_visited":["Exordium"],"potions_floor_usage":[],"damage_taken":[{"damage":2.0,"enemies":"2 Louse","floor":1.0,"turns":3.0},{"damage":7.0,"enemies":"Cultist","floor":3.0,"turns":4.0},{"damage":14.0,"enemies":"Small Slimes","floor":4.0,"turns":4.0},{"damage":19.0,"enemies":"Gremlin Nob","floor":7.0,"turns":5.0},{"damage":50.0,"enemies":"3 Sentries","floor":11.0,"turns":11.0},{"damage":21.0,"enemies":"Gremlin Nob","floor":15.0,"turns":5.0},{"damage":19.0,"enemies":"Exordium Wildlife","floor":16.0,"turns":5.0},{"damage":20,"enemies":"Slime Boss","floor":18,"turns":4}],"seed_played":"398890910763918111","potions_obtained":[{"floor":1.0,"key":"Swift Potion"},{"floor":15.0,"key":"FearPotion"}],"is_trial":false,"path_per_floor":["M","?","M","M","?","R","E","R","T","R","E","R","PTL","PTL","E","M","R","B"],"character_chosen":"IRONCLAD","items_purchased":[],"campfire_rested":1,"item_purchase_floors":[],"current_hp_per_floor":[80,80,79,71,71,71,58,58,58,80,36,42,42,42,27,14,20,0,0],"gold":350,"neow_bonus":"RANDOM_EVENT","is_daily":false,"chose_seed":false,"campfire_upgraded":3,"win_rate":0.0,"timestamp":1612458785,"path_taken":["M","?","?","M","?","R","E","R","T","R","E","R","PTL","PTL","E","M","R","BOSS"],"items_purchased_type":[],"build_version":"2020-12-22","purchased_purges":0,"victory":false,"max_hp_per_floor":[80,80,80,80,80,80,80,80,80,80,80,80,80,80,80,80,80,80,80],"relic_stats":{"SsserpentHead":100,"counters":[8,41],"Eternal Feather":12,"Champion Belt":[11],"obtain_stats":[{"SsserpentHead":2,"reliquary:Sideboard":15,"Spirit Poop":5,"Eternal Feather":11,"WingedGreaves":7,"Champion Belt":0,"Burning Blood":0},{"SsserpentHead":1,"reliquary:Sideboard":6,"Spirit Poop":3,"Eternal Feather":5,"WingedGreaves":4,"Champion Belt":0,"Burning Blood":0},{"SsserpentHead":3,"reliquary:Sideboard":32,"Spirit Poop":11,"Eternal Feather":27,"WingedGreaves":16,"Champion Belt":0,"Burning Blood":0}],"Burning Blood":38},"card_choices":[{"not_picked":["Sentinel","True Grit","Replay:Undeath\u0027s Touch"],"picked":"SKIP","floor":1.0},{"not_picked":["Intimidate","ReplayTheSpireMod:Strike From Hell","Cleave"],"picked":"SKIP","floor":3.0},{"not_picked":["ReplayTheSpireMod:Stacked","Disarm","Warcry"],"picked":"SKIP","floor":4.0},{"not_picked":["Reckless Charge","Pommel Strike","ReplayTheSpireMod:Strike From Hell"],"picked":"SKIP","floor":7.0},{"not_picked":["ReplayTheSpireMod:Strike From Hell","Defy Death","Iron Wave"],"picked":"SKIP","floor":11.0},{"not_picked":["Massacre","Replay:Undeath\u0027s Touch"],"picked":"Perfected Strike","floor":15.0},{"not_picked":["Sever Soul","Intimidate"],"picked":"Inflame","floor":16.0}],"player_experience":30928,"relics_obtained":[{"floor":7.0,"key":"WingedGreaves"},{"floor":11.0,"key":"Eternal Feather"},{"floor":15.0,"key":"reliquary:Sideboard"}],"event_choices":[{"damage_healed":0.0,"max_hp_gain":0.0,"max_hp_loss":0.0,"gold_gain":0.0,"event_name":"Big Fish","player_choice":"Box","floor":0.0,"gold_loss":0.0,"damage_taken":0.0,"relics_obtained":["Champion Belt"],"cards_obtained":["Regret"]},{"damage_healed":0.0,"max_hp_gain":0.0,"max_hp_loss":0.0,"gold_gain":0.0,"event_name":"FaceTrader","player_choice":"Trade","floor":2.0,"gold_loss":0.0,"damage_taken":0.0,"relics_obtained":["SsserpentHead"]},{"cards_removed":["Regret"],"damage_healed":0.0,"max_hp_gain":0.0,"max_hp_loss":0.0,"gold_gain":0.0,"event_name":"Bonfire Elementals","player_choice":"Offered Curse","floor":5.0,"gold_loss":0.0,"damage_taken":0.0,"relics_obtained":["Spirit Poop"]}],"is_beta":false,"boss_relics":[],"items_purged_floors":[],"is_endless":false,"potions_floor_spawned":[1,15],"killed_by":"Slime Boss","ascension_level":2}}