{"host":"q5l3nirlejh5mn15","time":1612447907,"event":{"mods":["100% Spire Juice","BaseMod","Energized Spire","Hermit","Koishi","Marisa£®ÏF”Í°°ƒß¿Ì…≥£©","Minty Spire (QoL Compilation)","Reimu£®≤©¿ˆ¡È√Œ£©","Relic Filter Mod","Reliquary","Remilia£®¿Ÿ√◊¿Ú—«£©","RumiaBox-¬∂√◊Ê´µƒ…Ò√ÿ∫–◊”","Spicy Shops","StSLib","The Hierophant","The Servant 0.9.4","[IsaacMod]“‘»ˆº‚À˛","°æπ¶ƒ‹Mod°øªÏ„Á÷Æª∑–ﬁ∏¥≤π∂°"],"gold_per_floor":[109,109,34,47,66,101,101,115,115,115,139,165,184,197,197,301,301,320,420,420,434,446,446,466,491,491,491,526,526,122,141,141,236,236,250,250,264,76,96,122,172,198,221,250,179,4,4,104,104,104,104,104,104,132,132],"floor_reached":56,"language":"ZHS","playtime":3689,"items_purged":["Koishi:BasicStrike","Koishi:BasicStrike+1","Koishi:BasicStrike","Koishi:BasicDefend","Koishi:BasicDefend"],"score":1433,"play_id":"2f2c2ccc-767b-4876-987f-26dde8d36887","local_time":"20210204221147","is_ascension_mode":false,"campfire_choices":[{"data":"EpicFetus","floor":7.0,"key":"SMITH"},{"data":"Koishi:Possession","floor":15.0,"key":"SMITH"},{"data":"Koishi:Heartbroken","floor":23.0,"key":"SMITH"},{"data":"Koishi:JumpScare","floor":32.0,"key":"SMITH"},{"floor":47,"key":"RECALL"},{"data":"Koishi:Ego","floor":49,"key":"SMITH"},{"data":"Koishi:FreudianInstinct","floor":52,"key":"SMITH"}],"circlet_count":0,"master_deck":["Koishi:BasicDefend","Koishi:BasicDefend","Koishi:Provoke+1","Koishi:HauntingSlash","EpicFetus+1","Koishi:SprinkleStarAndHeart","Koishi:EmbryosDream","Koishi:FourthEye","Koishi:PhilosophyOfTheDespised","Koishi:FreudianInstinct+1","Koishi:SubterraneanRose","Koishi:Possession+1","Koishi:DreadfulBlow","Koishi:Heartbroken+1","Koishi:Whimsy","Koishi:SpiritedAway","Koishi:DNAsFlaw+1","Koishi:JumpScare+1","Koishi:ConfinedInnocent","Koishi:Untouchable","Dark Shackles","Koishi:TremblingHands","Koishi:ImGoingToCallYouNow","Koishi:DNAsFlaw","Koishi:UnseenTerror","Koishi:Ego+1","Koishi:GhostParty","Madness","Madness","Koishi:Prune","Koishi:UnconsciousUprising","Koishi:SpiritedAway","Koishi:PhantomBarrier","Koishi:Prune","Koishi:VengefulSpirit+1","Koishi:PhantomBarrier+1","Koishi:FreudianInstinct","Koishi:Untouchable+1","Koishi:UnconsciousUprising+1"],"relics":["Koishi:ImaginaryFriend","HushsDoor","PokeGo","NeowsBlessing","AddBug","SecretRecord","SecretRecord","SecretRecord","SecretRecord","SecretRecord"],"acts_visited":["Exordium","TheCity","TheBeyond","TheEnding"],"potions_floor_usage":[55,55],"damage_taken":[{"damage":0.0,"enemies":"Jaw Worm","floor":1.0,"turns":1.0},{"damage":0.0,"enemies":"2 Louse","floor":4.0,"turns":1.0},{"damage":0.0,"enemies":"Cultist","floor":5.0,"turns":1.0},{"damage":0.0,"enemies":"Gremlin Nob","floor":6.0,"turns":6.0},{"damage":0.0,"enemies":"Lots of Slimes","floor":8.0,"turns":2.0},{"damage":0.0,"enemies":"The Mushroom Lair","floor":11.0,"turns":3.0},{"damage":0.0,"enemies":"3 Sentries","floor":12.0,"turns":5.0},{"damage":0.0,"enemies":"Gremlin Gang","floor":13.0,"turns":3.0},{"damage":10.0,"enemies":"Large Slime","floor":14.0,"turns":8.0},{"damage":10.0,"enemies":"Slime Boss","floor":16.0,"turns":7.0},{"damage":13.0,"enemies":"Spheric Guardian","floor":18.0,"turns":7.0},{"damage":20.0,"enemies":"2 Thieves","floor":21.0,"turns":4.0},{"damage":0.0,"enemies":"Chosen and Byrds","floor":22.0,"turns":7.0},{"damage":0.0,"enemies":"Shelled Parasite and Fungi","floor":24.0,"turns":4.0},{"damage":0.0,"enemies":"Book of Stabbing","floor":25.0,"turns":4.0},{"damage":6.0,"enemies":"Gremlin Leader","floor":28.0,"turns":9.0},{"damage":0.0,"enemies":"Snecko","floor":31.0,"turns":5.0},{"damage":7.0,"enemies":"Automaton","floor":33.0,"turns":5.0},{"damage":5.0,"enemies":"Orb Walker","floor":35.0,"turns":5.0},{"damage":15.0,"enemies":"3 Shapes","floor":37.0,"turns":4.0},{"damage":30.0,"enemies":"Jaw Worm Horde","floor":39.0,"turns":8.0},{"damage":6.0,"enemies":"Giant Head","floor":40.0,"turns":7.0},{"damage":0.0,"enemies":"Orin","floor":41.0,"turns":9.0},{"damage":2.0,"enemies":"Reptomancer","floor":42.0,"turns":9.0},{"damage":4,"enemies":"Nemesis","floor":44,"turns":8},{"damage":8,"enemies":"Time Eater","floor":50,"turns":6},{"damage":17,"enemies":"Shield and Spear","floor":54,"turns":8},{"damage":37,"enemies":"Delirium","floor":55,"turns":42}],"seed_played":"-472283117279053411","potions_obtained":[{"floor":4.0,"key":"Fire Potion"},{"floor":11.0,"key":"EssenceOfSteel"},{"floor":12.0,"key":"SpeedPotion"},{"floor":18.0,"key":"AttackPotion"}],"is_trial":false,"path_per_floor":["M","?","$","M","M","E","R","M","T","?","?","E","M","M","R","B",null,"M","?","?","M","M","R","M","E","T","?","E","?","$","M","R","B",null,"M","?","M","$","M","E","?","E","T","E","$","$","R","?","R","B",null,"R","$","E","B",null],"character_chosen":"KOISHI","items_purchased":["Koishi:Untouchable","Dark Shackles","Koishi:DNAsFlaw","Koishi:UnseenTerror","Koishi:Ego","Koishi:UnconsciousUprising","Koishi:FreudianInstinct"],"campfire_rested":0,"item_purchase_floors":[30,30,34,34,34,38,45],"current_hp_per_floor":[60,48,48,48,48,54,54,54,54,47,50,50,50,49,49,43,60,59,59,59,39,47,47,60,60,60,60,60,60,60,60,60,53,51,51,45,49,49,51,51,51,51,51,51,51,51,51,51,51,51,51,51,51,51,14],"gold":132,"neow_bonus":"THREE_ENEMY_KILL","is_daily":false,"chose_seed":false,"campfire_upgraded":6,"win_rate":0.0,"timestamp":1612447907,"path_taken":["M","?","$","M","M","E","R","M","T","?","?","E","M","M","R","BOSS","M","?","?","?","M","R","M","E","T","?","E","?","$","M","R","BOSS","M","?","M","?","?","E","?","E","T","E","?","$","R","?","R","BOSS","R","$","E","BOSS"],"items_purchased_type":["Card","Card","Card","Card","Card","Card","Card"],"build_version":"2020-12-22","purchased_purges":5,"victory":true,"max_hp_per_floor":[60,60,60,60,60,60,60,60,60,60,60,60,60,60,60,60,60,60,60,60,60,60,60,60,60,60,60,60,60,60,60,60,60,51,51,51,51,51,51,51,51,51,51,51,51,51,51,51,51,51,51,51,51,51,51],"card_choices":[{"not_picked":[],"picked":"EpicFetus","floor":0.0},{"not_picked":["Koishi:HeartfeltFancy","Koishi:MindNumbingTerror"],"picked":"Koishi:SprinkleStarAndHeart","floor":1.0},{"not_picked":["Koishi:HeartfeltFancy","Koishi:StingingMind"],"picked":"Koishi:EmbryosDream","floor":4.0},{"not_picked":["Koishi:RorschachInDanmaku","Koishi:FleetingPhantom"],"picked":"Koishi:FourthEye","floor":5.0},{"not_picked":["Koishi:FleetingPhantom","Koishi:YoukaiPolygraph"],"picked":"Koishi:PhilosophyOfTheDespised","floor":6.0},{"not_picked":["Koishi:UnconsciousUprising","Koishi:FidgetySnatcher"],"picked":"Koishi:FreudianInstinct","floor":8.0},{"not_picked":["Koishi:DanmakuParanoia","Koishi:UnansweredLove"],"picked":"Koishi:SubterraneanRose","floor":12.0},{"not_picked":["Koishi:PhantomStrike","Koishi:DNAsFlaw"],"picked":"Koishi:Possession","floor":13.0},{"not_picked":["Koishi:Jaunt","Koishi:MindNumbingTerror"],"picked":"Koishi:DreadfulBlow","floor":14.0},{"not_picked":["Koishi:FadingMemory","Koishi:ConditionedTeleport"],"picked":"Koishi:Heartbroken","floor":16.0},{"not_picked":["Koishi:GeneticsOfTheUnconscious","Koishi:SubconsciousSweep"],"picked":"Koishi:Whimsy","floor":18.0},{"not_picked":["Koishi:PhantomStrike","Koishi:Jaunt"],"picked":"Koishi:SpiritedAway","floor":19.0},{"not_picked":["Koishi:DreadfulBlow","Koishi:FleetingPhantom"],"picked":"Koishi:DNAsFlaw+1","floor":21.0},{"not_picked":["Koishi:ReflexRadar","Koishi:DreadfulBlow","Koishi:PhantomStrike+1"],"picked":"SKIP","floor":22.0},{"not_picked":["Koishi:DNAsFlaw","Koishi:UnconsciousUprising","Koishi:FleetingPhantom+1"],"picked":"SKIP","floor":24.0},{"not_picked":["Koishi:ParalyzingFear","Koishi:ReflexRadar"],"picked":"Koishi:JumpScare","floor":25.0},{"not_picked":["Koishi:Prune","Koishi:HeartAttack"],"picked":"Koishi:ConfinedInnocent","floor":28.0},{"not_picked":["Koishi:EmbryosDream","Koishi:GeneticsOfTheUnconscious"],"picked":"Koishi:TremblingHands","floor":31.0},{"not_picked":["Koishi:RollingInRichesHeart","Koishi:RuptureMind"],"picked":"Koishi:ImGoingToCallYouNow","floor":33.0},{"not_picked":["Koishi:JumpScare","Koishi:BloodcurdlingScream"],"picked":"Koishi:GhostParty","floor":35.0},{"not_picked":["Koishi:TraumaticStroke","Koishi:FourthEye"],"picked":"Koishi:Prune","floor":37.0},{"not_picked":["Koishi:HeartfeltFancy+1","Koishi:YoukaiPolygraph+1"],"picked":"Koishi:SpiritedAway","floor":39.0},{"not_picked":["Koishi:Vanish+1","Koishi:UnconsciousUprising+1"],"picked":"Koishi:PhantomBarrier","floor":40.0},{"not_picked":["Koishi:BramblyRoseGarden","Koishi:MindNumbingTerror+1"],"picked":"Koishi:Prune","floor":41.0},{"not_picked":["Koishi:EmbryosDream+1","Koishi:Catatonia+1"],"picked":"Koishi:VengefulSpirit+1","floor":42.0},{"not_picked":["Koishi:SubconsciousSweep","Koishi:GhostParty"],"picked":"Koishi:PhantomBarrier+1","floor":44},{"not_picked":["Koishi:RoseHell","Koishi:SubterraneanRose"],"picked":"Koishi:Untouchable+1","floor":48},{"not_picked":["Koishi:DreadfulBlow+1","Koishi:StingingMind+1"],"picked":"Koishi:UnconsciousUprising+1","floor":54}],"player_experience":165798,"relics_obtained":[{"floor":1.0,"key":"AddBug"},{"floor":6.0,"key":"SecretRecord"},{"floor":6.0,"key":"Nunchaku"},{"floor":9.0,"key":"MawBank"},{"floor":11.0,"key":"Odd Mushroom"},{"floor":12.0,"key":"PillsDrop"},{"floor":14.0,"key":"SecretRecord"},{"floor":25.0,"key":"Whetstone"},{"floor":26.0,"key":"AnarchistCookbook"},{"floor":28.0,"key":"SecretRecord"},{"floor":28.0,"key":"DoctorsRemote"},{"floor":37.0,"key":"SecretRecord"},{"floor":40.0,"key":"Molten Egg 2"},{"floor":41.0,"key":"CatCart"},{"floor":42.0,"key":"BookOfRevelations"},{"floor":44,"key":"Toy Ornithopter"},{"floor":54,"key":"reliquary:SilkGlove"}],"event_choices":[{"damage_healed":0.0,"max_hp_gain":0.0,"max_hp_loss":0.0,"gold_gain":0.0,"event_name":"Shining Light","player_choice":"Entered Light","floor":2.0,"gold_loss":0.0,"damage_taken":12.0,"cards_upgraded":["Koishi:BasicStrike","Koishi:Provoke"]},{"cards_removed":["Koishi:BasicStrike"],"damage_healed":0.0,"max_hp_gain":0.0,"max_hp_loss":0.0,"gold_gain":0.0,"event_name":"Golden Wing","player_choice":"Card Removal","floor":10.0,"gold_loss":0.0,"damage_taken":7.0},{"damage_healed":0.0,"max_hp_gain":0.0,"max_hp_loss":0.0,"gold_gain":0.0,"event_name":"Mushrooms","player_choice":"Fought Mushrooms","floor":11.0,"gold_loss":0.0,"damage_taken":0.0},{"damage_healed":0.0,"max_hp_gain":0.0,"max_hp_loss":0.0,"gold_gain":0.0,"event_name":"The Mausoleum","player_choice":"Ignored","floor":20.0,"gold_loss":0.0,"damage_taken":0.0},{"damage_healed":0.0,"max_hp_gain":0.0,"max_hp_loss":0.0,"gold_gain":0.0,"event_name":"Vampires","player_choice":"Ignored","floor":27.0,"gold_loss":0.0,"damage_taken":0.0},{"damage_healed":0.0,"max_hp_gain":0.0,"max_hp_loss":0.0,"gold_gain":0.0,"event_name":"The Woman in Blue","player_choice":"Bought 0 Potions","floor":29.0,"gold_loss":0.0,"damage_taken":0.0},{"damage_healed":0.0,"max_hp_gain":0.0,"max_hp_loss":0.0,"gold_gain":0.0,"event_name":"Winding Halls","player_choice":"Embrace Madness","floor":36.0,"gold_loss":0.0,"damage_taken":6.0,"cards_obtained":["Madness","Madness"]},{"damage_healed":0.0,"max_hp_gain":0.0,"max_hp_loss":0.0,"gold_gain":0.0,"event_name":"OrinTheCat","player_choice":"Fight","floor":41.0,"gold_loss":0.0,"damage_taken":0.0}],"is_beta":false,"boss_relics":[{"not_picked":["Pandora\u0027s Box","Philosopher\u0027s Stone"],"picked":"energizedSpire:MagnifyingGlass"},{"not_picked":[]},{"not_picked":["Busted Crown","Snecko Eye"],"picked":"SoulBox"},{"not_picked":[]}],"items_purged_floors":[3,30,30,38,46],"is_endless":false,"potions_floor_spawned":[4,11,12,14,16,18,25,28,33,37,39,41,42],"ascension_level":0}}