{"host":"bwf6jt0gyax88i3l","time":1612417632,"event":{"mods":["AchievementEnabler","Act Like it!","BaseMod","Colored Map","Colored Powertips","Conspire","Downfall","Gensokyo","Hero for Fun","Highlight Path","Hubris","Infinite Spire","Minty Spire (QoL Compilation)","Quick Restart","Shop Mod","StSLib","Td1madao Mod","The Administrix","The Bladedancer","The Mystic","The Wild Card"],"gold_per_floor":[99,113,113,113,113,113,113,146,159,119,152,152,164,176,206,313,325,337,361,392,358,390,434,469,491,522,434,460,3,3,13,30,125,125,125,138,138,156,171,183,183,183,183,183],"floor_reached":42,"language":"ENG","playtime":1626,"items_purged":["hubris:Disease"],"score":507,"play_id":"dc82720f-fae6-4500-b0fd-2a5e681a1d39","local_time":"20210203214712","is_ascension_mode":false,"campfire_choices":[{"data":"Sadistic Nature","floor":1,"key":"SMITH"},{"floor":12,"key":"REST"},{"data":"Slimebound:RainOfGoop","floor":18,"key":"SMITH"},{"data":"Slimebound:RainOfGoop","floor":27,"key":"SMITH"},{"data":"expansioncontent:QuickStudy","floor":30,"key":"SMITH"},{"floor":35,"key":"RECALL"}],"circlet_count":0,"master_deck":["Slimebound:Strike_Slimebound","Slimebound:Strike_Slimebound+1","Slimebound:Strike_Slimebound","Slimebound:Defend_Slimebound","Slimebound:Defend_Slimebound","Slimebound:Defend_Slimebound","Slimebound:Defend_Slimebound","Slimebound:Split","Slimebound:CorrosiveSpit","Sadistic Nature+1","Slimebound:Schlurp","Slimebound:LeechEnergy","Slimebound:LeechingTouch+1","Slimebound:Gluttony","Slimebound:SamplingLick","Slimebound:SamplingLick","Slimebound:RainOfGoop+1","Slimebound:SamplingLick","Slimebound:MegaLick+1","Slimebound:HauntingLick","Slimebound:RainOfGoop+1","Slimebound:RejuvenatingLick","expansioncontent:QuickStudy+1","Slimebound:AcidTongue","Slimebound:LeechEnergy+1","hubris:Fate","infinitespire:Oblivion","Sadistic Nature+1","Slimebound:Replication","Slimebound:SamplingLick+1","Slimebound:MegaLick","hubris:Gluttony"],"relics":["Slimebound:AbsorbEndCombat","hubris:Towel","Happy Flower","Whetstone","Bag of Preparation","hubris:SlimyHat","MawBank","Cursed Key","Pantograph","Slimebound:AggressiveSlimeRelic","hubris:DisguiseKit","downfall:HeartBlessingGreen","Toolbox","hubris:BlackHole","Slimebound:AbsorbEndCombatUpgraded","DollysMirror","Lantern"],"acts_visited":["Exordium","Gensokyo:Gensokyo","Gensokyo:Gensokyoer"],"potions_floor_usage":[15,22,23,42],"damage_taken":[{"damage":7,"enemies":"Gensokyo:2_Kodama","floor":2,"turns":4},{"damage":8,"enemies":"Gensokyo:Aya","floor":8,"turns":4},{"damage":5,"enemies":"Gensokyo:Python","floor":9,"turns":3},{"damage":26,"enemies":"Gensokyo:Cirno","floor":11,"turns":6},{"damage":1,"enemies":"Gensokyo:Gryphon","floor":13,"turns":3},{"damage":10,"enemies":"Gensokyo:CorruptedTreant","floor":15,"turns":3},{"damage":7,"enemies":"SI_SHIV_ARCHETYPE","floor":16,"turns":4},{"damage":0,"enemies":"Gensokyo:Chomper","floor":19,"turns":3},{"damage":14,"enemies":"Gensokyo:3_Dogs","floor":20,"turns":4},{"damage":12,"enemies":"Gensokyo:Chomper_and_Gloop","floor":22,"turns":4},{"damage":13,"enemies":"Gensokyo:Tenshi","floor":23,"turns":4},{"damage":2,"enemies":"Gensokyo:Swordslinger","floor":25,"turns":3},{"damage":11,"enemies":"Gensokyo:Wraith","floor":26,"turns":5},{"damage":0,"enemies":"Gensokyo:3_Gloops","floor":28,"turns":2},{"damage":4,"enemies":"downfall:FleeingMerchant","floor":29,"turns":4},{"damage":20,"enemies":"Gensokyo:Swordslinger","floor":31,"turns":2},{"damage":0,"enemies":"Gensokyo:Mirror_and_Dog","floor":32,"turns":3},{"damage":0,"enemies":"WA_ARCHETYPE_CALM","floor":33,"turns":4},{"damage":10,"enemies":"Gensokyo:3_Boulders","floor":36,"turns":3},{"damage":0,"enemies":"Gensokyo:AncientGuardian","floor":38,"turns":3},{"damage":1,"enemies":"Gensokyo:Sharpion","floor":39,"turns":2},{"damage":0,"enemies":"Gensokyo:SeedOfUnknown","floor":40,"turns":3},{"damage":90,"enemies":"Gensokyo:Marisa","floor":42,"turns":3}],"seed_played":"6425480811821254603","potions_obtained":[{"floor":8,"key":"AttackPotion"},{"floor":9,"key":"Fire Potion"},{"floor":13,"key":"FearPotion"},{"floor":16,"key":"Energy Potion"},{"floor":20,"key":"Slimebound:SlimedPotion"},{"floor":23,"key":"Guardian:BlockOnCardUsePotion"},{"floor":32,"key":"sneckomod:MuddlingPotion"}],"is_trial":false,"path_per_floor":["R","M","?","?","?","?","T","E","M","COS","E","R","M","?","M","B",null,"R","M","M","COS","M","E","T","M","M","R","M","$","R","M","M","B",null,"R","M","AVR","M","M","M","T","E"],"character_chosen":"SLIMEBOUND","items_purchased":["Slimebound:RejuvenatingLick","Toolbox","expansioncontent:QuickStudy"],"campfire_rested":1,"item_purchase_floors":[29,29,29],"current_hp_per_floor":[47,42,42,42,42,42,42,42,39,39,21,40,45,45,41,42,65,65,65,51,51,47,42,42,44,41,41,47,51,51,35,43,65,65,65,55,55,65,64,65,65,0,0,0],"gold":183,"neow_bonus":"RANDOM_COLORLESS_2","is_daily":false,"chose_seed":false,"campfire_upgraded":4,"win_rate":0.0,"timestamp":1612417632,"path_taken":["R","M","?","?","?","?","T","E","?","COS","E","R","M","?","M","BOSS","R","M","?","COS","M","E","T","M","M","R","M","?","R","M","M","BOSS","R","M","AVR","M","M","M","T","E"],"items_purchased_type":["Card","Relic","Card"],"build_version":"2020-12-22","purchased_purges":1,"victory":false,"max_hp_per_floor":[65,65,65,65,65,65,65,65,65,65,65,65,65,65,65,65,65,65,65,65,65,65,65,65,65,65,65,65,65,65,65,65,65,65,65,65,65,65,65,65,65,65,65,65],"card_choices":[{"not_picked":["Metamorphosis","Secret Weapon"],"picked":"Sadistic Nature","floor":0},{"not_picked":["Slimebound:FinishingTackle","Slimebound:SpikyOuterGoop"],"picked":"Slimebound:Schlurp","floor":2},{"not_picked":["Slimebound:HauntingLick","Slimebound:Prepare"],"picked":"Slimebound:LeechEnergy","floor":5},{"not_picked":["Slimebound:Grow","Slimebound:SplitBruiser"],"picked":"Slimebound:LeechingTouch","floor":5},{"not_picked":["Slimebound:ForwardTackle","Slimebound:PressTheAttack"],"picked":"Slimebound:Gluttony","floor":8},{"not_picked":["Slimebound:LeechingTouch","Slimebound:LeadByExample"],"picked":"Slimebound:SamplingLick","floor":9},{"not_picked":["Slimebound:SplitBruiser","Slimebound:FinishingTackle","Slimebound:SplitAcid"],"picked":"SKIP","floor":11},{"not_picked":["Slimebound:LeechEnergy","Slimebound:PressTheAttack"],"picked":"Slimebound:SamplingLick","floor":13},{"not_picked":["Slimebound:FinishingTackle","Slimebound:Dissolve"],"picked":"Slimebound:RainOfGoop","floor":15},{"not_picked":["Slimebound:LeechingTouch","Slimebound:SplitAcid+1"],"picked":"Slimebound:SamplingLick","floor":19},{"not_picked":["Slimebound:LeadByExample","Slimebound:ViciousTackle"],"picked":"Slimebound:MegaLick+1","floor":20},{"not_picked":["Slimebound:SlimeTap","Slimebound:RainOfGoop"],"picked":"Slimebound:HauntingLick","floor":22},{"not_picked":["Slimebound:Overexert","Slimebound:ViciousTackle+1","Slimebound:ForwardTackle+1"],"picked":"SKIP","floor":23},{"not_picked":["Slimebound:HauntingLick","Slimebound:Gluttony"],"picked":"Slimebound:RainOfGoop","floor":25},{"not_picked":["Slimebound:SplitLeeching","Slimebound:SamplingLick+1","Slimebound:RollThrough+1","bronze:Iterate"],"picked":"SKIP","floor":26},{"not_picked":["Slimebound:LeechingTouch","Slimebound:DisruptingSlam+1","Slimebound:GoopTackle","bronze:ClassDefault"],"picked":"SKIP","floor":28},{"not_picked":["Slimebound:SlimeBarrage","Slimebound:LeechEnergy","Slimebound:FormOfPuddle","bronze:DarkDash"],"picked":"SKIP","floor":29},{"not_picked":["Slimebound:SplitBruiser","Slimebound:SlimeSpikes+1","bronze:MaxOutput"],"picked":"Slimebound:AcidTongue","floor":31},{"not_picked":["Slimebound:SlimeSpikes+1","Slimebound:ComboTackle","Slimebound:ForwardTackle","bronze:DelayedSlice"],"picked":"SKIP","floor":32},{"not_picked":["Slimebound:SplitLeeching","Slimebound:SplitAcid+1","bronze:OilSpill"],"picked":"Slimebound:LeechEnergy+1","floor":36},{"not_picked":["Slimebound:GoopTackle","Slimebound:SlimeBarrage+1","bronze:OilSpill"],"picked":"Slimebound:Replication","floor":38},{"not_picked":["Slimebound:Prepare","Slimebound:GoopTackle+1","bronze:OilSpill"],"picked":"Slimebound:SamplingLick+1","floor":39},{"not_picked":["Slimebound:FinishingTackle","Slimebound:SplitLeeching","bronze:Repair"],"picked":"Slimebound:MegaLick","floor":40}],"player_experience":46124,"relics_obtained":[{"floor":7,"key":"Whetstone"},{"floor":8,"key":"Bag of Preparation"},{"floor":11,"key":"hubris:SlimyHat"},{"floor":23,"key":"Pantograph"},{"floor":24,"key":"Slimebound:AggressiveSlimeRelic"},{"floor":41,"key":"Lantern"}],"event_choices":[],"is_beta":false,"boss_relics":[{"not_picked":["conspire:RoyalGoblet","Empty Cage"],"picked":"Cursed Key"},{"not_picked":["hubris:Stopwatch","conspire:RunicOctahedron"],"picked":"hubris:BlackHole"}],"items_purged_floors":[29],"is_endless":false,"potions_floor_spawned":[8,9,13,16,20,23,32,33,39,40],"killed_by":"Gensokyo:Marisa","ascension_level":0}}