{"host":"nnyx9dsqghbnrkfw","time":1612454554,"event":{"mods":["Aspiration","BaseMod","Minty Spire (QoL Compilation)","Spicy Shops","StSLib"],"gold_per_floor":[144,144,189,234,279,369,369,414,414,459,459,504,549,549,549,849,849,894,894,894,894,44,134,134,179,229,229,274,274,319,364,364,664,664,709,754,98,98,98,98],"floor_reached":39,"language":"ZHS","playtime":2929,"items_purged":["Parasite","Blizzard"],"score":555,"play_id":"4a14601d-a828-4735-9dcd-b9c38af5b68d","local_time":"20210205000234","daily_mods":["Insanity","Red Cards","Midas"],"is_ascension_mode":false,"campfire_choices":[{"floor":7,"key":"REST"},{"floor":15,"key":"REST"},{"floor":24,"key":"DIG"},{"floor":27,"key":"DIG"},{"floor":32,"key":"DIG"}],"circlet_count":0,"master_deck":["Stack","Flex","Shrug It Off","Steam Power","Dual Wield","Havoc","Consume","Recycle","Anger","Flex","Barrage","Warcry","Barrage","Go for the Eyes","Skim","Rip and Tear","Steam","Leap","Lockon","Warcry","Shrug It Off","Disarm","Shrug It Off","Doom and Gloom","Conserve Battery","Clothesline","Clothesline","Barrage","Wild Strike","Rupture","Shrug It Off","Hologram","Cleave","Cold Snap","Intimidate","Blizzard","Feel No Pain","Reprogram","Loop","Rampage","Warcry","Gash","Ball Lightning","Heavy Blade","Hello World","Clash","Shockwave","Warcry","Havoc","Armaments","Chaos","Creative AI","Go for the Eyes","Double Energy","Consume","Offering","Rupture","Bite","Bite","Bite","Bite","Bite","Cold Snap+1","Anger+1","Beam Cell+1","Glacier+1","Turbo","Thunder Strike","Body Slam","Heavy Blade+1","Mind Blast","Force Field"],"relics":["Cracked Core","Eternal Feather","Symbiotic Virus","WarpedTongs","Runic Pyramid","White Beast Statue","Shovel","Shuriken","Medical Kit","Pen Nib","TungstenRod","aspiration:DSix","Vajra","Bottled Flame","MutagenicStrength","Du-Vu Doll","SlaversCollar","HandDrill","Akabeko","Oddly Smooth Stone"],"acts_visited":["Exordium","TheCity","TheBeyond"],"potions_floor_usage":[16,18,18,33],"damage_taken":[{"damage":0,"enemies":"Small Slimes","floor":1,"turns":2},{"damage":6,"enemies":"Cultist","floor":3,"turns":3},{"damage":0,"enemies":"2 Louse","floor":4,"turns":3},{"damage":0,"enemies":"Exordium Thugs","floor":5,"turns":5},{"damage":27,"enemies":"3 Sentries","floor":6,"turns":8},{"damage":8,"enemies":"Looter","floor":8,"turns":3},{"damage":0,"enemies":"Large Slime","floor":10,"turns":5},{"damage":15,"enemies":"Exordium Wildlife","floor":12,"turns":4},{"damage":4,"enemies":"3 Louse","floor":13,"turns":2},{"damage":24,"enemies":"Hexaghost","floor":16,"turns":10},{"damage":15,"enemies":"Shell Parasite","floor":18,"turns":3},{"damage":39,"enemies":"Slavers","floor":23,"turns":6},{"damage":8,"enemies":"3 Byrds","floor":25,"turns":8},{"damage":7,"enemies":"Snake Plant","floor":28,"turns":4},{"damage":0,"enemies":"Sentry and Sphere","floor":30,"turns":3},{"damage":6,"enemies":"Chosen and Byrds","floor":31,"turns":6},{"damage":58,"enemies":"Collector","floor":33,"turns":16},{"damage":6,"enemies":"Orb Walker","floor":35,"turns":3},{"damage":19,"enemies":"3 Shapes","floor":36,"turns":3},{"damage":41,"enemies":"Jaw Worm Horde","floor":39,"turns":2}],"seed_played":"2514053361250750194","potions_obtained":[{"floor":2,"key":"CultistPotion"},{"floor":2,"key":"AttackPotion"},{"floor":2,"key":"Explosive Potion"},{"floor":3,"key":"GamblersBrew"},{"floor":8,"key":"ColorlessPotion"},{"floor":23,"key":"FocusPotion"},{"floor":25,"key":"Dexterity Potion"},{"floor":28,"key":"Swift Potion"},{"floor":30,"key":"GamblersBrew"},{"floor":33,"key":"Swift Potion"},{"floor":35,"key":"Strength Potion"}],"is_trial":false,"path_per_floor":["M","?","M","M","M","E","R","M","T","M","?","M","M","?","R","B",null,"M","?","?","?","$","E","R","M","T","R","M","?","M","M","R","B",null,"M","M","$","?","M"],"character_chosen":"DEFECT","items_purchased":["Shovel","Shuriken","Medical Kit","Pen Nib","HandDrill","Akabeko","Oddly Smooth Stone","Mind Blast"],"campfire_rested":2,"item_purchase_floors":[22,22,22,22,37,37,37,37],"current_hp_per_floor":[75,75,69,69,69,42,75,67,67,67,67,52,48,48,75,51,75,60,52,52,52,52,21,52,46,46,52,47,47,51,50,52,7,52,49,36,36,36,0,0],"gold":98,"neow_bonus":"","is_daily":true,"chose_seed":false,"campfire_upgraded":0,"win_rate":0.0,"timestamp":1612454554,"path_taken":["M","?","?","M","M","E","R","M","T","?","?","?","M","?","R","BOSS","M","?","?","?","$","E","R","?","T","R","M","?","M","M","R","BOSS","M","M","$","?","?"],"items_purchased_type":["Relic","Relic","Relic","Relic","Relic","Relic","Relic","Card"],"build_version":"2020-12-22","purchased_purges":2,"victory":false,"max_hp_per_floor":[75,75,75,75,75,75,75,75,75,75,75,75,75,75,75,75,75,75,52,52,52,52,52,52,52,52,52,52,52,52,52,52,52,52,52,52,49,49,49,49],"card_choices":[{"not_picked":["Rebound","Barrage"],"picked":"Havoc","floor":1},{"not_picked":["Wild Strike","Heavy Blade","Thunderclap"],"picked":"SKIP","floor":3},{"not_picked":["Sweeping Beam","Stack"],"picked":"Armaments","floor":4},{"not_picked":["Self Repair","True Grit"],"picked":"Chaos","floor":5},{"not_picked":["Dark Embrace","Reckless Charge"],"picked":"Creative AI","floor":6},{"not_picked":["Ball Lightning","Anger"],"picked":"Go for the Eyes","floor":8},{"not_picked":["Cold Snap","Aggregate"],"picked":"Double Energy","floor":10},{"not_picked":["True Grit","Headbutt","Warcry"],"picked":"SKIP","floor":12},{"not_picked":["Body Slam","Ball Lightning"],"picked":"Consume","floor":13},{"not_picked":["Buffer","Hyperbeam"],"picked":"Offering","floor":16},{"not_picked":["Steam","Warcry"],"picked":"Rupture","floor":18},{"not_picked":["Intimidate","True Grit+1"],"picked":"Cold Snap+1","floor":23},{"not_picked":["Consume+1","Sweeping Beam"],"picked":"Anger+1","floor":25},{"not_picked":["Clash","Twin Strike"],"picked":"Beam Cell+1","floor":28},{"not_picked":["Havoc+1","Coolheaded"],"picked":"Glacier+1","floor":30},{"not_picked":["Coolheaded","Clash"],"picked":"Turbo","floor":31},{"not_picked":["Amplify","Bludgeon"],"picked":"Thunder Strike","floor":33},{"not_picked":["Thunderclap","Wild Strike"],"picked":"Body Slam","floor":35},{"not_picked":["Rampage","Sword Boomerang+1"],"picked":"Heavy Blade+1","floor":36}],"player_experience":205746,"relics_obtained":[{"floor":6,"key":"Eternal Feather"},{"floor":9,"key":"Symbiotic Virus"},{"floor":23,"key":"TungstenRod"},{"floor":24,"key":"aspiration:DSix"},{"floor":26,"key":"Vajra"},{"floor":27,"key":"Bottled Flame"},{"floor":32,"key":"Du-Vu Doll"}],"event_choices":[{"damage_healed":0,"gold_gain":0,"player_choice":"Got Potions","damage_taken":0,"max_hp_gain":0,"max_hp_loss":0,"event_name":"Lab","floor":2,"gold_loss":0},{"damage_healed":0,"gold_gain":0,"player_choice":"Rummage","damage_taken":0,"relics_obtained":["WarpedTongs"],"max_hp_gain":0,"max_hp_loss":0,"event_name":"Accursed Blacksmith","floor":11,"gold_loss":0,"cards_obtained":["Pain"]},{"cards_removed":["Pain"],"damage_healed":0,"gold_gain":0,"player_choice":"Purged","damage_taken":0,"max_hp_gain":0,"max_hp_loss":0,"event_name":"Purifier","floor":14,"gold_loss":0},{"damage_healed":0,"gold_gain":0,"player_choice":"Became a vampire","damage_taken":0,"max_hp_gain":0,"max_hp_loss":23,"event_name":"Vampires","floor":19,"gold_loss":0,"cards_obtained":["Bite","Bite","Bite","Bite","Bite"]},{"damage_healed":0,"gold_gain":0,"player_choice":"Stole Relic","damage_taken":0,"relics_obtained":["White Beast Statue"],"max_hp_gain":0,"max_hp_loss":0,"event_name":"Addict","floor":20,"gold_loss":0,"cards_obtained":["Shame"]},{"cards_removed":["Shame"],"damage_healed":0,"gold_gain":0,"player_choice":"Elegance","damage_taken":0,"max_hp_gain":0,"max_hp_loss":0,"event_name":"Back to Basics","floor":21,"gold_loss":0},{"damage_healed":0,"gold_gain":0,"player_choice":"Inject Mutagens","damage_taken":0,"relics_obtained":["MutagenicStrength"],"max_hp_gain":0,"max_hp_loss":0,"event_name":"Drug Dealer","floor":29,"gold_loss":0},{"damage_healed":0,"gold_gain":0,"cards_transformed":["Sunder"],"player_choice":"Transformed","damage_taken":0,"max_hp_gain":0,"max_hp_loss":0,"event_name":"Transmorgrifier","floor":38,"gold_loss":0,"cards_obtained":["Force Field"]}],"is_beta":false,"boss_relics":[{"not_picked":["Empty Cage","Inserter"],"picked":"Runic Pyramid"},{"not_picked":["Nuclear Battery","aspiration:FutureDiary"],"picked":"SlaversCollar"}],"items_purged_floors":[37,37],"is_endless":false,"potions_floor_spawned":[3,8,12,13,23,25,28,30,31,33,35,36],"killed_by":"Jaw Worm Horde","ascension_level":0}}