{"host":"5p9hybygolzp0efr","time":1612407701,"event":{"mods":["AchievementEnabler","BaseMod","Bestiary","Colored Map","Minty Spire (QoL Compilation)","Permanent Neow","Relic Stats","StSLib"],"gold_per_floor":[111,128,148,148,118,143,157,157,157,157,157,157],"floor_reached":11,"language":"ENG","playtime":433,"items_purged":[],"score":110,"play_id":"1e391f25-5606-4bbb-8d26-220021ddc7ae","local_time":"20210204110141","is_ascension_mode":true,"campfire_choices":[{"data":"Cold Snap","floor":10,"key":"SMITH"}],"circlet_count":0,"master_deck":["AscendersBane","Strike_B","Strike_B","Strike_B","Defend_B","Defend_B","Defend_B","Defend_B","Zap","Dualcast","Leap","Cold Snap+1","Coolheaded","Sweeping Beam","Conserve Battery"],"relics":["Cursed Key","Juzu Bracelet"],"acts_visited":["Exordium"],"potions_floor_usage":[],"damage_taken":[{"damage":1,"enemies":"Cultist","floor":1,"turns":4},{"damage":8,"enemies":"2 Louse","floor":2,"turns":2},{"damage":4,"enemies":"Jaw Worm","floor":3,"turns":4},{"damage":4,"enemies":"Looter","floor":5,"turns":4},{"damage":25,"enemies":"3 Sentries","floor":6,"turns":9},{"damage":0,"enemies":"2 Fungi Beasts","floor":7,"turns":4},{"damage":62,"enemies":"Gremlin Nob","floor":11,"turns":6}],"seed_played":"900185294287966405","potions_obtained":[{"floor":2,"key":"FearPotion"},{"floor":7,"key":"FairyPotion"}],"is_trial":false,"path_per_floor":["M","M","M","?","M","E","M","?","T","R","E"],"character_chosen":"DEFECT","items_purchased":[],"campfire_rested":0,"item_purchase_floors":[],"current_hp_per_floor":[67,59,55,55,51,26,26,26,26,26,0,0],"gold":157,"neow_bonus":"BOSS_RELIC","is_daily":false,"chose_seed":false,"campfire_upgraded":1,"win_rate":0.0,"timestamp":1612407701,"path_taken":["M","M","M","?","M","E","M","?","T","R","E"],"items_purchased_type":[],"build_version":"2020-12-22","purchased_purges":0,"victory":false,"max_hp_per_floor":[75,75,75,75,75,75,75,75,75,75,75,75],"relic_stats":{"counters":[7,33],"Juzu Bracelet":1,"Cursed Key":0,"obtain_stats":[{"Juzu Bracelet":6,"Cracked Core":0,"Cursed Key":0},{"Juzu Bracelet":5,"Cracked Core":0,"Cursed Key":0},{"Juzu Bracelet":23,"Cracked Core":0,"Cursed Key":0}]},"card_choices":[{"not_picked":["Compile Driver","Steam Power"],"picked":"Leap","floor":1},{"not_picked":["Lockon","Barrage"],"picked":"Cold Snap","floor":2},{"not_picked":["Hologram","Barrage"],"picked":"Coolheaded","floor":3},{"not_picked":["Cold Snap","Steam"],"picked":"Sweeping Beam","floor":5},{"not_picked":["Aggregate","Sweeping Beam","Reprogram"],"picked":"SKIP","floor":6},{"not_picked":["Turbo","Compile Driver"],"picked":"Conserve Battery","floor":7}],"player_experience":584473,"relics_obtained":[{"floor":6,"key":"Juzu Bracelet"}],"event_choices":[{"cards_removed":["Strike_B"],"damage_healed":0,"gold_gain":0,"player_choice":"Purged","damage_taken":0,"max_hp_gain":0,"max_hp_loss":0,"event_name":"Purifier","floor":4,"gold_loss":0},{"damage_healed":0,"gold_gain":0,"player_choice":"0 cards matched","damage_taken":0,"max_hp_gain":0,"max_hp_loss":0,"event_name":"Match and Keep!","floor":8,"gold_loss":0,"cards_obtained":[]}],"is_beta":false,"boss_relics":[],"items_purged_floors":[],"is_endless":false,"potions_floor_spawned":[2,7],"killed_by":"Gremlin Nob","ascension_level":10}}