{"host":"8e3sp1tozjyrh64l","time":1612413846,"event":{"mods":["BaseMod","Better Altar","Better Match","Better Note","Better Sensory Stone","Better Silent Start","Better Skull","Better Third Choice","BetterRewards","Curses Come First","Defuse TimeMaze Blight","Infinite Spire","Minty Spire (QoL Compilation)","Permanent Neow","Rare Cards Sparkle","Relic Sorter","Reliquary","Replay The Spire","Shop Mod","Spicy Shops","StSLib","SuperFastMode","Wandering Minibosses"],"gold_per_floor":[111,111,111,111,76,103,103,133,159,188,188,215,231,266,266,368,368,382,402,402,419,2,2,28,42,42,87,99,111,123,152,164,275,287,312,334,346,369,395,407,451,463,502,514,544,574,586,614,626,742,754,754],"floor_reached":51,"language":"ENG","playtime":3455,"items_purged":[],"score":831,"play_id":"b92d37a3-540a-4a84-a826-4ffd11438c82","local_time":"20210203214406","is_ascension_mode":true,"campfire_choices":[{"data":"Dash","floor":7.0,"key":"SMITH"},{"data":"Infinite Blades","floor":15.0,"key":"SMITH"},{"data":"Accuracy","floor":23.0,"key":"SMITH"},{"data":"infinitespire:Execution","floor":30.0,"key":"SMITH"},{"data":"Infinite Blades","floor":32.0,"key":"SMITH"},{"data":"Accuracy","floor":40,"key":"SMITH"},{"data":"After Image","floor":49,"key":"SMITH"}],"circlet_count":0,"master_deck":["Strike_G+1","Strike_G+1","Strike_G+1","Strike_G+1","Defend_G","Defend_G","Defend_G","Defend_G","Survivor","Neutralize+1","Backstab","Dash+1","Eviscerate+1","Blade Dance","Infinite Blades+1","Riddle With Holes+1","Glass Knife+1","Acrobatics","Infinite Blades+1","ReplayTheSpireMod:Brewmster+1","ReplayTheSpireMod:Scrap Shanks","Accuracy+1","After Image+1","infinitespire:Execution+1","Accuracy+1","Venomology","Noxious Fumes+1","ReplayTheSpireMod:Brewmster+1","Decay"],"relics":["Ring of the Snake","ClockworkSouvenir","Nunchaku","MerchantsRug","TungstenRod","reliquary:ExpiredCoupon","Blood Vial","Molten Egg 2","Oddly Smooth Stone","Vajra","WristBlade","Snack Pack","reliquary:PartyBalloon","Akabeko","Smiling Mask","MawBank","reliquary:TuningFork","infinitespire:Broken Mirror","Busted Crown","reliquary:Sideboard","Gremlin Food","Membership Card","ReplayTheSpireMod:SealedPack"],"acts_visited":["Exordium","TheCity","TheBeyond","Exordium"],"potions_floor_usage":[35,36,38,38,45,45,45,45,45,48,48,48,48,48,50,50,50,50],"damage_taken":[{"damage":0.0,"enemies":"2 Louse","floor":1.0,"turns":2.0},{"damage":12.0,"enemies":"Lagavulin","floor":6.0,"turns":6.0},{"damage":0.0,"enemies":"Gremlin Nob","floor":8.0,"turns":3.0},{"damage":0.0,"enemies":"Replay:BlueRogue","floor":10.0,"turns":4.0},{"damage":0.0,"enemies":"Small Slimes","floor":13.0,"turns":2.0},{"damage":5.0,"enemies":"Gremlin Nob","floor":14.0,"turns":3.0},{"damage":11.0,"enemies":"The Guardian","floor":16.0,"turns":7.0},{"damage":0.0,"enemies":"3 Byrds","floor":18.0,"turns":4.0},{"damage":5.0,"enemies":"Shell Parasite","floor":19.0,"turns":3.0},{"damage":0.0,"enemies":"Centurion and Healer","floor":21.0,"turns":3.0},{"damage":21.0,"enemies":"Book of Stabbing","floor":24.0,"turns":4.0},{"damage":3.0,"enemies":"3 Cultists","floor":25.0,"turns":4.0},{"damage":22.0,"enemies":"Nightmare","floor":27.0,"turns":7.0},{"damage":0.0,"enemies":"Cultist and Chosen","floor":31.0,"turns":3.0},{"damage":8.0,"enemies":"Champ","floor":33.0,"turns":5.0},{"damage":9,"enemies":"3 Darklings","floor":35,"turns":2},{"damage":2,"enemies":"Orb Walker","floor":36,"turns":2},{"damage":15,"enemies":"Maw","floor":38,"turns":4},{"damage":0,"enemies":"3 Darklings","floor":39,"turns":3},{"damage":0,"enemies":"R_Hoarder","floor":41,"turns":4},{"damage":0,"enemies":"Jaw Worm Horde","floor":45,"turns":2},{"damage":3,"enemies":"Spire Growth","floor":46,"turns":4},{"damage":5,"enemies":"Transient","floor":48,"turns":5},{"damage":68,"enemies":"Donu and Deca","floor":50,"turns":8}],"seed_played":"1962231302044764266","potions_obtained":[{"floor":1.0,"key":"Languid Potion"},{"floor":8.0,"key":"Weak Potion"},{"floor":10.0,"key":"CunningPotion"},{"floor":14.0,"key":"Toxic Potion"},{"floor":21.0,"key":"SteroidPotion"},{"floor":35,"key":"GamblersBrew"},{"floor":38,"key":"EntropicBrew"},{"floor":48,"key":"SpeedPotion"}],"is_trial":false,"path_per_floor":["M","?","?","?","?","E","R","E","T","E","T","T","M","E","R","B",null,"M","M","?","M","$","R","E","M","T","NM","?","AVR","R","M","R","B",null,"M","M","?","M","M","R","E","?","T","AVR","M","M","?","M","R","B",null],"character_chosen":"THE_SILENT","items_purchased":["ClockworkSouvenir","Nunchaku","MerchantsRug","reliquary:ExpiredCoupon","Snack Pack","reliquary:PartyBalloon","Akabeko","Accuracy"],"campfire_rested":0,"item_purchase_floors":[0,0,0,0,22,22,22,22],"current_hp_per_floor":[38,38,43,43,61,49,49,51,51,60,60,60,62,59,59,50,82,82,77,77,79,79,79,66,67,67,57,57,57,57,61,61,61,82,77,79,79,68,74,74,80,80,80,80,82,81,81,82,82,41,82,82],"gold":754,"neow_bonus":"","is_daily":false,"chose_seed":false,"campfire_upgraded":7,"win_rate":0.0,"timestamp":1612413846,"path_taken":["M","?","?","?","?","E","R","E","T","E","?","?","M","E","R","BOSS","M","?","?","M","$","R","E","M","T","NM","?","AVR","R","M","R","BOSS","M","M","?","M","M","R","E","?","T","AVR","M","?","?","M","R","BOSS"],"items_purchased_type":["Relic","Relic","Relic","Relic","Relic","Relic","Relic","Card"],"build_version":"2020-12-22","purchased_purges":0,"victory":false,"max_hp_per_floor":[70,70,75,75,75,75,75,75,75,82,82,82,82,82,82,82,82,82,82,82,82,82,82,82,82,82,82,82,82,82,82,82,82,82,82,82,82,82,82,82,82,82,82,82,82,82,82,82,82,82,82,82],"card_choices":[{"not_picked":["Quick Slash","Dodge and Roll"],"picked":"Backstab","floor":1.0},{"not_picked":["Catalyst","Burst"],"picked":"Dash","floor":6.0},{"not_picked":["Tactician","ReplayTheSpireMod:The Works"],"picked":"Eviscerate+1","floor":8.0},{"not_picked":["ReplayTheSpireMod:Exploit Weakness","Backflip"],"picked":"Blade Dance","floor":10.0},{"not_picked":["Dodge and Roll","Outmaneuver"],"picked":"Infinite Blades","floor":13.0},{"not_picked":["Draining Mist","Masterful Stab+1"],"picked":"Riddle With Holes+1","floor":14.0},{"not_picked":["Replay:Bag of Tricks","Venomology"],"picked":"Glass Knife+1","floor":16.0},{"not_picked":["Poisoned Stab+1","Acrobatics","Riddle With Holes+1"],"picked":"SKIP","floor":18.0},{"not_picked":["Poisoned Stab+1","Riddle With Holes+1"],"picked":"Acrobatics","floor":18.0},{"not_picked":["Expertise","Deadly Poison"],"picked":"Infinite Blades","floor":19.0},{"not_picked":["Outmaneuver","Eviscerate+1"],"picked":"ReplayTheSpireMod:Scrap Shanks","floor":21.0},{"not_picked":["Blade Dance","Masterful Stab+1"],"picked":"After Image","floor":24.0},{"not_picked":["Escape Plan","Setup","Quick Slash+1"],"picked":"SKIP","floor":25.0},{"not_picked":["ReplayTheSpireMod:Haul","infinitespire:FinalStrike"],"picked":"infinitespire:Execution","floor":27.0},{"not_picked":["Underhanded Strike+1","Acrobatics"],"picked":"Accuracy","floor":27.0},{"not_picked":["Toxin Wave","Well Laid Plans","ReplayTheSpireMod:Tripwire+1"],"picked":"SKIP","floor":31.0},{"not_picked":["Doppelganger","ReplayTheSpireMod:From All Sides+1"],"picked":"Venomology","floor":33.0},{"not_picked":["ReplayTheSpireMod:Shiv Toss+1"],"picked":"SKIP","floor":35},{"not_picked":["Underhanded Strike+1"],"picked":"SKIP","floor":36},{"not_picked":[],"picked":"Noxious Fumes+1","floor":38},{"not_picked":["Bane+1"],"picked":"SKIP","floor":39},{"not_picked":["Footwork+1"],"picked":"SKIP","floor":41},{"not_picked":[],"picked":"Footwork+1","floor":41},{"not_picked":["Eviscerate+1"],"picked":"SKIP","floor":45},{"not_picked":["Blade Dance"],"picked":"SKIP","floor":46},{"not_picked":[],"picked":"Specialist","floor":47},{"not_picked":["Crippling Poison"],"picked":"SKIP","floor":48}],"player_experience":905540,"relics_obtained":[{"floor":4.0,"key":"Replay:Bottled Eggs"},{"floor":6.0,"key":"Blood Vial"},{"floor":8.0,"key":"Molten Egg 2"},{"floor":9.0,"key":"Oddly Smooth Stone"},{"floor":10.0,"key":"Strawberry"},{"floor":11.0,"key":"Vajra"},{"floor":24.0,"key":"Smiling Mask"},{"floor":26.0,"key":"MawBank"},{"floor":27.0,"key":"reliquary:TuningFork"},{"floor":41,"key":"reliquary:Sideboard"},{"floor":43,"key":"Gremlin Food"}],"event_choices":[{"damage_healed":0.0,"max_hp_gain":0.0,"max_hp_loss":0.0,"gold_gain":0.0,"event_name":"Living Wall","player_choice":"Grow","floor":2.0,"gold_loss":0.0,"damage_taken":0.0,"cards_upgraded":["Neutralize"]},{"damage_healed":0.0,"max_hp_gain":5.0,"max_hp_loss":0.0,"gold_gain":0.0,"event_name":"Big Fish","player_choice":"Donut","floor":3.0,"gold_loss":0.0,"damage_taken":0.0},{"damage_healed":18.0,"max_hp_gain":0.0,"max_hp_loss":0.0,"gold_gain":0.0,"event_name":"The Cleric","player_choice":"Healed","floor":5.0,"gold_loss":35.0,"damage_taken":0.0},{"cards_removed":["Infinite Blades"],"damage_healed":0.0,"max_hp_gain":0.0,"max_hp_loss":0.0,"gold_gain":0.0,"event_name":"betterNote:BetterNote","player_choice":"Take \u0026 Give","floor":20.0,"gold_loss":0.0,"damage_taken":0.0,"cards_obtained":["ReplayTheSpireMod:Brewmster"]},{"damage_healed":0.0,"max_hp_gain":0.0,"max_hp_loss":0.0,"gold_gain":0.0,"event_name":"Beggar","player_choice":"Ignored","floor":28.0,"gold_loss":0.0,"damage_taken":0.0},{"damage_healed":0,"gold_gain":0,"player_choice":"Copied","damage_taken":0,"max_hp_gain":0,"max_hp_loss":0,"event_name":"Duplicator","floor":42,"gold_loss":0,"cards_obtained":["ReplayTheSpireMod:Brewmster"]},{"damage_healed":0,"gold_gain":3,"player_choice":"1","damage_taken":0,"max_hp_gain":0,"max_hp_loss":0,"event_name":"betterStone:BetterStone","floor":47,"gold_loss":0}],"is_beta":false,"boss_relics":[{"not_picked":["Replay:Wanted Poster","infinitespire:Cupcake"],"picked":"WristBlade"},{"not_picked":["reliquary:KinkedSpring","Replay:Ancient Bell"],"picked":"Busted Crown"},{"not_picked":["Replay:Grab Bag","Ring of Chaos"],"picked":"ReplayTheSpireMod:SealedPack"}],"items_purged_floors":[],"is_endless":true,"potions_floor_spawned":[1,8,10,14,16,21,25,27,35,38,41,48],"ascension_level":1}}