{"host":"9mz6x6ekz95y53i5","time":1612443898,"event":{"mods":["AchievementEnabler","BaseMod","Colored Map","Colored Powertips","Downfall","Energized Spire","Minty Spire (QoL Compilation)","Quick Restart","Reliquary","Replay The Spire","SIMod","Spicy Shops","StSLib","The Bug Knight","UnlockEverythingMod","Warlord Emblem","¡¾ÒÅÎï¿¨ÅÆ¡¿REMEMod"],"gold_per_floor":[99,118,134,44,64,64,139,149,49,69,81,66,77,77,88,188,188,188,188,188,188],"floor_reached":19,"language":"ZHS","playtime":1504,"items_purged":["Slimebound:Defend_Slimebound"],"score":161,"play_id":"35c49aa2-231a-4295-a355-5c7402c10923","local_time":"20210204210458","is_ascension_mode":false,"campfire_choices":[{"floor":1.0,"key":"RECALL"},{"data":"Slimebound:Gluttony","floor":6.0,"key":"SMITH"},{"data":"Slimebound:Grow","floor":9.0,"key":"SMITH"},{"data":"Slimebound:Strike_Slimebound","floor":18,"key":"PURGE"}],"circlet_count":0,"master_deck":["Slimebound:Strike_Slimebound","Slimebound:Strike_Slimebound","Slimebound:Tackle","Slimebound:Defend_Slimebound","Slimebound:Defend_Slimebound","Slimebound:Defend_Slimebound","Slimebound:Split","Slimebound:CorrosiveSpit","Echo Form","ReplayTheSpireMod:Faulty Equipment","Slimebound:Grow+1","Slimebound:Prepare","Slimebound:RainOfGoop","Slimebound:Gluttony+1","Slimebound:SplitMire","Slimebound:SlimeSlap","Slimebound:SpikyOuterGoop","Slimebound:Chomp","Slimebound:MassRepurpose","Slimebound:MassFeed"],"relics":["REME_ComplimentaryCards","reliquary:PurpleTingedLeaf","downfall:HeartBlessingRed","m_BurningSludge","reliquary:WritOfMandamus"],"acts_visited":["Exordium","TheCity"],"potions_floor_usage":[16,16,16],"damage_taken":[{"damage":3.0,"enemies":"Cultist","floor":2.0,"turns":4.0},{"damage":16.0,"enemies":"Jaw Worm","floor":3.0,"turns":5.0},{"damage":5.0,"enemies":"downfall:FleeingMerchant","floor":4.0,"turns":4.0},{"damage":0.0,"enemies":"Small Slimes","floor":5.0,"turns":3.0},{"damage":11.0,"enemies":"Blue Slaver","floor":8.0,"turns":4.0},{"damage":18.0,"enemies":"Gremlin Gang","floor":10.0,"turns":5.0},{"damage":17.0,"enemies":"2 Fungi Beasts","floor":11.0,"turns":4.0},{"damage":12.0,"enemies":"downfall:FleeingMerchant","floor":12.0,"turns":4.0},{"damage":12,"enemies":"3 Louse","floor":13,"turns":3},{"damage":6,"enemies":"Large Slime","floor":15,"turns":5},{"damage":21,"enemies":"DF_ARCHETYPE_STREAMLINE","floor":16,"turns":8},{"damage":0,"enemies":"Shell Parasite","floor":19,"turns":1}],"seed_played":"4705827415564070912","potions_obtained":[{"floor":3.0,"key":"Strength Potion"},{"floor":5.0,"key":"Weak Potion"},{"floor":13,"key":"Fire Potion"},{"floor":16,"key":"Fire Potion"}],"is_trial":false,"path_per_floor":["R","M","M","$","M","R","T","M","R","M","M","$","M","?","M","B",null,"R_BF","M"],"character_chosen":"SLIMEBOUND","items_purchased":[],"campfire_rested":0,"item_purchase_floors":[],"current_hp_per_floor":[77,77,65,64,68,68,68,66,66,57,48,43,37,37,34,19,77,77,77,77,77],"gold":188,"neow_bonus":"TWENTY_PERCENT_HP_BONUS","is_daily":false,"chose_seed":false,"campfire_upgraded":2,"win_rate":0.0,"timestamp":1612443898,"path_taken":["R","M","M","$","M","R","T","M","R","M","?","$","M","?","M","BOSS","R_BF","M"],"items_purchased_type":[],"build_version":"2020-12-22","purchased_purges":1,"victory":false,"max_hp_per_floor":[77,77,77,77,77,77,77,77,77,77,77,77,77,77,77,77,77,77,77,77,77],"card_choices":[{"not_picked":["Slimebound:SlimeBarrage","Slimebound:FormOfPuddle"],"picked":"Slimebound:Grow","floor":2.0},{"not_picked":["Slimebound:ViciousTackle","Slimebound:SlimeBrawl"],"picked":"Slimebound:Prepare","floor":3.0},{"not_picked":["Slimebound:SamplingLick","Slimebound:RejuvenatingLick"],"picked":"Slimebound:RainOfGoop","floor":4.0},{"not_picked":["Slimebound:LevelUp","Slimebound:Dissolve"],"picked":"Slimebound:Gluttony","floor":5.0},{"not_picked":["Slimebound:SlimeSpikes","Slimebound:HauntingLick"],"picked":"Slimebound:SplitMire","floor":8.0},{"not_picked":["Slimebound:SamplingLick","Slimebound:Schlurp"],"picked":"Slimebound:SlimeSlap","floor":10.0},{"not_picked":["Slimebound:LeechEnergy","Slimebound:SlimeTap"],"picked":"Slimebound:SpikyOuterGoop","floor":11.0},{"not_picked":["Slimebound:LivingWall","Slimebound:SplitMire"],"picked":"Slimebound:Chomp","floor":12},{"not_picked":["Slimebound:ViciousTackle","Slimebound:ForwardTackle","Slimebound:Prepare"],"picked":"SKIP","floor":13},{"not_picked":["Slimebound:Chomp","Slimebound:ItLooksTasty"],"picked":"Slimebound:MassRepurpose","floor":15},{"not_picked":["Slimebound:DuplicatedForm","Slimebound:SelfFormingGoo"],"picked":"Slimebound:MassFeed","floor":16}],"player_experience":247322,"relics_obtained":[{"floor":7.0,"key":"reliquary:PurpleTingedLeaf"}],"event_choices":[],"is_beta":false,"boss_relics":[{"not_picked":["REME_LowDesire","Replay:Drink Me"],"picked":"reliquary:WritOfMandamus"}],"items_purged_floors":[4],"is_endless":false,"potions_floor_spawned":[3,5,13,15,16],"killed_by":"Shell Parasite","ascension_level":0}}