{"host":"ox77rn1xcurm2t5a","time":1612402188,"event":{"mods":["2.2 Compatiblity","AchievementEnabler","Act Like it!","Aspiration","BaseMod","Best Route Mod","Better Match","Better Note","Better Sensory Stone","Block Reminder","Colored Map","Colored Powertips","Conjunction","Conspire","Custom Start","Energized Spire","GifTheSpireLib","Gold Saver","Gremlin Skip","Halation","Highlight Path","Hubris","Infinite Spire","Minty Spire (QoL Compilation)","Pale of the Ancients","Quick Restart","Replay The Spire","Reworked Bosses","ShortenTheSpire","Spire Exporter","StSLib","Stuff the Spire","Wandering Minibosses"],"gold_per_floor":[193,3650,3650,3135,3135,3239,3255,3270,3270,3270,3284,3300,3318,3318,3318,3392,3392,3410,2879,2895,2911,2080,2196,2196,2196],"floor_reached":24,"language":"ENG","playtime":983,"items_purged":["Strike_B","Strike_B","Strike_B","Strike_B"],"score":413,"play_id":"9617d30e-9df9-49e9-baf0-62a79f56368a","local_time":"20210204032948","is_ascension_mode":true,"campfire_choices":[{"floor":10.0,"key":"RECALL"},{"data":"StuffTheSpire:Synthwave","floor":15.0,"key":"SMITH"}],"circlet_count":0,"master_deck":["AscendersBane","Defend_B","Defend_B","Defend_B","Defend_B","Zap+1","Dualcast+1","FIFO Queue","Ball Lightning","Gash","StuffTheSpire:Synthwave+1","Ball Lightning","Static Discharge","Gash+1","Ball Lightning"],"relics":["Cracked Core","NeowsBlessing","StuffTheSpire:TintedRock","Ancient Tea Set","BargainBundle","aspiration:FetidBarrel","aspiration:Nostalgia","Conjunction:StoneHearth","White Beast Statue","Philosopher\u0027s Stone","infinitespire:CheckeredPen","StuffTheSpire:RubySignet","StuffTheSpire:EmeraldSignet","Cauldron"],"acts_visited":["Exordium","TheCity"],"potions_floor_usage":[23,24],"damage_taken":[{"damage":0.0,"enemies":"Jaw Worm","floor":1.0,"turns":1.0},{"damage":0.0,"enemies":"Gremlin Nob","floor":6.0,"turns":1.0},{"damage":0.0,"enemies":"Small Slimes","floor":7.0,"turns":1.0},{"damage":5.0,"enemies":"Cultist","floor":8.0,"turns":4.0},{"damage":0.0,"enemies":"2 Fungi Beasts","floor":11.0,"turns":3.0},{"damage":19.0,"enemies":"3 Louse","floor":12.0,"turns":2.0},{"damage":11.0,"enemies":"Blue Slaver","floor":13.0,"turns":3.0},{"damage":5.0,"enemies":"Slime Boss","floor":16.0,"turns":7.0},{"damage":41.0,"enemies":"2 Thieves","floor":18.0,"turns":5.0},{"damage":1.0,"enemies":"Chosen","floor":20.0,"turns":4.0},{"damage":0,"enemies":"Snake Plant","floor":21,"turns":1},{"damage":36,"enemies":"Book of Stabbing","floor":23,"turns":4},{"damage":14,"enemies":"Snecko","floor":24,"turns":2}],"seed_played":"7958398414943749267","potions_obtained":[{"floor":1.0,"key":"Strength Potion"},{"floor":13.0,"key":"Regen Potion"},{"floor":16.0,"key":"ColorlessPotion"},{"floor":18.0,"key":"Dexterity Potion"},{"floor":20.0,"key":"Elixir"},{"floor":21,"key":"Swift Potion"},{"floor":22,"key":"FairyPotion"},{"floor":23,"key":"Adrenaline Potion"}],"is_trial":false,"path_per_floor":["M","$","?","$","?","E","M","M","T","R","M","M","M","?","R","B",null,"M","$","M","M","$","E","M"],"character_chosen":"DEFECT","items_purchased":["StuffTheSpire:TintedRock","Ancient Tea Set","BargainBundle","FIFO Queue","Doom Potion","aspiration:FetidBarrel","aspiration:Nostalgia","Ball Lightning","infinitespire:CheckeredPen","Static Discharge","LifebloodPotion","StuffTheSpire:RubySignet","StuffTheSpire:EmeraldSignet","Gash+1","Cauldron"],"campfire_rested":0,"item_purchase_floors":[2,2,2,2,2,4,4,4,19,19,19,22,22,22,22],"current_hp_per_floor":[64,64,64,64,64,64,64,59,59,59,59,40,29,29,29,39,63,22,22,21,21,21,6,0,0],"gold":2196,"neow_bonus":"THREE_ENEMY_KILL","is_daily":false,"chose_seed":false,"campfire_upgraded":1,"win_rate":0.0,"timestamp":1612402188,"path_taken":["M","$","?","$","?","E","?","M","T","R","M","M","M","?","R","BOSS","M","$","M","M","$","E","M"],"items_purchased_type":["Relic","Relic","Relic","Card","Potion","Relic","Relic","Card","Relic","Card","Potion","Relic","Relic","Card","Relic"],"build_version":"2020-12-22","purchased_purges":4,"victory":false,"max_hp_per_floor":[71,71,71,71,71,71,71,71,71,71,71,71,71,71,71,71,71,71,71,71,71,71,71,71,71],"card_choices":[{"not_picked":["Turbo","ReplayGash","Panic Button"],"picked":"SKIP","floor":1.0},{"not_picked":["Coolheaded","Beam Cell"],"picked":"Gash","floor":6.0},{"not_picked":["Beam Cell","Consume","Scrape"],"picked":"SKIP","floor":7.0},{"not_picked":["ReplayTheSpireMod:System Scan","Streamline"],"picked":"StuffTheSpire:Synthwave","floor":8.0},{"not_picked":["Steam","Streamline"],"picked":"Ball Lightning","floor":11.0},{"not_picked":["ReplaySolidLightProjector","Go for the Eyes","conspire:Rain"],"picked":"SKIP","floor":12.0},{"not_picked":["Redo","Conserve Battery","Beam Cell"],"picked":"SKIP","floor":13.0},{"not_picked":["Heatsinks","FTL","BasicCrystalCard"],"picked":"SKIP","floor":18.0},{"not_picked":["Conserve Battery","Blizzard","Rip and Tear"],"picked":"SKIP","floor":20.0},{"not_picked":["ReplayGash+1","Stack","Aggregate"],"picked":"SKIP","floor":21},{"not_picked":["Go for the Eyes+1","Beam Cell"],"picked":"Ball Lightning","floor":23}],"player_experience":2998088,"relics_obtained":[{"floor":6.0,"key":"White Beast Statue"}],"event_choices":[{"damage_healed":0.0,"max_hp_gain":0.0,"max_hp_loss":0.0,"gold_gain":0.0,"event_name":"Upgrade Shrine","player_choice":"Upgraded","floor":5.0,"gold_loss":0.0,"damage_taken":0.0,"cards_upgraded":["Dualcast"]}],"is_beta":false,"boss_relics":[{"not_picked":["Busted Crown","aspiration:WatcherSkillbook"],"picked":"Philosopher\u0027s Stone"}],"items_purged_floors":[2,4,19,22],"is_endless":false,"potions_floor_spawned":[1,7,8,11,12,13,16,18,20,21,23],"killed_by":"Snecko","ascension_level":14}}