{"host":"oor112x12afcc54z","time":1612423368,"event":{"mods":["AchievementEnabler","BaseMod","DeckTracker","Keyboard Shortcuts","Minty Spire (QoL Compilation)","SuperFastMode"],"gold_per_floor":[20,35,50,50,64,90,90,120,120,154,167,202,220,240,240,240,240],"floor_reached":16,"language":"KOR","playtime":394,"items_purged":[],"score":248,"play_id":"57b5b7af-9e1c-490b-a374-611f3cc7d3ad","local_time":"20210204162248","is_ascension_mode":true,"campfire_choices":[{"data":"Immolate","floor":7.0,"key":"SMITH"},{"floor":15,"key":"REST"}],"circlet_count":0,"master_deck":["AscendersBane","Strike_R","Strike_R","Strike_R","Strike_R","Strike_R","Defend_R","Defend_R","Defend_R","Defend_R","Bash","Immolate+1","Battle Trance","Entrench"],"relics":["Burning Blood","Blood Vial","Bronze Scales","Bottled Lightning","InkBottle"],"acts_visited":["Exordium"],"potions_floor_usage":[16,16],"damage_taken":[{"damage":0.0,"enemies":"Small Slimes","floor":1.0,"turns":2.0},{"damage":1.0,"enemies":"Cultist","floor":2.0,"turns":3.0},{"damage":4.0,"enemies":"Jaw Worm","floor":3.0,"turns":5.0},{"damage":19.0,"enemies":"3 Louse","floor":5.0,"turns":3.0},{"damage":17.0,"enemies":"3 Sentries","floor":6.0,"turns":8.0},{"damage":37.0,"enemies":"Lagavulin","floor":8.0,"turns":6.0},{"damage":2.0,"enemies":"3 Sentries","floor":10.0,"turns":5.0},{"damage":0,"enemies":"Gremlin Gang","floor":11,"turns":1},{"damage":32,"enemies":"Lagavulin","floor":12,"turns":6},{"damage":13,"enemies":"Exordium Thugs","floor":13,"turns":3},{"damage":0,"enemies":"Lots of Slimes","floor":14,"turns":1},{"damage":39,"enemies":"Hexaghost","floor":16,"turns":10}],"seed_played":"3475531512666888697","potions_obtained":[{"floor":1.0,"key":"ColorlessPotion"},{"floor":4.0,"key":"Dexterity Potion"},{"floor":6.0,"key":"BlessingOfTheForge"},{"floor":12,"key":"Swift Potion"},{"floor":13,"key":"Dexterity Potion"}],"is_trial":false,"path_per_floor":["M","M","M","?","M","E","R","E","T","E","M","E","M","M","R","B"],"character_chosen":"IRONCLAD","items_purchased":[],"campfire_rested":1,"item_purchase_floors":[],"current_hp_per_floor":[74,75,75,75,62,51,51,22,22,28,36,12,7,15,37,0,0],"gold":240,"neow_bonus":"THREE_RARE_CARDS","is_daily":false,"chose_seed":false,"campfire_upgraded":1,"win_rate":0.0,"timestamp":1612423368,"path_taken":["M","M","M","?","M","E","R","E","T","E","M","E","M","M","R","BOSS"],"items_purchased_type":[],"build_version":"2020-12-22","purchased_purges":0,"victory":false,"max_hp_per_floor":[75,75,75,75,75,75,75,75,75,75,75,75,75,75,75,75,75],"card_choices":[{"not_picked":["Offering","Impervious"],"picked":"Immolate","floor":0.0},{"not_picked":["Seeing Red","Shrug It Off","Flex"],"picked":"SKIP","floor":1.0},{"not_picked":["Uppercut","Metallicize","Cleave"],"picked":"SKIP","floor":2.0},{"not_picked":["Perfected Strike","Iron Wave","Twin Strike"],"picked":"SKIP","floor":3.0},{"not_picked":["Sword Boomerang","Heavy Blade","Rupture"],"picked":"SKIP","floor":5.0},{"not_picked":["Dual Wield","Anger"],"picked":"Battle Trance","floor":6.0},{"not_picked":["Fiend Fire","Dropkick","Searing Blow"],"picked":"SKIP","floor":8.0},{"not_picked":["Sentinel","Heavy Blade","Shrug It Off"],"picked":"SKIP","floor":10},{"not_picked":["Twin Strike","Spot Weakness","Thunderclap"],"picked":"SKIP","floor":11},{"not_picked":["Pummel","True Grit","Clothesline"],"picked":"SKIP","floor":12},{"not_picked":["Twin Strike","Ghostly Armor"],"picked":"Entrench","floor":13},{"not_picked":["Iron Wave","Headbutt","Rage"],"picked":"SKIP","floor":14}],"player_experience":441557,"relics_obtained":[{"floor":6.0,"key":"Blood Vial"},{"floor":8.0,"key":"Bronze Scales"},{"floor":10,"key":"Bottled Lightning"},{"floor":12,"key":"InkBottle"}],"event_choices":[{"damage_healed":0.0,"max_hp_gain":0.0,"max_hp_loss":0.0,"gold_gain":0.0,"event_name":"Lab","player_choice":"Got Potions","floor":4.0,"gold_loss":0.0,"damage_taken":0.0}],"is_beta":false,"boss_relics":[],"items_purged_floors":[],"is_endless":false,"potions_floor_spawned":[1,6,8,12,13,14],"killed_by":"Hexaghost","ascension_level":17}}