{"host":"niv6bi8ufjzyofbf","time":1612463688,"event":{"mods":["ATMod(∞¢Ë™Mod)","Act Like it!","BaseMod","Colored Powertips","Conspire","Gensokyo","Hermit","Mad Scientist","Marisa£®ÏF”Í°°ƒß¿Ì…≥£©","Minty Spire (QoL Compilation)","Quick Restart","Rare Cards Sparkle","Reimu£®≤©¿ˆ¡È√Œ£©","Relic Filter Mod","Reliquary","Replay The Spire","Shop Mod","Spicy Shops","StSLib","SuperFastMode","The Cursed","The Servant 0.9.4","Youmu£®ªÍ∆«—˝√Œ£©","°æ“≈ŒÔø®≈∆°øREMEMod","≤–¡Ù÷ÆŒÔ"],"gold_per_floor":[23333,21441,19850,19867,19867,19898,19898,18463,18463,18463,18363,16539,16539,16631,16688,16911,16911,16946,16946,16989,17039,17127,17127,15785,15785,15811,13972,14131,14131,14169,13208,13208,13632,13632,13671,12779,11915,12587,12572,12628,12546,12546,12546,12646,12646,12646,12800,12847,12847,12752],"floor_reached":51,"language":"ZHS","playtime":12987,"items_purged":["Defend_S","Defend_S","Defend_S","Gouge+1","Strike_S","Decay","Pain","Poor:ReiMu","Hallucinations","PendulumOfEternity","Advance","Strike_S","Defend_S+1","Rewind","Potential","BottledTime+1"],"score":1356,"play_id":"7fc4a6ad-bced-4d30-8117-a9c98fd9c9ad","local_time":"20210205023448","is_ascension_mode":true,"campfire_choices":[{"data":"SoulSculpture","floor":7.0,"key":"SMITH"},{"data":"SilverBlades","floor":10.0,"key":"SMITH"},{"data":"Gouge","floor":10.0,"key":"SMITH"},{"data":"Pot Of Greed","floor":23,"key":"SMITH"},{"data":"Pot Of Greed","floor":23,"key":"SMITH"},{"data":"Midas Touch","floor":29,"key":"SMITH"},{"data":"AT_EmpoweredMortalDraw","floor":29,"key":"SMITH"},{"floor":32,"key":"DIG"},{"data":"Gouge","floor":42,"key":"SMITH"},{"data":"Pot Of Greed","floor":42,"key":"SMITH"},{"data":"TrueSight","floor":49,"key":"SMITH"},{"data":"ReplayTheSpireMod:Private Reserves","floor":49,"key":"SMITH"}],"circlet_count":0,"master_deck":["Strike_S","Strike_S","KidneyShot","Exchange","BottledTime+1","Desolation+1","Gouge+1","Advance","Gouge+1","SilverBlades+1","SoulSculpture+1","SoulSculpture+1","Secret Technique","Duplication+1","RealityMarble+1","ReplayTheSpireMod:Private Reserves+1","Midas Touch+1","Pot Of Greed+1","Pot Of Greed+1","Pot Of Greed+1","Manipulate","Moonlight","AT_EmpoweredMortalDraw+1","TrueSight+1","LightFlow+1","LightFlow+1"],"relics":["Uniform","REME_ComplimentaryCards","AT_ATBox","NeowsBlessing","REME_LimitBreaker","PreservedInsect","TheAbacus","Calipers","reliquary:IridiumChain","Cauldron","MerchantsRug","Medical Kit","War Paint","PaperSwan","reliquary:BoilingFlask","Whetstone","Orrery","AT_BellowingDragoncrestRing","Broom","ReplayTheSpireMod:Lightbulb","AT_LudenTempest","REME_CardOfGreed","AT_EbonyIvory","DollysMirror","Replay:Arrowhead","AT_BellDemon","Lee\u0027s Waffle","AT_MibuBalloonWealth","reliquary:RoseTintedGlasses","Torii","ReplayTheSpireMod:ShopPack","REME_IWantAll","AT_DeathDance","Quantum Egg","Grinning Jar","Replay:Ancient Bell","Pen Nib","Whetstone","AT_TheCollector","StoneCalendar","Boot","Regal Pillow","Gremlin Food","Frozen Eye","HornCleat","ClockworkSouvenir","Onion Ring","Strawberry","Art of War","Singing Bowl","TentaclePot:ReiMu","reliquary:Knoch","conspire:TreasureMap","reliquary:SilkGlove","Nunchaku","Tiny Chest","ReplayTheSpireMod:TigerMarble","Membership Card","Blue Doll","Replay:PocketPolymizer","Replay:Bottled Steam","Mirror","Pan","reliquary:PorcupineQuills","WingedGreaves","REME_LowDesire","Simple Rune","reliquary:SharkskinSheath","MealTicket","REME_OnlineShoppingPlatform","AT_Manta","Anchor","Toolbox","Golden Egg","BargainBundle","Bag of Marbles","PlaceholderMod:DeVermisMysteriis","Bottled Flame","Omamori","reliquary:Bookmark","CatCart","Ornamental Fan","Replay:Ringing Soul","Bag of Preparation","Unceasing Top","Replay:WaspNest","reliquary:PurpleTingedLeaf","White Beast Statue","reliquary:Buckler","reliquary:Boomerang","Mastiff:ReiMu","Blood Vial"],"acts_visited":["Exordium","TheCity","TheBeyond"],"potions_floor_usage":[21,21,21,33,33,39,39,39,39,39,39,39,39,40,40,40,40,40,41,41,41,41,41,41,41,41,41,41,41,41,44,50,50,50,50,50,50,50,50,50,50,50,50,50,50],"damage_taken":[{"damage":0.0,"enemies":"Cultist","floor":1.0,"turns":1.0},{"damage":0.0,"enemies":"2 Louse","floor":4.0,"turns":2.0},{"damage":0.0,"enemies":"Gremlin Nob","floor":6.0,"turns":1.0},{"damage":0.0,"enemies":"Small Slimes","floor":11.0,"turns":1.0},{"damage":0.0,"enemies":"3 Louse","floor":14.0,"turns":1.0},{"damage":0.0,"enemies":"conspire:MimicChest","floor":15.0,"turns":2.0},{"damage":0.0,"enemies":"Fading Forest","floor":16.0,"turns":11.0},{"damage":0.0,"enemies":"Spheric Guardian","floor":18.0,"turns":1.0},{"damage":2,"enemies":"Chosen","floor":20,"turns":2},{"damage":31,"enemies":"Centurion and Healer","floor":21,"turns":2},{"damage":0,"enemies":"3 Cultists","floor":22,"turns":2},{"damage":0,"enemies":"conspire:SneckoGhost","floor":28,"turns":2},{"damage":0,"enemies":"Snecko","floor":30,"turns":2},{"damage":0,"enemies":"Pondfish","floor":33,"turns":3},{"damage":0,"enemies":"Orb Walker","floor":35,"turns":1},{"damage":0,"enemies":"Orin","floor":38,"turns":2},{"damage":0,"enemies":"3 Darklings","floor":39,"turns":1},{"damage":0,"enemies":"R_Hoarder","floor":40,"turns":2},{"damage":0,"enemies":"Nemesis","floor":41,"turns":1},{"damage":0,"enemies":"4 Shapes","floor":44,"turns":1},{"damage":2,"enemies":"R_Hoarder","floor":47,"turns":2},{"damage":1,"enemies":"conspire:OrnateMirror","floor":50,"turns":1}],"seed_played":"8700901792633147247","potions_obtained":[{"floor":2.0,"key":"GrandPatriotsElixir:ReiMu"},{"floor":2.0,"key":"GamblersBrew"},{"floor":2.0,"key":"CultistPotion"},{"floor":2.0,"key":"Regen Potion"}],"is_trial":false,"path_per_floor":["M","$","$","M","?","E","R","$","T","R","M","$","?","M","R","B",null,"M","?","M","M","M","R","$","?","T","$","E","R","M","$","R","B",null,"M","$","$","?","M","E","E","R","T","M","?","?","E","T","R","B",null],"character_chosen":"THE_SERVANT","items_purchased":["REME_LimitBreaker","PreservedInsect","TheAbacus","Calipers","reliquary:IridiumChain","Cauldron","MerchantsRug","Master of Strategy","Desolation","Gouge","Advance","Medical Kit","War Paint","PaperSwan","reliquary:BoilingFlask","Gouge","SilverBlades","Whetstone","Orrery","SoulSculpture","Broom","ReplayTheSpireMod:Lightbulb","AT_LudenTempest","REME_CardOfGreed","AT_EbonyIvory","DollysMirror","AT_BellDemon","Lee\u0027s Waffle","AT_MibuBalloonWealth","reliquary:RoseTintedGlasses","Torii","ReplayTheSpireMod:ShopPack","Secret Technique","Duplication","RealityMarble","Frozen Eye","HornCleat","ClockworkSouvenir","Onion Ring","Strawberry","Singing Bowl","TentaclePot:ReiMu","reliquary:Knoch","conspire:TreasureMap","reliquary:SilkGlove","Moonlight","AT_EmpoweredMortalDraw","AttackPotion","DuplicationPotion","SkillPotion","Membership Card","Blue Doll","Replay:PocketPolymizer","Replay:Bottled Steam","Mirror","Pan","REME_OnlineShoppingPlatform","AT_Manta","Anchor","Toolbox","Golden Egg","BargainBundle","Bag of Marbles","PlaceholderMod:DeVermisMysteriis","Bottled Flame","Omamori","reliquary:Bookmark","LightFlow"],"campfire_rested":0,"item_purchase_floors":[2,2,2,2,2,2,2,2,2,2,2,3,3,3,3,3,3,3,3,3,8,8,8,8,8,8,12,12,12,12,12,12,12,12,12,24,24,24,24,24,27,27,27,27,27,27,27,27,27,27,31,31,31,31,31,31,36,36,36,36,36,37,37,37,37,37,37,37],"current_hp_per_floor":[65,65,65,65,65,65,65,65,65,65,65,72,72,72,72,72,72,72,66,64,39,39,39,46,46,46,46,48,48,50,50,50,53,86,88,88,88,90,92,94,96,96,96,98,98,98,100,100,100,104],"gold":12752,"neow_bonus":"THREE_ENEMY_KILL","is_daily":false,"chose_seed":false,"campfire_upgraded":11,"win_rate":0.0,"timestamp":1612463688,"path_taken":["M","?","$","M","?","E","R","$","T","R","M","$","?","?","R","BOSS","M","?","?","M","M","R","$","?","T","$","E","R","M","$","R","BOSS","M","$","$","?","M","E","E","R","T","M","?","?","E","?","R","BOSS"],"items_purchased_type":["Relic","Relic","Relic","Relic","Relic","Relic","Relic","Card","Card","Card","Card","Relic","Relic","Relic","Relic","Card","Card","Relic","Relic","Card","Relic","Relic","Relic","Relic","Relic","Relic","Relic","Relic","Relic","Relic","Relic","Relic","Card","Card","Card","Relic","Relic","Relic","Relic","Relic","Relic","Relic","Relic","Relic","Relic","Card","Card","Potion","Potion","Potion","Relic","Relic","Relic","Relic","Relic","Relic","Relic","Relic","Relic","Relic","Relic","Relic","Relic","Relic","Relic","Relic","Relic","Card"],"build_version":"2020-12-22","purchased_purges":16,"victory":true,"max_hp_per_floor":[65,65,65,65,65,65,65,65,65,65,65,72,72,72,72,72,72,72,72,72,72,72,72,79,79,79,79,81,81,83,83,83,86,86,88,88,88,90,92,94,96,96,96,98,98,98,100,100,100,104],"card_choices":[{"not_picked":["ShatteredReality","Collapse"],"picked":"BottledTime","floor":1.0},{"not_picked":["BottledTime","SilverBlades","TimeWarp"],"picked":"SKIP","floor":4.0},{"not_picked":["Read","Rewind","Hightail"],"picked":"SKIP","floor":6.0},{"not_picked":["Finesse","Jack Of All Trades"],"picked":"ReplayTheSpireMod:Private Reserves","floor":12.0},{"not_picked":["REME_Flogging","Secret Weapon"],"picked":"Midas Touch","floor":12.0},{"not_picked":["Duplication","DoubleEdge","ShatteredReality"],"picked":"SKIP","floor":14.0},{"not_picked":["Dilation","FlawlessForm"],"picked":"PendulumOfEternity","floor":16.0},{"not_picked":["Normality","REME_CurseOfMatryoshka"],"picked":"Hallucinations","floor":17.0},{"not_picked":["ReplayTheSpireMod:Restless Dread","Replay:Hysterical Blindness"],"picked":"Pain","floor":17.0},{"not_picked":["Normality","Parasite"],"picked":"Poor:ReiMu","floor":17.0},{"not_picked":["ShatteredReality","Advance","Rewind"],"picked":"SKIP","floor":18.0},{"not_picked":["SilverBlades+1","Spin","BottledTime+1"],"picked":"SKIP","floor":20},{"not_picked":["Defy","Dilation","Advance"],"picked":"SKIP","floor":21},{"not_picked":["Replace+1","ShiftingGears"],"picked":"Manipulate","floor":22},{"not_picked":["Revamp","Duplication","Collapse"],"picked":"Singing Bowl","floor":28},{"not_picked":["Rewind","BottledTime+1","Potential"],"picked":"Singing Bowl","floor":30},{"not_picked":["DualDimension","Read","Alleviate"],"picked":"Singing Bowl","floor":33},{"not_picked":["Solidify","Duplication"],"picked":"TrueSight","floor":33},{"not_picked":["ShatteredReality+1","Advance+1","SilverBlades+1","REME_BuildACard"],"picked":"Singing Bowl","floor":35},{"not_picked":["Rearm+1","Rewind","Replace","ReplayTheSpireMod:Private Reserves+1"],"picked":"Singing Bowl","floor":38},{"not_picked":["Revamp","Reset+1","RealityMarble+1","ReplayTheSpireMod:Brewmster"],"picked":"Singing Bowl","floor":39},{"not_picked":["Spin","Defy+1","Moonlight","PanicButton+1"],"picked":"Singing Bowl","floor":40},{"not_picked":["Misdirection+1","Rearm+1","Revamp+1","Dark Shackles"],"picked":"Singing Bowl","floor":41},{"not_picked":["Snipe","TimeWarp+1","Rewind","Secret Technique"],"picked":"Singing Bowl","floor":44},{"not_picked":["Replace","Moondial+1","Moonlight+1","Survey Options+1"],"picked":"Singing Bowl","floor":47}],"player_experience":599164,"relics_obtained":[{"floor":6.0,"key":"AT_BellowingDragoncrestRing"},{"floor":9.0,"key":"Replay:Arrowhead"},{"floor":14.0,"key":"REME_IWantAll"},{"floor":15.0,"key":"AT_DeathDance"},{"floor":15.0,"key":"Quantum Egg"},{"floor":16.0,"key":"Grinning Jar"},{"floor":18.0,"key":"StoneCalendar"},{"floor":20,"key":"Boot"},{"floor":21,"key":"Regal Pillow"},{"floor":22,"key":"Gremlin Food"},{"floor":26,"key":"Art of War"},{"floor":28,"key":"Nunchaku"},{"floor":28,"key":"Tiny Chest"},{"floor":30,"key":"ReplayTheSpireMod:TigerMarble"},{"floor":32,"key":"reliquary:PorcupineQuills"},{"floor":33,"key":"WingedGreaves"},{"floor":34,"key":"Simple Rune"},{"floor":34,"key":"reliquary:SharkskinSheath"},{"floor":35,"key":"MealTicket"},{"floor":38,"key":"CatCart"},{"floor":38,"key":"Ornamental Fan"},{"floor":39,"key":"Replay:Ringing Soul"},{"floor":40,"key":"Bag of Preparation"},{"floor":40,"key":"Unceasing Top"},{"floor":41,"key":"Replay:WaspNest"},{"floor":41,"key":"reliquary:PurpleTingedLeaf"},{"floor":43,"key":"White Beast Statue"},{"floor":44,"key":"reliquary:Buckler"},{"floor":47,"key":"reliquary:Boomerang"},{"floor":47,"key":"Mastiff:ReiMu"},{"floor":48,"key":"Blood Vial"}],"event_choices":[{"damage_healed":0.0,"max_hp_gain":0.0,"max_hp_loss":0.0,"gold_gain":0.0,"event_name":"Liars Game","player_choice":"Ignored","floor":5.0,"gold_loss":0.0,"damage_taken":0.0},{"damage_healed":0.0,"max_hp_gain":0.0,"max_hp_loss":0.0,"gold_gain":0.0,"event_name":"The Woman in Blue","player_choice":"Bought 0 Potions","floor":13.0,"gold_loss":0.0,"damage_taken":0.0},{"damage_healed":0.0,"max_hp_gain":0.0,"max_hp_loss":0.0,"gold_gain":0.0,"event_name":"Knowing Skull","player_choice":"","floor":19.0,"potions_obtained":[],"gold_loss":0.0,"damage_taken":6.0,"cards_obtained":[]},{"damage_healed":0,"gold_gain":0,"player_choice":"Ignored","damage_taken":0,"max_hp_gain":0,"max_hp_loss":0,"event_name":"Vampires","floor":25,"gold_loss":0},{"damage_healed":0,"gold_gain":0,"player_choice":"Fight","damage_taken":0,"max_hp_gain":0,"max_hp_loss":0,"event_name":"OrinTheCat","floor":38,"gold_loss":0},{"damage_healed":25,"gold_gain":0,"player_choice":"Writhe","damage_taken":0,"max_hp_gain":0,"max_hp_loss":0,"event_name":"Winding Halls","floor":45,"gold_loss":0,"cards_obtained":["Writhe"]},{"cards_removed":["Master of Strategy"],"damage_healed":0,"gold_gain":0,"player_choice":"Removed Skill","damage_taken":0,"max_hp_gain":0,"max_hp_loss":0,"event_name":"Falling","floor":46,"gold_loss":0}],"is_beta":false,"boss_relics":[{"not_picked":["Cursed Key","AT_TrinityForce"],"picked":"Replay:Ancient Bell"},{"not_picked":["ReplayFunnel","Dream Catcher"],"picked":"Pen Nib"},{"not_picked":["Iron Hammer","PlaceholderMod:DaolothFragment"],"picked":"reliquary:SculptingSteel"},{"not_picked":["Bird Faced Urn","conspire:InfiniteJournal"],"picked":"AT_TheCollector"},{"not_picked":["Runic Pyramid","MysterySword"],"picked":"REME_LowDesire"}],"items_purged_floors":[2,3,3,8,8,12,24,24,27,27,31,31,36,36,37,37],"is_endless":false,"potions_floor_spawned":[4,6,16,20,28,30,38,44,47],"ascension_level":3}}