{"host":"ig9h5mtrygw4gu9r","time":1612431099,"event":{"mods":["2.2 Compatiblity","AchievementEnabler","BaseMod","Bestiary","Infinite Spire","Minty Spire (QoL Compilation)","Relic Stats","Replay The Spire","StSLib","The Servant 0.9.4"],"gold_per_floor":[116,135,155,172,185,215,235,246,320,320,340,354,354,372,372,472,472,472,472,472,472,472,472,472,472],"floor_reached":24,"language":"ENG","playtime":1795,"items_purged":["Strike_S"],"score":276,"play_id":"c79609e1-dc63-4efc-8d65-2e372d777bc7","local_time":"20210204013139","is_ascension_mode":false,"campfire_choices":[{"floor":10.0,"key":"REST"},{"floor":15.0,"key":"REST"}],"circlet_count":0,"master_deck":["Strike_S","Strike_S","Strike_S","Defend_S","Defend_S","Defend_S","Defend_S","KidneyShot","Exchange","TimeWarp","TimeWarp","Replace","Comet+1","Rewind","Alleviate","Luminosity","Contraction","ShatteredReality","TimeWarp","Potential","Embodiment","Rearm+1","TimeWarp+1","ShatteredReality","Manipulate"],"relics":["Uniform","NeowsBlessing","Bronze Scales","White Beast Statue","Ectoplasm","Du-Vu Doll","Peace Pipe"],"acts_visited":["Exordium","TheCity"],"potions_floor_usage":[23,23,23],"damage_taken":[{"damage":0.0,"enemies":"Cultist","floor":1.0,"turns":1.0},{"damage":0.0,"enemies":"2 Louse","floor":2.0,"turns":1.0},{"damage":0.0,"enemies":"Jaw Worm","floor":3.0,"turns":1.0},{"damage":14.0,"enemies":"Looter","floor":4.0,"turns":3.0},{"damage":19.0,"enemies":"Large Slime","floor":5.0,"turns":8.0},{"damage":16.0,"enemies":"Gremlin Nob","floor":6.0,"turns":3.0},{"damage":4.0,"enemies":"Red Slaver","floor":7.0,"turns":3.0},{"damage":1.0,"enemies":"Blue Slaver","floor":8.0,"turns":4.0},{"damage":12.0,"enemies":"Exordium Wildlife","floor":11.0,"turns":4.0},{"damage":0.0,"enemies":"Gremlin Gang","floor":12.0,"turns":4.0},{"damage":5.0,"enemies":"3 Louse","floor":14.0,"turns":2.0},{"damage":5.0,"enemies":"The Guardian","floor":16.0,"turns":8.0},{"damage":20,"enemies":"Chosen","floor":18,"turns":6},{"damage":0,"enemies":"3 Byrds","floor":19,"turns":4},{"damage":37,"enemies":"Shelled Parasite and Fungi","floor":21,"turns":7},{"damage":0,"enemies":"Slavers","floor":23,"turns":3},{"damage":14,"enemies":"Masked Bandits","floor":24,"turns":2}],"seed_played":"2351037501762745439","potions_obtained":[{"floor":2.0,"key":"SteroidPotion"},{"floor":3.0,"key":"Swift Potion"},{"floor":5.0,"key":"AttackPotion"},{"floor":6.0,"key":"Milkshake"},{"floor":12.0,"key":"Block Potion"},{"floor":14.0,"key":"DistilledChaos"},{"floor":16.0,"key":"PowerPotion"},{"floor":18,"key":"DistilledChaos"},{"floor":19,"key":"Weak Potion"},{"floor":23,"key":"Elixir"}],"is_trial":false,"path_per_floor":["M","M","M","M","M","E","M","M","T","R","M","M","?","M","R","B",null,"M","M","$","M","AVR","E","?"],"character_chosen":"THE_SERVANT","items_purchased":[],"campfire_rested":2,"item_purchase_floors":[],"current_hp_per_floor":[65,65,65,51,32,16,12,11,11,30,18,18,18,13,32,27,65,45,45,45,8,8,8,0,0],"gold":472,"neow_bonus":"THREE_ENEMY_KILL","is_daily":false,"chose_seed":false,"campfire_upgraded":0,"win_rate":0.0,"timestamp":1612431099,"path_taken":["M","M","M","M","M","E","M","M","T","R","?","M","?","?","R","BOSS","M","M","$","M","AVR","E","?"],"items_purchased_type":[],"build_version":"2020-12-22","purchased_purges":1,"victory":false,"max_hp_per_floor":[65,65,65,65,65,65,65,65,65,65,65,65,65,65,65,65,65,65,65,65,65,65,65,65,65],"relic_stats":{"Peace Pipe":0,"counters":[17,64],"Bronze Scales":[183],"Ectoplasm":79,"obtain_stats":[{"Du-Vu Doll":22,"Peace Pipe":23,"NeowsBlessing":0,"Bronze Scales":6,"Ectoplasm":17,"Uniform":0,"White Beast Statue":9},{"Du-Vu Doll":15,"Peace Pipe":16,"NeowsBlessing":0,"Bronze Scales":6,"Ectoplasm":12,"Uniform":0,"White Beast Statue":8},{"Du-Vu Doll":59,"Peace Pipe":62,"NeowsBlessing":0,"Bronze Scales":17,"Ectoplasm":42,"Uniform":0,"White Beast Statue":24}]},"card_choices":[{"not_picked":["Misdirection","Hightail"],"picked":"TimeWarp","floor":1.0},{"not_picked":["Revamp","Comet"],"picked":"TimeWarp","floor":2.0},{"not_picked":["Read","Rearm"],"picked":"Replace","floor":3.0},{"not_picked":["Defy","DoubleEdge"],"picked":"Comet","floor":4.0},{"not_picked":["Revamp","MoonPhase"],"picked":"Rewind","floor":5.0},{"not_picked":["Rewind","DoubleEdge"],"picked":"Alleviate","floor":6.0},{"not_picked":["Misdirection","Contraction"],"picked":"Luminosity","floor":7.0},{"not_picked":["FlawlessForm","Defy"],"picked":"Contraction","floor":8.0},{"not_picked":["Defy","Reset"],"picked":"ShatteredReality","floor":11.0},{"not_picked":["DoubleEdge","Defy"],"picked":"TimeWarp","floor":12.0},{"not_picked":["Replace","WasteNot"],"picked":"Potential","floor":14.0},{"not_picked":["SoulSculpture","TheWorld"],"picked":"Embodiment","floor":16.0},{"not_picked":["RealityMarble","FastForward"],"picked":"Rearm+1","floor":18},{"not_picked":["Defy","Unruled"],"picked":"TimeWarp+1","floor":19},{"not_picked":["Alleviate","Spin"],"picked":"ShatteredReality","floor":21},{"not_picked":["Shuttle+1","TimeWarp"],"picked":"Manipulate","floor":23}],"player_experience":378744,"relics_obtained":[{"floor":6.0,"key":"Bronze Scales"},{"floor":9.0,"key":"White Beast Statue"},{"floor":23,"key":"Peace Pipe"}],"event_choices":[{"damage_healed":0.0,"max_hp_gain":0.0,"max_hp_loss":0.0,"gold_gain":0.0,"event_name":"Accursed Blacksmith","player_choice":"Forge","floor":13.0,"gold_loss":0.0,"damage_taken":0.0,"cards_upgraded":["Comet"]},{"damage_healed":0,"gold_gain":0,"player_choice":"Fought Bandits","damage_taken":0,"max_hp_gain":0,"max_hp_loss":0,"event_name":"Masked Bandits","floor":24,"gold_loss":0}],"is_beta":false,"boss_relics":[{"not_picked":["Empty Cage","Ring of Chaos"],"picked":"Ectoplasm"}],"items_purged_floors":[22],"is_endless":false,"potions_floor_spawned":[2,3,5,6,11,12,14,16,18,19,21,23],"killed_by":"Masked Bandits","ascension_level":0}}