{"host":"jbmvtpvel2a8rbg6","time":1612455131,"event":{"mods":["Aspiration","BaseMod","Better Match","Better Sensory Stone","Better Skull","Conspire","Downfall","Energized Spire","GungeonMod","Hubris","Infinite Spire","Minty Spire (QoL Compilation)","RRrroohrrRGHHhhh!!","Reliquary","Replay The Spire","StSLib","Wandering Minibosses"],"gold_per_floor":[111,111,124,136,84,84,116,116,164,163,163,188,188,206,206,298,298,246,246,206,206,206,206,196,196],"floor_reached":24,"language":"ENG","playtime":4055,"items_purged":[],"score":204,"play_id":"cf1637f5-5d07-4982-918b-e0808bcf9d47","local_time":"20210204081211","is_ascension_mode":false,"campfire_choices":[{"data":"Bash","floor":6,"key":"SMITH"},{"data":"conspire:Purge","floor":8,"key":"SMITH"},{"data":"Shrug It Off","floor":15,"key":"SMITH"},{"data":"Slimebound:CheckThePlaybook","floor":23,"key":"SMITH"}],"circlet_count":0,"master_deck":["Strike_R","Strike_R","Strike_R","Strike_R","Strike_R","Defend_R","Defend_R","Defend_R","Defend_R","Bash+1","hubris:Ssssneak","Thunderclap","Shrug It Off+1","Clash","Flex","conspire:Purge+1","Cleave+1","Heavy Blade+1","Slimebound:CheckThePlaybook+1","downfall:Icky"],"relics":["Burning Blood","aspiration:HummingbirdHeart","reliquary:HotPoker","reliquary:ExpiredCoupon","Replay:Ringing Soul","hubris:CrystalStatue","hubris:Backtick","Ice Cream","aspiration:Stabinomicon"],"acts_visited":["Exordium","TheCity"],"potions_floor_usage":[12,16,20,24],"damage_taken":[{"damage":8,"enemies":"conspire:RoseBush","floor":1,"turns":3},{"damage":14,"enemies":"infinitespire:Voidling","floor":3,"turns":5},{"damage":3,"enemies":"Cultist","floor":4,"turns":4},{"damage":39,"enemies":"Gremlin Nob","floor":7,"turns":5},{"damage":3,"enemies":"conspire:2 RoseBushes","floor":10,"turns":6},{"damage":11,"enemies":"Lagavulin","floor":12,"turns":6},{"damage":0,"enemies":"Blue Slaver","floor":14,"turns":3},{"damage":39,"enemies":"Fading Forest","floor":16,"turns":11},{"damage":26,"enemies":"Shell Parasite","floor":18,"turns":7},{"damage":18,"enemies":"3 Byrds","floor":20,"turns":7},{"damage":41,"enemies":"Nightmare","floor":24,"turns":4}],"seed_played":"-2654688793945094149","potions_obtained":[{"floor":1,"key":"champ:CounterPotion"},{"floor":10,"key":"PowerPotion"},{"floor":12,"key":"SpeedPotion"},{"floor":14,"key":"infinitespire:BlackPotion"},{"floor":18,"key":"PowerPotion"},{"floor":20,"key":"AttackPotion"}],"is_trial":false,"path_per_floor":["M","?","M","M","$","R","E","R","T","M","$","E","?","M","R","B",null,"M","AVR","M","?","?","R","NM"],"character_chosen":"IRONCLAD","items_purchased":["Flex"],"campfire_rested":0,"item_purchase_floors":[5],"current_hp_per_floor":[78,78,79,80,80,80,47,47,47,50,50,45,42,48,48,35,80,63,63,54,38,41,41,0,0],"gold":196,"neow_bonus":"RANDOM_COLORLESS","is_daily":false,"chose_seed":false,"campfire_upgraded":4,"win_rate":0.0,"timestamp":1612455131,"path_taken":["M","?","M","M","$","R","E","R","T","?","?","E","?","M","R","BOSS","M","AVR","M","?","?","R","NM"],"items_purchased_type":["Card"],"build_version":"2020-12-22","purchased_purges":0,"victory":false,"max_hp_per_floor":[80,80,80,80,80,80,80,80,80,80,80,80,80,80,80,80,80,83,83,86,86,89,89,89,89],"card_choices":[{"not_picked":["Blind","Impatience"],"picked":"hubris:Ssssneak","floor":0},{"not_picked":["ReplayTheSpireMod:Strike From Hell","Bloodletting"],"picked":"Thunderclap","floor":1},{"not_picked":["ReplayTheSpireMod:Stacked","Anger"],"picked":"Shrug It Off","floor":3},{"not_picked":["Wild Strike","Fire Breathing"],"picked":"Clash","floor":4},{"not_picked":["Wild Strike","Life Link"],"picked":"conspire:Purge","floor":7},{"not_picked":["Flex","Abandon","Anger"],"picked":"SKIP","floor":10},{"not_picked":["Headbutt","Flex","Perfected Strike"],"picked":"SKIP","floor":12},{"not_picked":["Reckless Charge","Abandon","ReplayTheSpireMod:LeadingStrike"],"picked":"SKIP","floor":14},{"not_picked":["Metallicize+1","Body Slam+1"],"picked":"Cleave+1","floor":18},{"not_picked":["Rampage","Shrug It Off+1"],"picked":"Heavy Blade+1","floor":20}],"player_experience":813351,"relics_obtained":[{"floor":7,"key":"reliquary:HotPoker"},{"floor":9,"key":"reliquary:ExpiredCoupon"},{"floor":12,"key":"Replay:Ringing Soul"},{"floor":21,"key":"aspiration:Stabinomicon"}],"event_choices":[{"damage_healed":0,"gold_gain":0,"player_choice":"Gave Potion","damage_taken":0,"relics_obtained":["aspiration:HummingbirdHeart"],"max_hp_gain":0,"max_hp_loss":0,"event_name":"WeMeetAgain","floor":2,"gold_loss":0},{"damage_healed":0,"gold_gain":0,"player_choice":"Success","damage_taken":3,"relics_obtained":["hubris:CrystalStatue"],"max_hp_gain":0,"max_hp_loss":0,"event_name":"Scrap Ooze","floor":13,"gold_loss":0},{"damage_healed":0,"gold_gain":0,"player_choice":"Obtained Book","damage_taken":16,"max_hp_gain":0,"max_hp_loss":0,"event_name":"Cursed Tome","floor":21,"gold_loss":0}],"is_beta":false,"boss_relics":[{"not_picked":["energizedSpire:RedRose","Runic Pyramid"],"picked":"hubris:Backtick"}],"items_purged_floors":[],"is_endless":false,"potions_floor_spawned":[1,10,12,14,18,20],"killed_by":"Nightmare","ascension_level":0}}