{"host":"szp1d6dso4pv7ddl","time":1612404503,"event":{"mods":["AchievementEnabler","Alarm Clock","BaseMod","Bestiary","Block Reminder","Colored Map","Colored Powertips","Curses Come First","Dark Map","Displayed Cursed Tome","Highlight Path","Minty Spire (QoL Compilation)","Permanent Neow","Quick Restart","Relic Sorter","Relic Stats","StSLib","Synergy Search"],"gold_per_floor":[119,32,32,32,32,75,95,95,143,63,63,145,145,70,70,168,168,192,192,15,13,34,34,70,120,147,85,0,15,15,15,15,15,15],"floor_reached":33,"language":"ENG","playtime":1404,"items_purged":["Strike_R","Strike_R"],"score":475,"play_id":"599dc6cf-f0de-40fb-bf10-49268062933a","local_time":"20210203180823","is_ascension_mode":true,"campfire_choices":[{"data":"Bash","floor":8.0,"key":"SMITH"},{"data":"Flame Barrier","floor":11.0,"key":"SMITH"},{"floor":13.0,"key":"REST"},{"data":"Twin Strike","floor":15.0,"key":"SMITH"},{"data":"Immolate","floor":23.0,"key":"SMITH"},{"floor":30.0,"key":"REST"},{"floor":32.0,"key":"REST"}],"circlet_count":0,"master_deck":["AscendersBane","Strike_R","Strike_R","Defend_R","Defend_R","Defend_R","Bash+1","Cleave+1","Flame Barrier+1","Injury","Thunderclap","Twin Strike+1","Ghostly Armor","Immolate+1","Shrug It Off","Shame","Inflame","Headbutt","Ghostly Armor","Shrug It Off","Impervious"],"relics":["Black Blood","Golden Idol","Du-Vu Doll","Strawberry","Paper Frog","Lizard Tail","Vajra","Nunchaku","Juzu Bracelet"],"acts_visited":["Exordium","TheCity"],"potions_floor_usage":[],"damage_taken":[{"damage":5.0,"enemies":"Small Slimes","floor":1.0,"turns":5.0},{"damage":25.0,"enemies":"3 Sentries","floor":6.0,"turns":8.0},{"damage":2.0,"enemies":"Jaw Worm","floor":7.0,"turns":3.0},{"damage":41.0,"enemies":"Hexaghost","floor":16.0,"turns":8.0},{"damage":20.0,"enemies":"Chosen","floor":18.0,"turns":5.0},{"damage":27.0,"enemies":"2 Thieves","floor":21.0,"turns":4.0},{"damage":3.0,"enemies":"Cultist and Chosen","floor":22.0,"turns":4.0},{"damage":43.0,"enemies":"Slavers","floor":24.0,"turns":6.0},{"damage":16.0,"enemies":"Snake Plant","floor":29.0,"turns":3.0},{"damage":135,"enemies":"Champ","floor":33,"turns":15}],"seed_played":"-2823337635809553582","potions_obtained":[{"floor":6.0,"key":"SneckoOil"},{"floor":7.0,"key":"ColorlessPotion"},{"floor":16.0,"key":"EssenceOfSteel"},{"floor":22.0,"key":"BloodPotion"}],"is_trial":false,"path_per_floor":["M","$","?","?","?","E","M","R","T","$","R","T","R","$","R","B",null,"M","?","$","M","M","R","E","?","T","?","?","M","R","?","R","B"],"character_chosen":"IRONCLAD","items_purchased":["Flame Barrier","Ghostly Armor","Inflame"],"campfire_rested":3,"item_purchase_floors":[2,10,20],"current_hp_per_floor":[51,51,51,51,51,32,36,36,43,43,43,43,67,67,67,32,70,62,62,62,47,56,56,41,41,41,41,41,37,61,61,82,0,0],"gold":15,"neow_bonus":"REMOVE_TWO","is_daily":false,"chose_seed":false,"campfire_upgraded":4,"win_rate":0.0,"timestamp":1612404503,"path_taken":["M","$","?","?","?","E","?","R","T","?","R","?","R","$","R","BOSS","M","?","$","M","M","R","E","?","T","?","?","M","R","?","R","BOSS"],"items_purchased_type":["Card","Card","Card"],"build_version":"2020-12-22","purchased_purges":2,"victory":false,"max_hp_per_floor":[75,75,75,75,75,75,75,75,82,82,82,82,82,82,82,82,82,82,82,82,82,82,82,82,82,82,82,82,82,82,82,82,82,82],"relic_stats":{"Lizard Tail":41,"Nunchaku":[2],"counters":[10,61],"Golden Idol":55,"Black Blood":84,"Juzu Bracelet":1,"obtain_stats":[{"Du-Vu Doll":6,"Lizard Tail":19,"Nunchaku":26,"Golden Idol":4,"Strawberry":9,"Black Blood":17,"Vajra":24,"Juzu Bracelet":27,"Burning Blood":0,"Paper Frog":12},{"Du-Vu Doll":2,"Lizard Tail":5,"Nunchaku":8,"Golden Idol":1,"Strawberry":3,"Black Blood":4,"Vajra":8,"Juzu Bracelet":8,"Burning Blood":0,"Paper Frog":3},{"Du-Vu Doll":13,"Lizard Tail":29,"Nunchaku":43,"Golden Idol":5,"Strawberry":16,"Black Blood":24,"Vajra":43,"Juzu Bracelet":43,"Burning Blood":0,"Paper Frog":16}]},"card_choices":[{"not_picked":["Body Slam","Pummel"],"picked":"Cleave","floor":1.0},{"not_picked":["Armaments","Demon Form"],"picked":"Thunderclap","floor":6.0},{"not_picked":["Dropkick","Heavy Blade"],"picked":"Twin Strike","floor":7.0},{"not_picked":["Impervious","Demon Form"],"picked":"Immolate","floor":16.0},{"not_picked":["Anger","Blood for Blood"],"picked":"Shrug It Off","floor":18.0},{"not_picked":["Sword Boomerang+1","Havoc"],"picked":"Headbutt","floor":21.0},{"not_picked":["Thunderclap","Body Slam+1","Twin Strike"],"picked":"SKIP","floor":22.0},{"not_picked":["Inflame","Warcry"],"picked":"Ghostly Armor","floor":24.0},{"not_picked":["Fire Breathing","Headbutt"],"picked":"Shrug It Off","floor":29.0}],"player_experience":1358662,"relics_obtained":[{"floor":6.0,"key":"Du-Vu Doll"},{"floor":9.0,"key":"Strawberry"},{"floor":12.0,"key":"Paper Frog"},{"floor":24.0,"key":"Vajra"},{"floor":26.0,"key":"Nunchaku"}],"event_choices":[{"damage_healed":0.0,"max_hp_gain":0.0,"max_hp_loss":0.0,"gold_gain":0.0,"event_name":"Shining Light","player_choice":"Ignored","floor":3.0,"gold_loss":0.0,"damage_taken":0.0},{"damage_healed":0.0,"max_hp_gain":0.0,"max_hp_loss":0.0,"gold_gain":0.0,"event_name":"Golden Idol","player_choice":"Take Wound","floor":4.0,"gold_loss":0.0,"damage_taken":0.0,"relics_obtained":["Golden Idol"],"cards_obtained":["Injury"]},{"damage_healed":0.0,"max_hp_gain":0.0,"max_hp_loss":0.0,"gold_gain":0.0,"event_name":"Living Wall","player_choice":"Grow","floor":5.0,"gold_loss":0.0,"damage_taken":0.0,"cards_upgraded":["Cleave"]},{"damage_healed":0.0,"max_hp_gain":0.0,"max_hp_loss":0.0,"gold_gain":0.0,"event_name":"Addict","player_choice":"Stole Relic","floor":19.0,"gold_loss":0.0,"damage_taken":0.0,"relics_obtained":["Lizard Tail"],"cards_obtained":["Shame"]},{"damage_healed":0.0,"max_hp_gain":0.0,"max_hp_loss":0.0,"gold_gain":50.0,"event_name":"Nest","player_choice":"Stole From Cult","floor":25.0,"gold_loss":0.0,"damage_taken":0.0},{"damage_healed":0.0,"max_hp_gain":0.0,"max_hp_loss":0.0,"gold_gain":0.0,"event_name":"WeMeetAgain","player_choice":"Paid Gold","floor":27.0,"gold_loss":62.0,"damage_taken":0.0,"relics_obtained":["Juzu Bracelet"]},{"damage_healed":0.0,"max_hp_gain":0.0,"max_hp_loss":0.0,"gold_gain":0.0,"event_name":"Masked Bandits","player_choice":"Paid Fearfully","floor":28.0,"gold_loss":85.0,"damage_taken":0.0},{"damage_healed":0.0,"max_hp_gain":0.0,"max_hp_loss":0.0,"gold_gain":0.0,"event_name":"The Library","player_choice":"Read","floor":31.0,"gold_loss":0.0,"damage_taken":0.0,"cards_obtained":["Impervious"]}],"is_beta":false,"boss_relics":[{"not_picked":["Busted Crown","SlaversCollar"],"picked":"Black Blood"}],"items_purged_floors":[14,20],"is_endless":false,"potions_floor_spawned":[6,7,16,22],"killed_by":"Champ","ascension_level":17}}