{"host":"0kk91h4bq4kgfj0u","time":1612455991,"event":{"mods":["BaseMod","Minty Spire (QoL Compilation)","StSLib"],"gold_per_floor":[10,26,26,46,64,64,98,98,98,98,173,198,231,0,0,121,121,144,144,144,158,181,181,195,195,266,281,281,281,28,46,46,46,46],"floor_reached":33,"language":"ENG","playtime":1259,"items_purged":[],"score":332,"play_id":"7d6e63d2-8401-4d5f-ad67-af12c5b48d7c","local_time":"20210204112631","is_ascension_mode":true,"campfire_choices":[{"data":"1","floor":6.0,"key":"LIFT"},{"floor":8.0,"key":"REST"},{"data":"2","floor":10.0,"key":"LIFT"},{"floor":15.0,"key":"REST"},{"floor":23.0,"key":"REST"},{"floor":25,"key":"REST"},{"floor":32,"key":"REST"}],"circlet_count":0,"master_deck":["Strike_G","Strike_G","Strike_G","Strike_G","Defend_G","Defend_G","Defend_G","Defend_G","Defend_G","Survivor","Neutralize","Backflip","Backstab","Injury","Poisoned Stab","Tactician","Escape Plan","Sucker Punch","Blade Dance","Dagger Spray","Flying Knee","A Thousand Cuts","Deadly Poison","Distraction","Slice","Expertise","Backflip","Footwork","Bullet Time","Caltrops+1","Escape Plan","Calculated Gamble"],"relics":["Ring of the Snake","Girya","Golden Idol","Snake Skull","PreservedInsect","Lantern","Blue Candle","Dream Catcher","SacredBark","Letter Opener","MealTicket","Paper Crane"],"acts_visited":["Exordium","TheCity"],"potions_floor_usage":[24,27,33],"damage_taken":[{"damage":0.0,"enemies":"2 Louse","floor":1.0,"turns":5.0},{"damage":1.0,"enemies":"Small Slimes","floor":2.0,"turns":4.0},{"damage":1.0,"enemies":"Jaw Worm","floor":4.0,"turns":5.0},{"damage":3.0,"enemies":"Blue Slaver","floor":5.0,"turns":4.0},{"damage":21.0,"enemies":"Lagavulin","floor":7.0,"turns":7.0},{"damage":8.0,"enemies":"Gremlin Nob","floor":13.0,"turns":3.0},{"damage":45.0,"enemies":"Hexaghost","floor":16.0,"turns":9.0},{"damage":6.0,"enemies":"Spheric Guardian","floor":18.0,"turns":3.0},{"damage":13.0,"enemies":"3 Byrds","floor":21.0,"turns":4.0},{"damage":25.0,"enemies":"Centurion and Healer","floor":22.0,"turns":8.0},{"damage":17,"enemies":"Snecko","floor":24,"turns":4},{"damage":4,"enemies":"Snake Plant","floor":27,"turns":4},{"damage":19,"enemies":"Shelled Parasite and Fungi","floor":31,"turns":5},{"damage":79,"enemies":"Collector","floor":33,"turns":5}],"seed_played":"5574908059027898310","potions_obtained":[{"floor":2.0,"key":"FearPotion"},{"floor":5.0,"key":"AttackPotion"},{"floor":7.0,"key":"FearPotion"},{"floor":18.0,"key":"SpeedPotion"},{"floor":22.0,"key":"SpeedPotion"}],"is_trial":false,"path_per_floor":["M","M","?","M","M","R","E","R","T","R","?","T","E","$","R","B",null,"M","?","?","M","M","R","M","R","T","M","?","T","$","M","R","B"],"character_chosen":"THE_SILENT","items_purchased":["Dream Catcher","Blade Dance","Dagger Spray","Paper Crane"],"campfire_rested":5,"item_purchase_floors":[14,14,14,30],"current_hp_per_floor":[63,62,62,61,58,58,37,58,58,58,47,47,39,39,60,15,56,50,50,50,37,12,33,16,37,37,33,33,33,48,29,50,0,0],"gold":46,"neow_bonus":"ONE_RARE_RELIC","is_daily":false,"chose_seed":false,"campfire_upgraded":0,"win_rate":0.0,"timestamp":1612455991,"path_taken":["M","M","?","M","M","R","E","R","T","R","?","?","E","?","R","BOSS","M","?","?","?","M","R","M","R","T","?","?","?","$","M","R","BOSS"],"items_purchased_type":["Relic","Card","Card","Relic"],"build_version":"2020-12-22","purchased_purges":0,"victory":false,"max_hp_per_floor":[70,70,70,70,70,70,70,70,70,70,70,70,70,70,70,70,70,70,70,70,70,70,70,70,70,70,70,70,70,70,70,70,70,70],"card_choices":[{"not_picked":["Dagger Throw","Bane"],"picked":"Backflip","floor":1.0},{"not_picked":["Backflip","Leg Sweep"],"picked":"Backstab","floor":2.0},{"not_picked":["Dagger Spray","Deadly Poison"],"picked":"Poisoned Stab","floor":4.0},{"not_picked":["Underhanded Strike","Calculated Gamble"],"picked":"Tactician","floor":5.0},{"not_picked":["PiercingWail","Dodge and Roll"],"picked":"Escape Plan","floor":7.0},{"not_picked":["Outmaneuver","Eviscerate"],"picked":"Sucker Punch","floor":13.0},{"not_picked":["Expertise","Dodge and Roll"],"picked":"Flying Knee","floor":15.0},{"not_picked":["Wraith Form v2","Adrenaline"],"picked":"A Thousand Cuts","floor":16.0},{"not_picked":["Prepared","Acrobatics"],"picked":"Deadly Poison","floor":18.0},{"not_picked":["Cloak And Dagger","Dagger Throw"],"picked":"Slice","floor":21.0},{"not_picked":["Poisoned Stab","Blade Dance"],"picked":"Expertise","floor":22.0},{"not_picked":["Phantasmal Killer","Dagger Spray+1"],"picked":"Backflip","floor":23.0},{"not_picked":["Prepared+1","Eviscerate"],"picked":"Footwork","floor":24},{"not_picked":["Prepared","Dagger Spray"],"picked":"Bullet Time","floor":25},{"not_picked":["Footwork","Dagger Spray"],"picked":"Caltrops+1","floor":27},{"not_picked":["Flying Knee","Blade Dance"],"picked":"Escape Plan","floor":31},{"not_picked":["Flying Knee","Setup"],"picked":"Calculated Gamble","floor":32}],"player_experience":842074,"relics_obtained":[{"floor":7.0,"key":"Snake Skull"},{"floor":9.0,"key":"PreservedInsect"},{"floor":12.0,"key":"Lantern"},{"floor":13.0,"key":"Blue Candle"},{"floor":26,"key":"Letter Opener"},{"floor":29,"key":"MealTicket"}],"event_choices":[{"damage_healed":0.0,"max_hp_gain":0.0,"max_hp_loss":0.0,"gold_gain":0.0,"event_name":"Golden Idol","player_choice":"Take Wound","floor":3.0,"gold_loss":0.0,"damage_taken":0.0,"relics_obtained":["Golden Idol"],"cards_obtained":["Injury"]},{"damage_healed":0.0,"max_hp_gain":0.0,"max_hp_loss":0.0,"gold_gain":75.0,"event_name":"World of Goop","player_choice":"Gather Gold","floor":11.0,"gold_loss":0.0,"damage_taken":11.0},{"damage_healed":0.0,"max_hp_gain":0.0,"max_hp_loss":0.0,"gold_gain":0.0,"event_name":"Beggar","player_choice":"Ignored","floor":19.0,"gold_loss":0.0,"damage_taken":0.0},{"damage_healed":0.0,"max_hp_gain":0.0,"max_hp_loss":0.0,"gold_gain":0.0,"cards_transformed":["Strike_G"],"event_name":"Transmorgrifier","player_choice":"Transformed","floor":20.0,"gold_loss":0.0,"damage_taken":0.0,"cards_obtained":["Distraction"]},{"damage_healed":0,"gold_gain":0,"player_choice":"Ignored","damage_taken":0,"max_hp_gain":0,"max_hp_loss":0,"event_name":"Vampires","floor":28,"gold_loss":0}],"is_beta":false,"boss_relics":[{"not_picked":["Runic Dome","Philosopher\u0027s Stone"],"picked":"SacredBark"}],"items_purged_floors":[],"is_endless":false,"potions_floor_spawned":[2,5,7,18,22],"killed_by":"Collector","ascension_level":6}}