{"host":"0mk07bycsqo1qk03","time":1612428748,"event":{"mods":["BaseMod","Downfall","Hermit","Hubris","Minty Spire (QoL Compilation)","Replay The Spire","StSLib","The Cursed"],"gold_per_floor":[361,361,371,140,158,178,192,192,192,218,238,88,88,98,98,169,169,187,218,68,68,85,85,85,85],"floor_reached":24,"language":"ENG","playtime":1611,"items_purged":[],"score":327,"play_id":"a814ba17-78ab-4b9f-8403-650e3505ac8e","local_time":"20210204095228","is_ascension_mode":true,"campfire_choices":[{"data":"Noxious Fumes","floor":8,"key":"SMITH"},{"floor":13,"key":"REST"},{"data":"Noxious Fumes","floor":15,"key":"SMITH"}],"circlet_count":0,"master_deck":["AscendersBane","Strike_G","Strike_G","Strike_G","Strike_G","Defend_G","Defend_G","Defend_G","Defend_G","Defend_G","Survivor","Neutralize","Flying Knee","Leg Sweep","Blur","Noxious Fumes+1","Dagger Spray","Draining Mist","hubris:SlightOfHand","Noxious Fumes+1","Backflip","Sucker Punch","Malaise","Toxin Wave","Noxious Fumes","Doubt"],"relics":["Ring of the Snake","Blood Vial","Question Card","Lantern","TwistedFunnel","Philosopher\u0027s Stone","Red Mask","Potion Belt","Ring of Fangs","ReplayTheSpireMod:Ring of Exchange"],"acts_visited":["Exordium","TheCity"],"potions_floor_usage":[24],"damage_taken":[{"damage":0,"enemies":"Small Slimes","floor":1,"turns":3},{"damage":0,"enemies":"Cultist","floor":3,"turns":5},{"damage":0,"enemies":"Jaw Worm","floor":5,"turns":6},{"damage":1,"enemies":"Looter","floor":6,"turns":5},{"damage":0,"enemies":"Blue Slaver","floor":7,"turns":6},{"damage":44,"enemies":"Gremlin Nob","floor":10,"turns":5},{"damage":0,"enemies":"3 Louse","floor":11,"turns":4},{"damage":5,"enemies":"Large Slime","floor":14,"turns":6},{"damage":17,"enemies":"Fading Forest","floor":16,"turns":11},{"damage":7,"enemies":"3 Byrds","floor":18,"turns":4},{"damage":46,"enemies":"Masked Bandits","floor":19,"turns":5},{"damage":4,"enemies":"Chosen","floor":22,"turns":6},{"damage":44,"enemies":"Gremlin Leader","floor":24,"turns":5}],"seed_played":"-8786996010016692255","potions_obtained":[{"floor":6,"key":"sneckomod:MuddlingPotion"},{"floor":10,"key":"Reflective Coating"},{"floor":18,"key":"Poison Potion"}],"is_trial":false,"path_per_floor":["M","?","M","$","M","M","M","R","T","E","M","$","R","M","R","B",null,"M","?","$","?","M","?","E"],"character_chosen":"THE_SILENT","items_purchased":["Noxious Fumes","Blood Vial","TwistedFunnel","Potion Belt"],"campfire_rested":1,"item_purchase_floors":[4,4,12,20],"current_hp_per_floor":[45,45,45,45,47,48,50,50,50,8,10,10,31,28,28,33,61,56,12,12,12,10,33,0,0],"gold":85,"neow_bonus":"TWO_FIFTY_GOLD","is_daily":false,"chose_seed":false,"campfire_upgraded":2,"win_rate":0.0,"timestamp":1612428748,"path_taken":["M","?","M","$","M","M","M","R","T","E","?","$","R","M","R","BOSS","M","?","$","?","M","?","E"],"items_purchased_type":["Card","Relic","Relic","Relic"],"build_version":"2020-12-22","purchased_purges":0,"victory":false,"max_hp_per_floor":[70,70,70,70,70,70,70,70,70,70,70,70,70,70,70,70,70,70,70,70,70,70,70,70,70],"card_choices":[{"not_picked":["Dodge and Roll","Hidden Blade"],"picked":"Flying Knee","floor":1},{"not_picked":["Calculated Gamble","Quick Slash"],"picked":"Blur","floor":3},{"not_picked":["Outmaneuver","Accuracy"],"picked":"Dagger Spray","floor":5},{"not_picked":["Poisoned Stab","Quick Slash"],"picked":"Draining Mist","floor":6},{"not_picked":["Crippling Poison","Reflex"],"picked":"hubris:SlightOfHand","floor":7},{"not_picked":["Backflip","Expertise","Slice"],"picked":"Noxious Fumes","floor":10},{"not_picked":["Terror","hubris:Sniper","Acrobatics"],"picked":"Backflip","floor":11},{"not_picked":["ReplayTheSpireMod:Scrap Shanks","Bane","Endless Agony"],"picked":"Sucker Punch","floor":14},{"not_picked":["Doppelganger","A Thousand Cuts","Die Die Die"],"picked":"Malaise","floor":16},{"not_picked":["Dodge and Roll","Dagger Spray","Slice"],"picked":"Toxin Wave","floor":18},{"not_picked":["Dagger Throw","Bane","Blade Dance"],"picked":"Noxious Fumes","floor":19},{"not_picked":["Underhanded Strike","Sucker Punch","Deadly Poison+1","Blade Dance+1"],"picked":"SKIP","floor":22}],"player_experience":997921,"relics_obtained":[{"floor":9,"key":"Question Card"},{"floor":10,"key":"Lantern"},{"floor":19,"key":"Red Mask"},{"floor":21,"key":"Ring of Fangs"},{"floor":21,"key":"ReplayTheSpireMod:Ring of Exchange"}],"event_choices":[{"damage_healed":0,"gold_gain":0,"cards_transformed":["Strike_G"],"player_choice":"Transformed","damage_taken":0,"max_hp_gain":0,"max_hp_loss":0,"event_name":"Transmorgrifier","floor":2,"gold_loss":0,"cards_obtained":["Leg Sweep"]},{"damage_healed":0,"gold_gain":0,"player_choice":"Fought Bandits","damage_taken":0,"max_hp_gain":0,"max_hp_loss":0,"event_name":"Masked Bandits","floor":19,"gold_loss":0},{"damage_healed":23,"gold_gain":0,"player_choice":"Heal","damage_taken":0,"max_hp_gain":0,"max_hp_loss":0,"event_name":"The Library","floor":23,"gold_loss":0}],"is_beta":false,"boss_relics":[{"not_picked":["Tiny House","Runic Dome"],"picked":"Philosopher\u0027s Stone"}],"items_purged_floors":[],"is_endless":false,"potions_floor_spawned":[6,10,11,14,18],"killed_by":"Gremlin Leader","ascension_level":13}}