{"host":"k5wd0jv1m6dz3iwi","time":1612472070,"event":{"mods":["BaseMod","Better Vampires","Challenge The Spire","Custom Start","Highlight Path","Minty Spire (QoL Compilation)","Rare Cards Sparkle","Relic Stats","Slay the Relics Exporter","StSLib","everything is the same but u backflip on backflip"],"gold_per_floor":[144,186,219,255,288,369,369,42,69,105,105,162,312,372,372,600,600,660,575,620,620,620,620,716,36,86,170,8,65,140,197,197,416,416,461,512,554,608,22,112,142,220,292,292,427,427,17,77,77,77,77,77,77,23,119,119],"floor_reached":57,"language":"ENG","playtime":2318,"items_purged":[],"score":3227,"play_id":"fb97d05c-2ffb-4814-be67-cd946470cf25","local_time":"20210204205430","daily_mods":["Insanity","Vintage","Midas"],"is_ascension_mode":true,"campfire_choices":[{"floor":7,"key":"REST"},{"floor":11,"key":"RECALL"},{"floor":15,"key":"REST"},{"floor":23,"key":"REST"},{"floor":32,"key":"DIG"},{"floor":44,"key":"DIG"},{"floor":46,"key":"DIG"},{"floor":49,"key":"DIG"},{"floor":53,"key":"DIG"}],"circlet_count":0,"master_deck":["AscendersBane","Deflect","Dagger Spray","Slice","Deflect","Reflex+1","Infinite Blades","Crippling Poison","PiercingWail","Finisher","Blade Dance","Backstab","Slice","Dash","Masterful Stab","PiercingWail","Dagger Spray","Outmaneuver","Dodge and Roll","Noxious Fumes","Dagger Spray","Dagger Throw","Backstab","Outmaneuver","Acrobatics+1","Bane","Blade Dance","Blade Dance","Cloak And Dagger","Masterful Stab","Cloak And Dagger","All Out Attack","Outmaneuver","Choke","Crippling Poison","Slice","Poisoned Stab","Caltrops","Eviscerate","Backflip","Deflect","Dagger Spray","Predator","Sucker Punch","Flying Knee","Cloak And Dagger","All Out Attack","Flying Knee","Setup","Acrobatics","Expertise","Venomology","Doubt","A Thousand Cuts+1","Cloak And Dagger+1","Blade Dance+1","Acrobatics+1","After Image+1","Adrenaline+1","Well Laid Plans+1","Flash of Steel","Panache+1","Dodge and Roll+1","Cloak And Dagger+1","Deadly Poison+1","Blind+1","Backflip+1","Blur+1"],"relics":["Ring of the Serpent","Anchor","Lantern","Orichalcum","Nunchaku","Letter Opener","Snake Skull","ClockworkSouvenir","Bronze Scales","Toy Ornithopter","Frozen Egg 2","Tiny Chest","Centennial Puzzle","Ginger","StrikeDummy","Bag of Preparation","Paper Crane","Toxic Egg 2","Mummified Hand","White Beast Statue","War Paint","Lee\u0027s Waffle","Shovel","Matryoshka","Oddly Smooth Stone","Kunai","WristBlade","Peace Pipe","Singing Bowl","Potion Belt","Pantograph","OrangePellets","Bottled Lightning","MealTicket","Bag of Marbles","Juzu Bracelet","HornCleat","Turnip","StoneCalendar","Pen Nib","Shuriken","Smiling Mask","Ninja Scroll","Bottled Flame","Boot"],"acts_visited":["Exordium","TheCity","TheBeyond","TheEnding"],"potions_floor_usage":[6,16,16,16,18,20,27,30,31,31,31,31,33,33,38,41,50,50,56,56,56,56,56],"damage_taken":[{"damage":0,"enemies":"Cultist","floor":1,"turns":2},{"damage":0,"enemies":"Jaw Worm","floor":2,"turns":1},{"damage":0,"enemies":"2 Louse","floor":3,"turns":1},{"damage":8,"enemies":"Large Slime","floor":4,"turns":4},{"damage":0,"enemies":"2 Fungi Beasts","floor":5,"turns":1},{"damage":0,"enemies":"Gremlin Nob","floor":6,"turns":2},{"damage":0,"enemies":"Blue Slaver","floor":10,"turns":1},{"damage":0,"enemies":"Looter","floor":12,"turns":1},{"damage":0,"enemies":"Exordium Wildlife","floor":14,"turns":2},{"damage":24,"enemies":"The Guardian","floor":16,"turns":7},{"damage":0,"enemies":"Chosen","floor":18,"turns":2},{"damage":0,"enemies":"Shell Parasite","floor":20,"turns":1},{"damage":17,"enemies":"Book of Stabbing","floor":24,"turns":4},{"damage":10,"enemies":"Gremlin Leader","floor":27,"turns":4},{"damage":2,"enemies":"Sentry and Sphere","floor":29,"turns":3},{"damage":0,"enemies":"Book of Stabbing","floor":30,"turns":3},{"damage":1,"enemies":"Snake Plant","floor":31,"turns":2},{"damage":8,"enemies":"Collector","floor":33,"turns":8},{"damage":0,"enemies":"Orb Walker","floor":35,"turns":1},{"damage":0,"enemies":"3 Darklings","floor":36,"turns":2},{"damage":0,"enemies":"Transient","floor":37,"turns":6},{"damage":4,"enemies":"Spire Growth","floor":38,"turns":3},{"damage":0,"enemies":"Reptomancer","floor":40,"turns":4},{"damage":4,"enemies":"Maw","floor":41,"turns":5},{"damage":0,"enemies":"Nemesis","floor":42,"turns":5},{"damage":0,"enemies":"2 Orb Walkers","floor":45,"turns":2},{"damage":0,"enemies":"Jaw Worm Horde","floor":48,"turns":3},{"damage":50,"enemies":"Awakened One","floor":50,"turns":7},{"damage":17,"enemies":"Donu and Deca","floor":51,"turns":6},{"damage":0,"enemies":"Shield and Spear","floor":55,"turns":2},{"damage":31,"enemies":"The Heart","floor":56,"turns":5}],"seed_played":"6416650101611298125","potions_obtained":[{"floor":4,"key":"SkillPotion"},{"floor":5,"key":"BlessingOfTheForge"},{"floor":10,"key":"Ancient Potion"},{"floor":14,"key":"CunningPotion"},{"floor":24,"key":"Explosive Potion"},{"floor":27,"key":"EntropicBrew"},{"floor":30,"key":"Poison Potion"},{"floor":33,"key":"AttackPotion"},{"floor":35,"key":"Energy Potion"},{"floor":36,"key":"LiquidMemories"},{"floor":37,"key":"SneckoOil"},{"floor":38,"key":"SkillPotion"},{"floor":40,"key":"Ancient Potion"},{"floor":41,"key":"SteroidPotion"},{"floor":45,"key":"SteroidPotion"}],"is_trial":true,"path_per_floor":["M","M","M","M","M","E","R","$","T","M","R","M","?","M","R","B",null,"M","?","M","?","T","R","E","$","T","E","$","M","E","M","R","B",null,"M","M","M","M","$","E","M","E","T","R","?","R","$","M","R","B","B",null,"R","$","E","B",null],"character_chosen":"THE_SILENT","items_purchased":["ClockworkSouvenir","Bronze Scales","Mummified Hand","White Beast Statue","Cloak And Dagger+1","Blade Dance+1","Energy Potion","Lee\u0027s Waffle","Well Laid Plans+1","OrangePellets","Flash of Steel","Panache+1","Dodge and Roll+1","Shuriken","Blind+1","Backflip+1","PowerPotion"],"campfire_rested":3,"item_purchase_floors":[8,8,25,25,25,25,25,28,39,39,39,39,39,47,47,47,54],"current_hp_per_floor":[59,59,59,51,51,51,66,66,66,66,66,66,66,66,66,52,63,66,66,66,48,48,69,52,52,52,47,78,76,78,77,77,70,76,76,76,76,74,74,74,75,75,75,75,77,77,80,80,80,40,48,72,72,80,80,68],"gold":119,"neow_bonus":"","is_daily":false,"chose_seed":false,"campfire_upgraded":0,"win_rate":0.0,"timestamp":1612472070,"path_taken":["M","M","M","M","?","E","R","$","T","M","R","M","?","M","R","BOSS","M","?","M","?","?","R","E","$","T","E","$","M","E","M","R","BOSS","M","?","M","M","$","E","M","E","T","R","?","R","$","M","R","BOSS","BOSS","R","$","E","BOSS"],"items_purchased_type":["Relic","Relic","Relic","Relic","Card","Card","Potion","Relic","Card","Relic","Card","Card","Card","Relic","Card","Card","Potion"],"build_version":"2020-12-22","purchased_purges":0,"victory":true,"max_hp_per_floor":[66,66,66,66,66,66,66,66,66,66,66,66,66,66,66,66,66,66,66,66,71,71,71,71,71,71,71,78,78,78,78,78,78,78,78,78,78,78,78,78,78,78,78,78,80,80,80,80,80,80,80,80,80,80,80,80],"relic_stats":{"Singing Bowl":2,"StoneCalendar":[0],"Snake Skull":[56],"Bag of Preparation":[34],"Juzu Bracelet":0,"Ginger":[21],"Smiling Mask":0,"Boot":[0],"Nunchaku":[44],"Centennial Puzzle":[33],"Shovel":5,"Mummified Hand":[66],"Pantograph":25,"Tiny Chest":1,"MealTicket":11,"Kunai":[78],"Lee\u0027s Waffle":31,"counters":[31,100],"Pen Nib":[11],"Letter Opener":[225],"Orichalcum":[54],"War Paint":["Acrobatics","Reflex"],"Peace Pipe":0,"OrangePellets":[0],"Shuriken":[30],"Bronze Scales":[258],"Turnip":[2],"obtain_stats":[{"Lantern":2,"Singing Bowl":36,"StoneCalendar":45,"Snake Skull":6,"Bag of Preparation":20,"Juzu Bracelet":43,"Ginger":18,"Smiling Mask":48,"Boot":55,"ClockworkSouvenir":8,"Nunchaku":4,"Centennial Puzzle":14,"Shovel":29,"Matryoshka":30,"HornCleat":43,"WristBlade":34,"Mummified Hand":25,"Ninja Scroll":49,"Pantograph":38,"Tiny Chest":12,"MealTicket":41,"Kunai":32,"Toxic Egg 2":24,"Ring of the Snake":0,"Potion Belt":37,"Lee\u0027s Waffle":28,"Oddly Smooth Stone":31,"Pen Nib":46,"Letter Opener":5,"Orichalcum":3,"Frozen Egg 2":10,"Paper Crane":22,"War Paint":27,"White Beast Statue":25,"Peace Pipe":35,"OrangePellets":39,"Anchor":1,"Bottled Flame":53,"Shuriken":47,"Bronze Scales":8,"Turnip":44,"Bag of Marbles":42,"Bottled Lightning":40,"StrikeDummy":19,"Toy Ornithopter":9,"Ring of the Serpent":17},{"Lantern":2,"Singing Bowl":20,"StoneCalendar":26,"Snake Skull":6,"Bag of Preparation":12,"Juzu Bracelet":25,"Ginger":11,"Smiling Mask":27,"Boot":30,"ClockworkSouvenir":6,"Nunchaku":4,"Centennial Puzzle":9,"Shovel":15,"Matryoshka":16,"HornCleat":25,"WristBlade":18,"Mummified Hand":13,"Ninja Scroll":27,"Pantograph":22,"Tiny Chest":8,"MealTicket":24,"Kunai":17,"Toxic Egg 2":13,"Ring of the Snake":0,"Potion Belt":21,"Lee\u0027s Waffle":14,"Oddly Smooth Stone":17,"Pen Nib":26,"Letter Opener":5,"Orichalcum":3,"Frozen Egg 2":7,"Paper Crane":12,"War Paint":14,"White Beast Statue":13,"Peace Pipe":19,"OrangePellets":22,"Anchor":1,"Bottled Flame":29,"Shuriken":26,"Bronze Scales":6,"Turnip":25,"Bag of Marbles":25,"Bottled Lightning":23,"StrikeDummy":11,"Toy Ornithopter":6,"Ring of the Serpent":10},{"Lantern":3,"Singing Bowl":52,"StoneCalendar":77,"Snake Skull":11,"Bag of Preparation":25,"Juzu Bracelet":75,"Ginger":24,"Smiling Mask":80,"Boot":95,"ClockworkSouvenir":11,"Nunchaku":8,"Centennial Puzzle":15,"Shovel":36,"Matryoshka":39,"HornCleat":75,"WristBlade":49,"Mummified Hand":29,"Ninja Scroll":80,"Pantograph":61,"Tiny Chest":13,"MealTicket":70,"Kunai":41,"Toxic Egg 2":29,"Ring of the Snake":0,"Potion Belt":58,"Lee\u0027s Waffle":33,"Oddly Smooth Stone":41,"Pen Nib":77,"Letter Opener":9,"Orichalcum":4,"Frozen Egg 2":12,"Paper Crane":25,"War Paint":33,"White Beast Statue":29,"Peace Pipe":50,"OrangePellets":61,"Anchor":2,"Bottled Flame":93,"Shuriken":77,"Bronze Scales":11,"Turnip":75,"Bag of Marbles":75,"Bottled Lightning":65,"StrikeDummy":24,"Toy Ornithopter":11,"Ring of the Serpent":22}],"Toy Ornithopter":48},"card_choices":[{"not_picked":["Predator","Caltrops"],"picked":"Venomology","floor":6},{"not_picked":["Adrenaline","Night Terror"],"picked":"A Thousand Cuts+1","floor":16},{"not_picked":["Underhanded Strike+1","Bane","Dagger Spray"],"picked":"SKIP","floor":24},{"not_picked":["Dodge and Roll+1","Noxious Fumes+1"],"picked":"Acrobatics+1","floor":27},{"not_picked":["Caltrops+1","Catalyst+1"],"picked":"After Image+1","floor":30},{"not_picked":["Venomology+1","Night Terror+1"],"picked":"Adrenaline+1","floor":33},{"not_picked":["Crippling Poison+1","Heel Hook"],"picked":"Cloak And Dagger+1","floor":40},{"not_picked":["Poisoned Stab","Eviscerate"],"picked":"Deadly Poison+1","floor":42},{"not_picked":["Endless Agony","Dagger Throw+1","Prepared+1"],"picked":"Singing Bowl","floor":45},{"not_picked":["Doppelganger+1","Acrobatics+1"],"picked":"Blur+1","floor":55}],"player_experience":1283365,"relics_obtained":[{"floor":1,"key":"Anchor"},{"floor":2,"key":"Lantern"},{"floor":3,"key":"Orichalcum"},{"floor":4,"key":"Nunchaku"},{"floor":5,"key":"Letter Opener"},{"floor":6,"key":"Snake Skull"},{"floor":9,"key":"Toy Ornithopter"},{"floor":10,"key":"Frozen Egg 2"},{"floor":12,"key":"Tiny Chest"},{"floor":14,"key":"Centennial Puzzle"},{"floor":18,"key":"Ginger"},{"floor":20,"key":"Bag of Preparation"},{"floor":22,"key":"Paper Crane"},{"floor":24,"key":"Toxic Egg 2"},{"floor":27,"key":"War Paint"},{"floor":29,"key":"Shovel"},{"floor":30,"key":"Matryoshka"},{"floor":31,"key":"Oddly Smooth Stone"},{"floor":32,"key":"Kunai"},{"floor":35,"key":"Peace Pipe"},{"floor":36,"key":"Singing Bowl"},{"floor":37,"key":"Potion Belt"},{"floor":38,"key":"Pantograph"},{"floor":40,"key":"Bottled Lightning"},{"floor":41,"key":"MealTicket"},{"floor":42,"key":"Bag of Marbles"},{"floor":43,"key":"Juzu Bracelet"},{"floor":43,"key":"HornCleat"},{"floor":44,"key":"Turnip"},{"floor":45,"key":"StoneCalendar"},{"floor":46,"key":"Pen Nib"},{"floor":48,"key":"Smiling Mask"},{"floor":49,"key":"Ninja Scroll"},{"floor":53,"key":"Bottled Flame"},{"floor":55,"key":"Boot"}],"event_choices":[{"damage_healed":0,"gold_gain":150,"player_choice":"AGREE","damage_taken":0,"max_hp_gain":0,"max_hp_loss":0,"event_name":"Liars Game","floor":13,"gold_loss":0,"cards_obtained":["Doubt"]},{"damage_healed":0,"gold_gain":0,"player_choice":"Obtained Relic","damage_taken":0,"relics_obtained":["StrikeDummy"],"max_hp_gain":0,"max_hp_loss":0,"event_name":"Addict","floor":19,"gold_loss":85},{"damage_healed":0,"gold_gain":0,"player_choice":"Shed Blood","damage_taken":23,"max_hp_gain":5,"max_hp_loss":0,"event_name":"Forgotten Altar","floor":21,"gold_loss":0},{"damage_healed":0,"gold_gain":0,"player_choice":"Fight","damage_taken":0,"max_hp_gain":0,"max_hp_loss":0,"event_name":"Mysterious Sphere","floor":45,"gold_loss":0}],"is_beta":false,"boss_relics":[{"not_picked":["Sozu","Empty Cage"],"picked":"Ring of the Serpent"},{"not_picked":["Busted Crown","Calling Bell"],"picked":"WristBlade"}],"items_purged_floors":[],"is_endless":false,"potions_floor_spawned":[4,5,10,14,24,27,29,30,31,33,35,36,37,38,40,41,42,45,48,55],"ascension_level":20}}