{"host":"ju66gn9zov5ov15o","time":1612473481,"event":{"mods":["100% Spire Juice","2.2 Compatiblity","Act Like it!","Arknights","Aspiration","BaseMod","Conspire","Downfall","GifTheSpireLib","Hubris","Lobotomy","LobotomyExtend","Marisa????????","Minty Spire (QoL Compilation)","Pale of the Ancients","Rare Cards Sparkle","Relic Stats","StSLib","The Alterego","The Animator"],"gold_per_floor":[110,130,10,10,35,35,35],"floor_reached":6,"language":"ENG","playtime":350,"items_purged":[],"score":36,"play_id":"20de4388-a216-4094-93ba-a9d842be99f6","local_time":"20210204221801","is_ascension_mode":false,"campfire_choices":[],"circlet_count":0,"master_deck":["Moonworks:Strike","Moonworks:Strike","Moonworks:Strike","Moonworks:Strike","Moonworks:Defend","Moonworks:Defend","Moonworks:Defend","Moonworks:Defend","Moonworks:Ambush","Moonworks:LongDistanceShot","Moonworks:Bloodlust","Moonworks:JonathanRush","Moonworks:ImOnFire","Dark Shackles","Moonworks:NicePresent","Moonworks:CloudOfSeagulls"],"relics":["Moonworks:BrokenBomb","Moonworks:Homemark","Golden Idol"],"acts_visited":["Exordium"],"potions_floor_usage":[6],"damage_taken":[{"damage":27,"enemies":"Cultist","floor":1,"turns":4},{"damage":17,"enemies":"Small Slimes","floor":2,"turns":3},{"damage":7,"enemies":"2 Louse","floor":5,"turns":3},{"damage":53,"enemies":"Gremlin Nob","floor":6,"turns":5}],"seed_played":"-457199609895664588","potions_obtained":[{"floor":1,"key":"Swift Potion"},{"floor":5,"key":"Ancient Potion"}],"is_trial":false,"path_per_floor":["M","M","?","?","M","E"],"character_chosen":"THE_STARBREAKER","items_purchased":[],"campfire_rested":0,"item_purchase_floors":[],"current_hp_per_floor":[45,42,42,42,39,0,0],"gold":35,"neow_bonus":"THREE_CARDS","is_daily":false,"chose_seed":false,"campfire_upgraded":0,"win_rate":0.0,"timestamp":1612473481,"path_taken":["M","?","?","?","M","E"],"items_purchased_type":[],"build_version":"2020-12-22","purchased_purges":0,"victory":false,"max_hp_per_floor":[60,60,56,56,56,56,56],"relic_stats":{"counters":[4,14],"Golden Idol":5,"obtain_stats":[{"Golden Idol":3,"Moonworks:Homemark":0,"Moonworks:BrokenBomb":0},{"Golden Idol":2,"Moonworks:Homemark":0,"Moonworks:BrokenBomb":0},{"Golden Idol":7,"Moonworks:Homemark":0,"Moonworks:BrokenBomb":0}]},"card_choices":[{"not_picked":["Moonworks:ImOnFire","Moonworks:SakisCookie"],"picked":"Moonworks:Bloodlust","floor":0},{"not_picked":["Moonworks:x16BigRocket","Moonworks:EvilSpyWorkPreparation"],"picked":"Moonworks:JonathanRush","floor":1},{"not_picked":["Moonworks:BigMagnum","Moonworks:LulusLuckyEgg"],"picked":"Moonworks:ImOnFire","floor":2},{"not_picked":["Moonworks:FullSpeedAlicianrone","Moonworks:EvilSpyWorkPreparation"],"picked":"Moonworks:CloudOfSeagulls","floor":5}],"player_experience":466774,"relics_obtained":[],"event_choices":[{"damage_healed":0,"gold_gain":0,"player_choice":"Lose Max HP","damage_taken":0,"relics_obtained":["Golden Idol"],"max_hp_gain":0,"max_hp_loss":4,"event_name":"Golden Idol","floor":3,"gold_loss":0},{"damage_healed":0,"gold_gain":0,"player_choice":"2 cards matched","damage_taken":0,"max_hp_gain":0,"max_hp_loss":0,"event_name":"Match and Keep!","floor":4,"gold_loss":0,"cards_obtained":["Dark Shackles","Moonworks:NicePresent"]}],"is_beta":false,"boss_relics":[],"items_purged_floors":[],"is_endless":false,"potions_floor_spawned":[1,5],"killed_by":"Gremlin Nob","ascension_level":0}}