{"host":"94qggqh0xz0sp6ai","time":1612412635,"event":{"mods":["100% Spire Juice","Abigail Mod","Act Like it!","BaseMod","CapriCore","Downfall","Friendly Minions","Gensokyo","Hermit","Jorbs\u0027s Wanderer Trilogy","Koishi","Marisa（霧雨　魔理沙）","Minty Spire (QoL Compilation)","Permanent Neow","Reimu（博??梦）","StSLib","The Alterego","The Construct","The Cursed","The Hierophant","The Immortal","The Marked","The Mystic","The Senshi","The Servant 0.9.4","TheBandit","Waifu the Spire"],"gold_per_floor":[113,45,56,4,24,24,38,38,38,50,77,93,105,105,105,208,208,226,226,226,226,242,271,271,306,306,306,332,350,363,379,379,478,478,496,190,244,244,95,95,126,126,126,146,181,181,192,211,211,211],"floor_reached":51,"language":"ENG","playtime":2013,"items_purged":["Writhe","Injury"],"score":1155,"play_id":"c09bc0ba-f055-41fb-bc24-ae5ef3eee763","local_time":"20210203222355","is_ascension_mode":true,"campfire_choices":[{"data":"theSenshi:SailorStarMakerAssists","floor":6,"key":"SMITH"},{"data":"theSenshi:MoonKick","floor":8,"key":"SMITH"},{"data":"theSenshi:StudyParty","floor":15,"key":"SMITH"},{"data":"theSenshi:MoonPrismPowerMakeUp","floor":24,"key":"SMITH"},{"data":"theSenshi:ChibiMoonsLove","floor":27,"key":"SMITH"},{"data":"theSenshi:VenusGlamour","floor":32,"key":"SMITH"},{"data":"theSenshi:StudyParty","floor":40,"key":"SMITH"},{"floor":42,"key":"REST"},{"floor":46,"key":"REST"},{"floor":49,"key":"REST"}],"circlet_count":0,"master_deck":["AscendersBane","theSenshi:SailorKick+1","theSenshi:SailorKick","theSenshi:SailorKick","theSenshi:SailorBlock","theSenshi:SailorBlock+1","theSenshi:SailorBlock","theSenshi:SailorBlock+1","theSenshi:RoseThrow","theSenshi:MoonPrismPowerMakeUp+1","theSenshi:MoonKick+1","theSenshi:MercurysCunning","theSenshi:SailorStarMakerAssists+1","theSenshi:VenusGlamour+1","theSenshi:LunasBite","theSenshi:SailorVenusAssists+1","theSenshi:TuxedoMaskAssists+1","theSenshi:StudyParty+1","theSenshi:MoonPunch+1","theSenshi:ChibiMoonsLove+1","theSenshi:MoonPunch+1","theSenshi:Sidestep","theSenshi:SailorJupiterAssists+1","Gensokyo:AllTheWorldsEvil","theSenshi:SailorJupiterAssists+1","theSenshi:SailorJupiterAssists+1","theSenshi:TuxedoSmokingBomber+1","theSenshi:StudyParty+1","CurseOfTheBell","theSenshi:MoonPrincessHalation+1","Panacea","theSenshi:MoonlightKnight+1","theSenshi:MoonKick+1","theSenshi:SailorMarsAssists+1","theSenshi:Sidestep","stsjorbsmod:Procrastination","theSenshi:TallSilhouette+1","theSenshi:LunaSensingAllies"],"relics":["theSenshi:TransformationBroochRelic","Ornamental Fan","RuthlessExorcism:ReiMu","Molten Egg 2","Cursed Key","construct:FoamFinger","Art of War","Lizard Tail","War Paint","Vajra","Calling Bell","Bronze Scales","Blue Candle","theSenshi:EternalTiareRelic","Whetstone","CatCart","Toy Ornithopter","Mummified Hand","Centennial Puzzle"],"acts_visited":["Exordium","TheCity","TheBeyond"],"potions_floor_usage":[7,11,23,25,30,31,31,37,37,50,50],"damage_taken":[{"damage":1,"enemies":"Jaw Worm","floor":1,"turns":4},{"damage":0,"enemies":"Cultist","floor":3,"turns":3},{"damage":6,"enemies":"Small Slimes","floor":5,"turns":4},{"damage":15,"enemies":"Exordium Thugs","floor":7,"turns":5},{"damage":0,"enemies":"3 Louse","floor":10,"turns":1},{"damage":19,"enemies":"Lagavulin","floor":11,"turns":5},{"damage":9,"enemies":"Blue Slaver","floor":12,"turns":3},{"damage":0,"enemies":"Exordium Wildlife","floor":13,"turns":3},{"damage":3,"enemies":"Slime Boss","floor":16,"turns":5},{"damage":6,"enemies":"Chosen","floor":18,"turns":3},{"damage":0,"enemies":"3 Byrds","floor":22,"turns":4},{"damage":19,"enemies":"Book of Stabbing","floor":23,"turns":4},{"damage":44,"enemies":"Slavers","floor":25,"turns":5},{"damage":9,"enemies":"Shelled Parasite and Fungi","floor":29,"turns":4},{"damage":0,"enemies":"Snake Plant","floor":30,"turns":4},{"damage":8,"enemies":"Cultist and Chosen","floor":31,"turns":4},{"damage":20,"enemies":"Automaton","floor":33,"turns":9},{"damage":19,"enemies":"Orb Walker","floor":35,"turns":3},{"damage":30,"enemies":"Orin","floor":37,"turns":8},{"damage":45,"enemies":"Reptomancer","floor":41,"turns":6},{"damage":8,"enemies":"3 Darklings","floor":44,"turns":3},{"damage":6,"enemies":"Giant Head","floor":45,"turns":5},{"damage":24,"enemies":"Spire Growth","floor":47,"turns":4},{"damage":10,"enemies":"Sphere and 2 Shapes","floor":48,"turns":7},{"damage":69,"enemies":"Awakened One","floor":50,"turns":11}],"seed_played":"5590317092330579515","potions_obtained":[{"floor":0,"key":"CultistPotion"},{"floor":0,"key":"Block Potion"},{"floor":7,"key":"SkillPotion"},{"floor":12,"key":"champ:CounterPotion"},{"floor":23,"key":"AttackPotion"},{"floor":29,"key":"EntropicBrew"},{"floor":35,"key":"Regen Potion"},{"floor":37,"key":"Strength Potion"},{"floor":45,"key":"AttackPotion"}],"is_trial":false,"path_per_floor":["M","$","M","?","M","R","M","R","T","M","E","M","M","?","R","B",null,"M","?","?","?","M","E","R","E","T","R","T","M","M","M","R","B",null,"M","$","?","?","$","R","E","R","T","M","E","R","M","M","R","B",null],"character_chosen":"THE_SENSHI","items_purchased":["theSenshi:MercurysCunning","Whetstone","Panacea","theSenshi:SailorMarsAssists+1"],"campfire_rested":3,"item_purchase_floors":[2,36,36,39],"current_hp_per_floor":[67,67,67,67,61,61,46,46,46,46,27,18,18,18,18,15,60,64,64,64,64,74,61,61,27,27,27,27,33,48,55,55,50,69,65,65,50,50,50,50,20,42,42,34,43,65,51,41,63,19],"gold":211,"neow_bonus":"THREE_SMALL_POTIONS","is_daily":false,"chose_seed":false,"campfire_upgraded":7,"win_rate":0.0,"timestamp":1612412635,"path_taken":["M","$","M","?","M","R","M","R","T","M","E","?","M","?","R","BOSS","M","?","?","?","?","E","R","E","T","R","?","M","M","M","R","BOSS","M","$","?","?","$","R","E","R","T","M","E","R","M","?","R","BOSS"],"items_purchased_type":["Card","Relic","Card","Card"],"build_version":"2020-12-22","purchased_purges":2,"victory":true,"max_hp_per_floor":[75,75,75,75,75,75,75,75,75,75,75,75,75,75,75,75,75,75,75,75,75,75,75,75,75,75,75,75,75,75,75,75,75,75,75,75,75,75,75,75,75,75,75,75,75,75,75,75,75,75],"card_choices":[{"not_picked":["theSenshi:LateForSchool","theSenshi:SailorChibiMoonAssists"],"picked":"theSenshi:MoonKick","floor":1},{"not_picked":["theSenshi:SailorUranusAssists","theSenshi:LunaWiseMentor"],"picked":"theSenshi:SailorStarMakerAssists","floor":3},{"not_picked":["theSenshi:LunasBite","theSenshi:MercurysCunning"],"picked":"theSenshi:VenusGlamour","floor":5},{"not_picked":["theSenshi:Sidestep","theSenshi:TallSilhouette"],"picked":"theSenshi:LunasBite","floor":7},{"not_picked":["theSenshi:GatheringStrength","theSenshi:LateForSchool"],"picked":"theSenshi:SailorVenusAssists","floor":10},{"not_picked":["theSenshi:GatheringStrength","theSenshi:MoonCrystalPowerMakeUp"],"picked":"theSenshi:TuxedoMaskAssists+1","floor":11},{"not_picked":["theSenshi:MoonSpiralHeartAttack+1","theSenshi:CrisisMakeUp"],"picked":"theSenshi:StudyParty","floor":12},{"not_picked":["theSenshi:SailorChibiMoonAssists+1","theSenshi:Sidestep"],"picked":"theSenshi:MoonPunch+1","floor":13},{"not_picked":["theSenshi:WarriorOfTheMoon","theSenshi:StarlightHoneymoonTherapyKiss+1"],"picked":"theSenshi:ChibiMoonsLove","floor":16},{"not_picked":["theSenshi:MoonTwilightFlash+1","theSenshi:KlutzyLuck"],"picked":"theSenshi:MoonPunch+1","floor":18},{"not_picked":["theSenshi:YouCanTalk","theSenshi:MoonCrystalPowerMakeUp"],"picked":"theSenshi:Sidestep","floor":22},{"not_picked":["theSenshi:SailorChibiMoonAssists+1","theSenshi:MoonTiaraMagic+1"],"picked":"theSenshi:SailorJupiterAssists+1","floor":23},{"not_picked":["theSenshi:Overload","theSenshi:SteeledNerves","theSenshi:SupersonicWaves+1"],"picked":"SKIP","floor":25},{"not_picked":["theSenshi:MoonPunch+1","theSenshi:MoonTiaraMagic+1"],"picked":"theSenshi:SailorJupiterAssists+1","floor":29},{"not_picked":["theSenshi:SailorPlanetPower+1","theSenshi:LateForSchool"],"picked":"theSenshi:SailorJupiterAssists+1","floor":30},{"not_picked":["theSenshi:SailorVenusAssists+1","theSenshi:LateForSchool"],"picked":"theSenshi:TuxedoSmokingBomber+1","floor":31},{"not_picked":["theSenshi:MoonGorgeousMeditation+1","theSenshi:SailorCosmosAssists"],"picked":"theSenshi:StudyParty","floor":33},{"not_picked":["theSenshi:MoonPunch+1","theSenshi:LunaWiseMentor"],"picked":"theSenshi:MoonPrincessHalation+1","floor":35},{"not_picked":["theSenshi:GatheringStrength+1","theSenshi:MoonsReflection+1"],"picked":"theSenshi:MoonlightKnight+1","floor":37},{"not_picked":["theSenshi:SchoolBag","theSenshi:MoonPunch+1"],"picked":"theSenshi:Sidestep","floor":41},{"not_picked":["theSenshi:MoonTiaraMagic+1","theSenshi:MoonPunch+1","theSenshi:MoonlightKnight"],"picked":"SKIP","floor":44},{"not_picked":["theSenshi:SailorPlanetAttack+1","theSenshi:Sidestep+1"],"picked":"theSenshi:TallSilhouette+1","floor":45},{"not_picked":["theSenshi:MoonPunch+1","theSenshi:EncouragingSpeech"],"picked":"theSenshi:LunaSensingAllies","floor":47},{"not_picked":["theSenshi:Overload+1","theSenshi:SailorVenusAssists+1","theSenshi:EncouragingSpeech+1"],"picked":"SKIP","floor":48}],"player_experience":1522066,"relics_obtained":[{"floor":9,"key":"RuthlessExorcism:ReiMu"},{"floor":11,"key":"Molten Egg 2"},{"floor":23,"key":"Art of War"},{"floor":25,"key":"Lizard Tail"},{"floor":26,"key":"War Paint"},{"floor":28,"key":"Vajra"},{"floor":34,"key":"Bronze Scales"},{"floor":34,"key":"Blue Candle"},{"floor":34,"key":"theSenshi:EternalTiareRelic"},{"floor":37,"key":"CatCart"},{"floor":41,"key":"Toy Ornithopter"},{"floor":43,"key":"Mummified Hand"},{"floor":45,"key":"Centennial Puzzle"}],"event_choices":[{"damage_healed":0,"gold_gain":0,"player_choice":"Paid Gold","damage_taken":0,"relics_obtained":["Ornamental Fan"],"max_hp_gain":0,"max_hp_loss":0,"event_name":"WeMeetAgain","floor":4,"gold_loss":52},{"cards_removed":["theSenshi:SailorKick"],"damage_healed":0,"gold_gain":0,"player_choice":"Offered Basic","damage_taken":0,"max_hp_gain":0,"max_hp_loss":0,"event_name":"Bonfire Elementals","floor":14,"gold_loss":0},{"damage_healed":0,"gold_gain":0,"player_choice":"Opened","damage_taken":0,"relics_obtained":["construct:FoamFinger"],"max_hp_gain":0,"max_hp_loss":0,"event_name":"The Mausoleum","floor":20,"gold_loss":0,"cards_obtained":["Writhe"]},{"damage_healed":0,"gold_gain":0,"player_choice":"Ignored","damage_taken":0,"max_hp_gain":0,"max_hp_loss":0,"event_name":"Vampires","floor":21,"gold_loss":0},{"damage_healed":0,"gold_gain":0,"player_choice":"Fight","damage_taken":0,"max_hp_gain":0,"max_hp_loss":0,"event_name":"OrinTheCat","floor":37,"gold_loss":0},{"damage_healed":0,"gold_gain":0,"player_choice":"Copied","damage_taken":0,"max_hp_gain":0,"max_hp_loss":0,"event_name":"Duplicator","floor":38,"gold_loss":0,"cards_obtained":["theSenshi:MoonKick"]}],"is_beta":false,"boss_relics":[{"not_picked":["Busted Crown","Sozu"],"picked":"Cursed Key"},{"not_picked":["theSenshi:MoonKaleidoScopeRelic","Astrolabe"],"picked":"Calling Bell"}],"items_purged_floors":[36,39],"is_endless":false,"potions_floor_spawned":[1,5,7,12,13,16,22,23,29,35,37,45],"ascension_level":11}}