{"host":"nuu0xlk1bpqu5s2n","time":1612438802,"event":{"mods":["AchievementEnabler","BaseMod","Minty Spire (QoL Compilation)","StSLib"],"gold_per_floor":[113,113,124,124,134,169,169,188,188,188,188],"floor_reached":10,"language":"ENG","playtime":451,"items_purged":[],"score":133,"play_id":"4d7196e5-42f2-4246-a2be-215d99c19742","local_time":"20210204134002","is_ascension_mode":true,"campfire_choices":[{"floor":7,"key":"REST"}],"circlet_count":0,"master_deck":["AscendersBane","Strike_G","Strike_G+1","Strike_G","Strike_G","Strike_G","Defend_G","Defend_G","Defend_G","Defend_G","Defend_G","Survivor","Neutralize+1","Noxious Fumes","Blur","Poisoned Stab","Endless Agony"],"relics":["Ring of the Snake","NeowsBlessing","StoneCalendar"],"acts_visited":["Exordium"],"potions_floor_usage":[10],"damage_taken":[{"damage":0,"enemies":"Small Slimes","floor":1,"turns":1},{"damage":0,"enemies":"Jaw Worm","floor":3,"turns":1},{"damage":0,"enemies":"Cultist","floor":5,"turns":1},{"damage":27,"enemies":"3 Sentries","floor":6,"turns":9},{"damage":16,"enemies":"Lots of Slimes","floor":8,"turns":5},{"damage":34,"enemies":"Gremlin Nob","floor":10,"turns":4}],"seed_played":"-2901160871307453001","potions_obtained":[{"floor":5,"key":"BlessingOfTheForge"},{"floor":8,"key":"CultistPotion"}],"is_trial":false,"path_per_floor":["M","?","M","?","M","E","R","M","T","E"],"character_chosen":"THE_SILENT","items_purchased":[],"campfire_rested":1,"item_purchase_floors":[],"current_hp_per_floor":[59,39,39,44,44,17,38,22,22,0,0],"gold":188,"neow_bonus":"THREE_ENEMY_KILL","is_daily":false,"chose_seed":false,"campfire_upgraded":0,"win_rate":0.0,"timestamp":1612438802,"path_taken":["M","?","M","?","?","E","R","M","T","E"],"items_purchased_type":[],"build_version":"2020-12-22","purchased_purges":0,"victory":false,"max_hp_per_floor":[66,66,66,71,71,71,71,71,71,71,71],"card_choices":[{"not_picked":["Dagger Spray","Predator"],"picked":"Noxious Fumes","floor":1},{"not_picked":["Concentrate","Masterful Stab","Underhanded Strike"],"picked":"SKIP","floor":3},{"not_picked":["Concentrate","Dodge and Roll"],"picked":"Blur","floor":5},{"not_picked":["Outmaneuver","PiercingWail"],"picked":"Poisoned Stab","floor":6},{"not_picked":["Heel Hook","Dagger Spray"],"picked":"Endless Agony","floor":8}],"player_experience":542249,"relics_obtained":[{"floor":6,"key":"StoneCalendar"}],"event_choices":[{"damage_healed":0,"gold_gain":0,"player_choice":"Entered Light","damage_taken":20,"max_hp_gain":0,"max_hp_loss":0,"event_name":"Shining Light","floor":2,"gold_loss":0,"cards_upgraded":["Neutralize","Strike_G"]},{"damage_healed":0,"gold_gain":0,"player_choice":"Donut","damage_taken":0,"max_hp_gain":5,"max_hp_loss":0,"event_name":"Big Fish","floor":4,"gold_loss":0}],"is_beta":false,"boss_relics":[],"items_purged_floors":[],"is_endless":false,"potions_floor_spawned":[5,8],"killed_by":"Gremlin Nob","ascension_level":19}}