{"host":"v54ek091sdz7ha6h","time":1612470201,"event":{"mods":["BaseMod","Better Vampires","Colored Map","Colored Powertips","Custom Start","DeckTracker","Highlight Path","KOR Keyword Fix","Minty Spire (QoL Compilation)","Rare Cards Sparkle","Relic Stats","StSLib","SuperFastMode","everything is the same but u backflip on backflip"],"gold_per_floor":[113,113,129,144,144,144,183,183,183,226,295,295,318,338,338,434,434,448,95,111,111,125,125,575,606,606,618,618,653,653,667,667,741,741,752,802,819,819,836,869,869,869,869],"floor_reached":42,"language":"KOR","playtime":1103,"items_purged":["Strike_P"],"score":1327,"play_id":"72b53f6b-547b-4e2c-94b7-9dc228732323","local_time":"20210205052321","is_ascension_mode":true,"campfire_choices":[{"floor":6.0,"key":"REST"},{"floor":8.0,"key":"REST"},{"data":"Eruption","floor":15.0,"key":"SMITH"},{"data":"Vault","floor":23.0,"key":"SMITH"},{"data":"CrushJoints","floor":28.0,"key":"SMITH"},{"data":"Fasting2","floor":30.0,"key":"SMITH"},{"data":"SignatureMove","floor":32.0,"key":"SMITH"},{"floor":41.0,"key":"REST"}],"circlet_count":0,"master_deck":["AscendersBane","Strike_P+1","Strike_P","Strike_P","Defend_P","Defend_P","Defend_P","Defend_P","Eruption+1","Vigilance","Panacea+1","ClearTheMind","ForeignInfluence","SignatureMove+1","Tantrum","Worship","Vault+1","Fasting2+1","CrushJoints+1","FearNoEvil","Halt","Pray+1"],"relics":["PureWater","Bloody Idol","Incense Burner","Lizard Tail","Happy Flower","Pocketwatch","TeardropLocket","SlaversCollar","Pantograph","Mummified Hand","Mango","Bronze Scales","VioletLotus","Art of War"],"acts_visited":["Exordium","TheCity","TheBeyond"],"potions_floor_usage":[42,42],"damage_taken":[{"damage":11.0,"enemies":"Small Slimes","floor":1.0,"turns":5.0},{"damage":3.0,"enemies":"2 Louse","floor":3.0,"turns":2.0},{"damage":9.0,"enemies":"Jaw Worm","floor":4.0,"turns":5.0},{"damage":32.0,"enemies":"3 Sentries","floor":7.0,"turns":10.0},{"damage":8.0,"enemies":"Gremlin Nob","floor":10.0,"turns":3.0},{"damage":0.0,"enemies":"3 Sentries","floor":11.0,"turns":4.0},{"damage":9.0,"enemies":"3 Louse","floor":13.0,"turns":3.0},{"damage":8.0,"enemies":"Lots of Slimes","floor":14.0,"turns":5.0},{"damage":0.0,"enemies":"Slime Boss","floor":16.0,"turns":4.0},{"damage":0.0,"enemies":"Chosen","floor":18.0,"turns":3.0},{"damage":3.0,"enemies":"2 Thieves","floor":20.0,"turns":4.0},{"damage":0.0,"enemies":"Centurion and Healer","floor":22.0,"turns":3.0},{"damage":0.0,"enemies":"Book of Stabbing","floor":25.0,"turns":3.0},{"damage":14.0,"enemies":"Snake Plant","floor":27.0,"turns":3.0},{"damage":0.0,"enemies":"Gremlin Leader","floor":29.0,"turns":4.0},{"damage":0.0,"enemies":"Cultist and Chosen","floor":31.0,"turns":4.0},{"damage":0.0,"enemies":"Champ","floor":33.0,"turns":5.0},{"damage":11.0,"enemies":"3 Shapes","floor":35.0,"turns":4.0},{"damage":0.0,"enemies":"3 Darklings","floor":37.0,"turns":4.0},{"damage":28.0,"enemies":"Jaw Worm Horde","floor":39.0,"turns":4.0},{"damage":45.0,"enemies":"Nemesis","floor":40.0,"turns":5.0},{"damage":32,"enemies":"Reptomancer","floor":42,"turns":2}],"seed_played":"6124531399709181706","potions_obtained":[{"floor":1.0,"key":"Energy Potion"},{"floor":3.0,"key":"Ancient Potion"},{"floor":10.0,"key":"ColorlessPotion"},{"floor":16.0,"key":"LiquidMemories"},{"floor":22.0,"key":"Swift Potion"},{"floor":33.0,"key":"GamblersBrew"},{"floor":39.0,"key":"CultistPotion"}],"is_trial":false,"path_per_floor":["M","?","M","M","?","R","E","R","T","E","?","T","M","M","R","B",null,"M","$","M","?","M","R","?","E","T","M","R","E","R","M","R","B",null,"M","?","M","?","M","E","R","E"],"character_chosen":"WATCHER","items_purchased":["Pantograph"],"campfire_rested":3,"item_purchase_floors":[19],"current_hp_per_floor":[50,30,27,18,18,36,4,22,22,14,14,14,5,30,30,30,54,54,54,51,51,56,56,35,40,54,45,45,50,50,55,55,76,76,70,75,76,72,49,9,30,0,0],"gold":869,"neow_bonus":"RANDOM_COLORLESS","is_daily":false,"chose_seed":false,"campfire_upgraded":5,"win_rate":0.0,"timestamp":1612470201,"path_taken":["M","?","M","M","?","R","E","R","T","E","?","?","M","M","R","BOSS","M","$","M","?","M","R","?","E","T","M","R","E","R","?","R","BOSS","M","?","?","?","M","E","R","E"],"items_purchased_type":["Relic"],"build_version":"2020-12-22","purchased_purges":1,"victory":false,"max_hp_per_floor":[68,68,68,68,62,62,62,62,62,62,62,62,62,62,62,62,62,62,62,62,62,62,62,62,62,76,76,76,76,76,76,76,76,76,76,76,76,72,72,72,72,72,72],"relic_stats":{"Lizard Tail":31,"Happy Flower":[21],"counters":[22,89],"Mummified Hand":[6],"Bloody Idol":71,"Pantograph":21,"Bronze Scales":[64],"VioletLotus":[10],"Art of War":[0],"obtain_stats":[{"Happy Flower":10,"Golden Idol":5,"Mango":26,"Incense Burner":7,"TeardropLocket":12,"SlaversCollar":17,"Lizard Tail":9,"Mummified Hand":25,"Pantograph":19,"Bloody Idol":21,"Bronze Scales":29,"VioletLotus":34,"Art of War":40,"PureWater":0,"Pocketwatch":11},{"Happy Flower":5,"Golden Idol":3,"Mango":13,"Incense Burner":4,"TeardropLocket":6,"SlaversCollar":9,"Lizard Tail":4,"Mummified Hand":13,"Pantograph":10,"Bloody Idol":11,"Bronze Scales":15,"VioletLotus":17,"Art of War":21,"PureWater":0,"Pocketwatch":6},{"Happy Flower":25,"Golden Idol":12,"Mango":54,"Incense Burner":22,"TeardropLocket":29,"SlaversCollar":41,"Lizard Tail":22,"Mummified Hand":54,"Pantograph":44,"Bloody Idol":48,"Bronze Scales":61,"VioletLotus":70,"Art of War":87,"PureWater":0,"Pocketwatch":29}],"Pocketwatch":[42]},"card_choices":[{"not_picked":["Good Instincts","Madness"],"picked":"Panacea","floor":0.0},{"not_picked":["Swivel","Crescendo","Halt"],"picked":"SKIP","floor":1.0},{"not_picked":["Prostrate","PathToVictory"],"picked":"ClearTheMind","floor":3.0},{"not_picked":["Prostrate","FollowUp"],"picked":"ForeignInfluence","floor":4.0},{"not_picked":["Sanctity","SashWhip"],"picked":"SignatureMove","floor":7.0},{"not_picked":["Halt","Protect"],"picked":"Tantrum","floor":10.0},{"not_picked":["JustLucky","Perseverance"],"picked":"Worship","floor":13.0},{"not_picked":["FlyingSleeves","InnerPeace","ConjureBlade"],"picked":"SKIP","floor":14.0},{"not_picked":["Ragnarok","MasterReality"],"picked":"Vault","floor":16.0},{"not_picked":["BowlingBash","Nirvana"],"picked":"Fasting2","floor":18.0},{"not_picked":["ThirdEye","EmptyBody","FlyingSleeves"],"picked":"SKIP","floor":20.0},{"not_picked":["ReachHeaven","FlyingSleeves","ThirdEye"],"picked":"SKIP","floor":22.0},{"not_picked":["ForeignInfluence","Halt","Vengeance"],"picked":"SKIP","floor":25.0},{"not_picked":["ForeignInfluence","Halt","Vengeance"],"picked":"SKIP","floor":25.0},{"not_picked":["EmptyMind","Crescendo"],"picked":"CrushJoints","floor":27.0},{"not_picked":["Protect","Study"],"picked":"FearNoEvil","floor":29.0},{"not_picked":["JustLucky","ClearTheMind","WheelKick"],"picked":"SKIP","floor":31.0},{"not_picked":["Nirvana","ClearTheMind","LikeWater"],"picked":"SKIP","floor":35.0},{"not_picked":["ThirdEye","Halt","Protect"],"picked":"SKIP","floor":37.0},{"not_picked":["ThirdEye","Protect"],"picked":"Halt","floor":37.0},{"not_picked":["JustLucky","CutThroughFate","FlurryOfBlows"],"picked":"SKIP","floor":39.0},{"not_picked":["PathToVictory","WindmillStrike"],"picked":"Pray+1","floor":40.0}],"player_experience":1469842,"relics_obtained":[{"floor":7.0,"key":"Incense Burner"},{"floor":9.0,"key":"Lizard Tail"},{"floor":10.0,"key":"Happy Flower"},{"floor":11.0,"key":"Pocketwatch"},{"floor":12.0,"key":"TeardropLocket"},{"floor":25.0,"key":"Mummified Hand"},{"floor":26.0,"key":"Mango"},{"floor":29.0,"key":"Bronze Scales"},{"floor":40.0,"key":"Art of War"}],"event_choices":[{"damage_healed":0.0,"max_hp_gain":0.0,"max_hp_loss":0.0,"gold_gain":0.0,"event_name":"Shining Light","player_choice":"Entered Light","floor":2.0,"gold_loss":0.0,"damage_taken":20.0,"cards_upgraded":["Panacea","Strike_P"]},{"damage_healed":0.0,"max_hp_gain":0.0,"max_hp_loss":6.0,"gold_gain":0.0,"event_name":"Golden Idol","player_choice":"Lose Max HP","floor":5.0,"gold_loss":0.0,"damage_taken":0.0,"relics_obtained":["Golden Idol"]},{"damage_healed":0.0,"max_hp_gain":0.0,"max_hp_loss":0.0,"gold_gain":30.0,"event_name":"Dead Adventurer","player_choice":"Searched \u00272\u0027 times","floor":11.0,"gold_loss":0.0,"damage_taken":0.0},{"damage_healed":0.0,"max_hp_gain":0.0,"max_hp_loss":0.0,"gold_gain":0.0,"event_name":"Forgotten Altar","player_choice":"Gave Idol","floor":21.0,"relics_lost":["Golden Idol"],"gold_loss":0.0,"damage_taken":0.0,"relics_obtained":["Bloody Idol"]},{"damage_healed":0.0,"max_hp_gain":0.0,"max_hp_loss":0.0,"gold_gain":450.0,"event_name":"Knowing Skull","player_choice":"GOLD GOLD GOLD GOLD GOLD ","floor":24.0,"potions_obtained":[],"gold_loss":0.0,"damage_taken":46.0,"cards_obtained":[]},{"damage_healed":0.0,"max_hp_gain":0.0,"max_hp_loss":0.0,"gold_gain":50.0,"event_name":"Golden Shrine","player_choice":"Pray","floor":36.0,"gold_loss":0.0,"damage_taken":0.0},{"damage_healed":0.0,"max_hp_gain":0.0,"max_hp_loss":4.0,"gold_gain":0.0,"event_name":"Winding Halls","player_choice":"Max HP","floor":38.0,"gold_loss":0.0,"damage_taken":0.0}],"is_beta":false,"boss_relics":[{"not_picked":["Velvet Choker","Runic Pyramid"],"picked":"SlaversCollar"},{"not_picked":["Black Star","Runic Dome"],"picked":"VioletLotus"}],"items_purged_floors":[19],"is_endless":false,"potions_floor_spawned":[1,3,10,16,22,25,33,39,40],"killed_by":"Reptomancer","ascension_level":20}}