{"host":"ceheqh86fk4eo7wc","time":1612459502,"event":{"mods":["Aspiration","BaseMod","BetterRewards","Conspire","Downfall","Hermit","Hubris","Infinite Spire","Marisa????????","Minty Spire (QoL Compilation)","READ ME - Snecko Mod","Replay The Spire","StSLib","The Administrix","The Animator","The Cursed","The Poker Player","The Servant 0.9.4","slay the spire mod where everything is the same but ironclad has a cowboy hat"],"gold_per_floor":[119,130,38,38,57,92,92,102,102,102,16,31,42,53,53,157,157,173,173,173,373,384,412,412,425,425,436,453,466,481,495,495,627,627,685,749,510,510,554,554,554,554],"floor_reached":41,"language":"ENG","playtime":2214,"items_purged":[],"score":596,"play_id":"cf501827-5a68-4414-b419-1108ea27ea5b","local_time":"20210204092502","is_ascension_mode":false,"campfire_choices":[{"floor":7,"key":"REST"},{"data":"Wild Strike","floor":15,"key":"SMITH"},{"data":"ReplayTheSpireMod:Black Plague","floor":24,"key":"SMITH"},{"data":"Immolate","floor":32,"key":"SMITH"},{"data":"Immolate","floor":40,"key":"SMITH"}],"circlet_count":0,"master_deck":["Strike_R","Strike_R","Strike_R","Strike_R","Strike_R","Defend_R","Defend_R","Defend_R","Bash","Good Instincts","Sword Boomerang","Wild Strike+1","Blind","Clothesline","Replay:Undeath\u0027s Touch","Flex","Immolate+1","Feel No Pain+1","Hemogenesis+1","Second Wind+1","Wild Strike+1","ReplayTheSpireMod:Black Plague+1","Havoc+1","ReplayTheSpireMod:Stacked","Flex+1","Intimidate","Clothesline","Heavy Blade","Flex","Replay:Undeath\u0027s Touch","Immolate+1","Twin Strike+1","Wild Strike+1","Flash of Steel","Run Through"],"relics":["Burning Blood","NeowsBlessing","Onion Ring","Shuriken","Astrolabe","Charon\u0027s Ashes","Anchor","hubris:Potato","infinitespire:Satchel","infinitespire:EvilPickle","hubris:HollowSoul","Toolbox","hubris:Icosahedron"],"acts_visited":["Exordium","TheCity","TheBeyond"],"potions_floor_usage":[6,6,6,16,18,28,30,33],"damage_taken":[{"damage":0,"enemies":"Jaw Worm","floor":1,"turns":1},{"damage":0,"enemies":"Cultist","floor":2,"turns":1},{"damage":0,"enemies":"Small Slimes","floor":5,"turns":1},{"damage":24,"enemies":"3 Sentries","floor":6,"turns":11},{"damage":0,"enemies":"Blue Slaver","floor":8,"turns":2},{"damage":2,"enemies":"Looter","floor":12,"turns":3},{"damage":6,"enemies":"Gremlin Gang","floor":13,"turns":3},{"damage":24,"enemies":"Large Slime","floor":14,"turns":4},{"damage":57,"enemies":"Hexaghost","floor":16,"turns":10},{"damage":8,"enemies":"Shell Parasite","floor":18,"turns":4},{"damage":7,"enemies":"2 Thieves","floor":22,"turns":3},{"damage":23,"enemies":"Slavers","floor":23,"turns":3},{"damage":0,"enemies":"Snecko","floor":25,"turns":2},{"damage":4,"enemies":"Centurion and Healer","floor":27,"turns":6},{"damage":11,"enemies":"Snake Plant","floor":28,"turns":2},{"damage":10,"enemies":"Sentry and Sphere","floor":29,"turns":3},{"damage":11,"enemies":"3 Cultists","floor":30,"turns":4},{"damage":9,"enemies":"Snake Plant","floor":31,"turns":3},{"damage":72,"enemies":"Pondfish","floor":33,"turns":11},{"damage":0,"enemies":"3 Shapes","floor":35,"turns":2},{"damage":0,"enemies":"Orb Walker","floor":36,"turns":2},{"damage":0,"enemies":"Maw","floor":39,"turns":6},{"damage":0,"enemies":"Giant Head","floor":41,"turns":1}],"seed_played":"-3055180138316151782","potions_obtained":[{"floor":2,"key":"Swift Potion"},{"floor":4,"key":"Cursed Concoction"},{"floor":4,"key":"Explosive Potion"},{"floor":4,"key":"infinitespire:BlackPotion"},{"floor":6,"key":"BloodPotion"},{"floor":16,"key":"ColorlessPotion"},{"floor":25,"key":"champ:CounterPotion"},{"floor":28,"key":"champ:CounterPotion"},{"floor":31,"key":"Doom Potion"},{"floor":36,"key":"ElixirPotion"}],"is_trial":false,"path_per_floor":["M","M","$","?","M","E","R","M","T","?","$","M","M","M","R","B",null,"M","AVR","?","?","M","E","R","M","T","M","M","M","M","M","R","B",null,"M","M","$","?","M","R","E"],"character_chosen":"IRONCLAD","items_purchased":["Good Instincts","Blind","Flash of Steel","Toolbox"],"campfire_rested":1,"item_purchase_floors":[3,11,37,37],"current_hp_per_floor":[80,80,80,80,80,62,80,80,80,85,85,85,85,67,67,33,85,85,85,85,85,84,67,67,73,73,85,80,76,71,76,76,18,85,85,85,85,85,85,85,17,17],"gold":554,"neow_bonus":"THREE_ENEMY_KILL","is_daily":false,"chose_seed":false,"campfire_upgraded":4,"win_rate":0.0,"timestamp":1612459502,"path_taken":["M","M","$","?","?","E","R","M","T","?","$","M","M","M","R","BOSS","M","AVR","?","?","M","E","R","M","T","M","M","M","?","M","R","BOSS","M","M","$","?","M","R","E"],"items_purchased_type":["Card","Card","Card","Relic"],"build_version":"2020-12-22","purchased_purges":0,"victory":false,"max_hp_per_floor":[80,80,80,80,80,80,80,80,80,85,85,85,85,85,85,85,85,85,85,85,85,85,85,85,85,85,85,85,85,85,85,85,85,85,85,85,85,85,85,85,17,17],"card_choices":[{"not_picked":["Metallicize","ReplayTheSpireMod:LeadingStrike"],"picked":"Clash","floor":1},{"not_picked":["Run Through","Headbutt"],"picked":"Replay:Undeath\u0027s Touch","floor":2},{"not_picked":["Cleave","Run Through","Body Slam"],"picked":"SKIP","floor":5},{"not_picked":["ReplayTheSpireMod:Strike From Hell","Armaments"],"picked":"Sword Boomerang","floor":6},{"not_picked":["Run Through","Battle Trance"],"picked":"Wild Strike","floor":8},{"not_picked":["Replay:Many Hands","Iron Wave"],"picked":"Clothesline","floor":12},{"not_picked":["Run Through","Sword Boomerang"],"picked":"Replay:Undeath\u0027s Touch","floor":13},{"not_picked":["Rage","Wild Strike"],"picked":"Flex","floor":14},{"not_picked":["Bludgeon","Demon Form"],"picked":"Immolate","floor":16},{"not_picked":["Clash","True Grit"],"picked":"Wild Strike+1","floor":18},{"not_picked":["Pummel","Headbutt"],"picked":"Havoc+1","floor":22},{"not_picked":["Metallicize","Disarm+1"],"picked":"ReplayTheSpireMod:Stacked","floor":23},{"not_picked":["ReplayTheSpireMod:Strike From Hell+1","Clothesline"],"picked":"Flex+1","floor":25},{"not_picked":["Armaments","Metallicize+1"],"picked":"Intimidate","floor":27},{"not_picked":["Havoc","ReplayTheSpireMod:Strike From Hell"],"picked":"Clothesline","floor":28},{"not_picked":["Entrench+1","Rupture"],"picked":"Heavy Blade","floor":29},{"not_picked":["Inflame","Armaments"],"picked":"Flex","floor":30},{"not_picked":["Hemokinesis","Fire Breathing"],"picked":"Replay:Undeath\u0027s Touch","floor":31},{"not_picked":["Limit Break","Hemogenesis"],"picked":"Immolate","floor":33},{"not_picked":["Headbutt+1","Sword Boomerang"],"picked":"Twin Strike+1","floor":35},{"not_picked":["Pummel","Pommel Strike+1"],"picked":"Wild Strike+1","floor":36},{"not_picked":["Headbutt","Corruption"],"picked":"Run Through","floor":39}],"player_experience":57304,"relics_obtained":[{"floor":6,"key":"Onion Ring"},{"floor":9,"key":"Shuriken"},{"floor":23,"key":"hubris:Potato"},{"floor":26,"key":"infinitespire:Satchel"}],"event_choices":[{"damage_healed":0,"gold_gain":0,"player_choice":"Got Potions","damage_taken":0,"max_hp_gain":0,"max_hp_loss":0,"event_name":"Lab","floor":4,"gold_loss":0},{"damage_healed":0,"gold_gain":0,"player_choice":"Donut","damage_taken":0,"max_hp_gain":5,"max_hp_loss":0,"event_name":"Big Fish","floor":10,"gold_loss":0},{"damage_healed":0,"gold_gain":0,"player_choice":"Opened","damage_taken":0,"relics_obtained":["Anchor"],"max_hp_gain":0,"max_hp_loss":0,"event_name":"The Mausoleum","floor":20,"gold_loss":0},{"damage_healed":0,"gold_gain":200,"player_choice":"Gold","damage_taken":0,"max_hp_gain":0,"max_hp_loss":0,"event_name":"Wheel of Change","floor":21,"gold_loss":0}],"is_beta":false,"boss_relics":[{"not_picked":["hubris:TerracottaHorce","hubris:RunicObelisk"],"picked":"Astrolabe"},{"not_picked":["Pandora\u0027s Box","conspire:RoyalGoblet"],"picked":"hubris:HollowSoul"}],"items_purged_floors":[],"is_endless":false,"potions_floor_spawned":[2,5,6,16,25,28,31,36],"killed_by":"Giant Head","ascension_level":0}}