{"host":"m4gb89kpcfic7v2a","time":1612412407,"event":{"mods":["BaseMod","BetterRewards","Downfall","Minty Spire (QoL Compilation)","StSLib"],"gold_per_floor":[99,119,137,154,173,202,202,220,220,220,220],"floor_reached":9,"language":"ENG","playtime":1067,"items_purged":[],"score":65,"play_id":"317c4fef-b911-4dee-8765-f99bbc2adc20","local_time":"20210203212007","is_ascension_mode":false,"campfire_choices":[{"data":"Slimebound:Split","floor":1,"key":"SMITH"}],"circlet_count":0,"master_deck":["Slimebound:Strike_Slimebound","Slimebound:Strike_Slimebound","Slimebound:Strike_Slimebound","Slimebound:Tackle","Slimebound:Defend_Slimebound","Slimebound:Defend_Slimebound","Slimebound:Defend_Slimebound","Slimebound:Defend_Slimebound","Slimebound:Split+1","Slimebound:CorrosiveSpit","Slimebound:Repurpose","Slimebound:SplitAcid","Slimebound:AcidTongue","Slimebound:Repurpose","Slimebound:ProtectTheBoss"],"relics":["Slimebound:AbsorbEndCombat","Pantograph","InkBottle"],"acts_visited":["Exordium"],"potions_floor_usage":[],"damage_taken":[{"damage":11,"enemies":"Jaw Worm","floor":2,"turns":3},{"damage":0,"enemies":"2 Louse","floor":3,"turns":3},{"damage":0,"enemies":"Cultist","floor":4,"turns":3},{"damage":15,"enemies":"Exordium Thugs","floor":5,"turns":3},{"damage":10,"enemies":"Lagavulin","floor":6,"turns":6},{"damage":22,"enemies":"3 Louse","floor":8,"turns":3},{"damage":41,"enemies":"Gremlin Nob","floor":9,"turns":4}],"seed_played":"2248322423481115996","potions_obtained":[{"floor":4,"key":"EssenceOfSteel"},{"floor":8,"key":"SkillPotion"}],"is_trial":false,"path_per_floor":["R","M","M","M","M","E","T","M","E"],"character_chosen":"SLIMEBOUND","items_purchased":[],"campfire_rested":0,"item_purchase_floors":[],"current_hp_per_floor":[71,60,62,68,57,49,49,27,0,0,0],"gold":220,"neow_bonus":"TEN_PERCENT_HP_BONUS","is_daily":false,"chose_seed":false,"campfire_upgraded":1,"win_rate":0.0,"timestamp":1612412407,"path_taken":["R","M","M","M","M","E","T","M","E"],"items_purchased_type":[],"build_version":"2020-12-22","purchased_purges":0,"victory":false,"max_hp_per_floor":[71,71,71,71,71,71,71,71,71,71,71],"card_choices":[{"not_picked":["Slimebound:SamplingLick","Slimebound:Grow"],"picked":"Slimebound:Repurpose","floor":2},{"not_picked":["Slimebound:LeadByExample","Slimebound:ForwardTackle"],"picked":"Slimebound:SplitAcid","floor":3},{"not_picked":["Slimebound:Equalize","Slimebound:LeechEnergy"],"picked":"Slimebound:AcidTongue","floor":4},{"not_picked":["Slimebound:RollThrough","Slimebound:Grow"],"picked":"Slimebound:Repurpose","floor":5},{"not_picked":["Slimebound:Dissolve","Slimebound:ItLooksTasty"],"picked":"Slimebound:ProtectTheBoss","floor":6},{"not_picked":["Slimebound:ItLooksTasty","Slimebound:FormOfPuddle","Slimebound:FirmFortitude"],"picked":"SKIP","floor":8}],"player_experience":181102,"relics_obtained":[{"floor":6,"key":"Pantograph"},{"floor":7,"key":"InkBottle"}],"event_choices":[],"is_beta":false,"boss_relics":[],"items_purged_floors":[],"is_endless":false,"potions_floor_spawned":[4,8],"killed_by":"Gremlin Nob","ascension_level":0}}