{"host":"y7b1p9nkx4idorr2","time":1612440684,"event":{"mods":["AchievementEnabler","Act Like it!","BaseMod","Colored Map","Downfall","GifTheSpireLib","Googly Eyes","Highlight Path","Mimic Mod","Minty Spire (QoL Compilation)","Shop Mod","Spicy Shops","StSLib","Unceasing Turn Reminder"],"gold_per_floor":[99,112,97,112,112,141,215,225,125,35,45,73,73,105,118,218,218,118,134,146,131,131,131,131],"floor_reached":22,"language":"ENG","playtime":1367,"items_purged":["bronze:Strike"],"score":214,"play_id":"c77f567d-d582-4394-ab27-aa17e788809e","local_time":"20210204061124","is_ascension_mode":true,"campfire_choices":[{"floor":1.0,"key":"RECALL"},{"data":"bronze:Repulsor","floor":9.0,"key":"SMITH"},{"data":"bronze:Philosophize","floor":13.0,"key":"SMITH"},{"data":"bronze:AlphaBuild","floor":18.0,"key":"SMITH"}],"circlet_count":0,"master_deck":["bronze:Strike","bronze:Strike","bronze:Defend","bronze:Defend","bronze:Defend","bronze:Defend","bronze:Replicate","bronze:Goto","bronze:Constructor","bronze:HyperBeam","bronze:Invalidate","bronze:Frontload","bronze:Repulsor+1","bronze:Flail","bronze:Philosophize+1","bronze:CleanCode","bronze:ChildClass","bronze:Terminator","bronze:AlphaBuild+1","bronze:NullPointer","bronze:ItsAFeature"],"relics":["bronze:BronzeCore","Oddly Smooth Stone","Kunai","Bottled Lightning","downfall:HeartBlessingRed","Du-Vu Doll","bronze:ProtectiveGoggles","Sozu","downfall:HeartBlessingGreen"],"acts_visited":["Exordium","TheCity"],"potions_floor_usage":[22,22,22],"damage_taken":[{"damage":0.0,"enemies":"Jaw Worm","floor":2.0,"turns":3.0},{"damage":0.0,"enemies":"downfall:FleeingMerchant","floor":3.0,"turns":4.0},{"damage":0.0,"enemies":"Cultist","floor":4.0,"turns":4.0},{"damage":11.0,"enemies":"Lagavulin","floor":6.0,"turns":7.0},{"damage":0.0,"enemies":"2 Louse","floor":8.0,"turns":3.0},{"damage":3.0,"enemies":"downfall:FleeingMerchant","floor":10.0,"turns":4.0},{"damage":0.0,"enemies":"Exordium Wildlife","floor":11.0,"turns":2.0},{"damage":3.0,"enemies":"3 Sentries","floor":12.0,"turns":6.0},{"damage":6.0,"enemies":"Lagavulin","floor":14.0,"turns":7.0},{"damage":0.0,"enemies":"Blue Slaver","floor":15.0,"turns":4.0},{"damage":15.0,"enemies":"WA_ARCHETYPE_RETAIN","floor":16.0,"turns":7.0},{"damage":0,"enemies":"3 Byrds","floor":19,"turns":4},{"damage":0,"enemies":"Shell Parasite","floor":20,"turns":5},{"damage":20,"enemies":"downfall:FleeingMerchant","floor":21,"turns":4},{"damage":64,"enemies":"downfall:FleeingMerchant","floor":22,"turns":7}],"seed_played":"7640765737548117806","potions_obtained":[{"floor":4.0,"key":"EntropicBrew"},{"floor":6.0,"key":"bronze:FreeFunctionsPotion"},{"floor":8.0,"key":"LiquidBronze"},{"floor":11.0,"key":"bronze:FreeFunctionsPotion"}],"is_trial":false,"path_per_floor":["R","M","$","M","?","E","T","M","R","$","M","E","R","E","M","B",null,"R","M","M","$","?"],"character_chosen":"THE_AUTOMATON","items_purchased":[],"campfire_rested":0,"item_purchase_floors":[],"current_hp_per_floor":[70,70,70,70,70,59,59,59,59,56,56,53,53,47,47,32,70,70,70,70,50,0,0,0],"gold":131,"neow_bonus":"RANDOM_COMMON_RELIC","is_daily":false,"chose_seed":false,"campfire_upgraded":3,"win_rate":0.0,"timestamp":1612440684,"path_taken":["R","M","$","M","?","E","T","?","R","?","M","E","R","E","M","BOSS","R","M","M","$","?"],"items_purchased_type":[],"build_version":"2020-12-22","purchased_purges":1,"victory":false,"max_hp_per_floor":[70,70,70,70,70,70,70,70,70,70,70,70,70,70,70,70,70,70,70,70,70,70,70,70],"card_choices":[{"not_picked":["bronze:ForLoop","bronze:Safeguard"],"picked":"bronze:Constructor","floor":2.0},{"not_picked":["bronze:Deprecate","bronze:CutThrough"],"picked":"bronze:HyperBeam","floor":3.0},{"not_picked":["bronze:FineTuning","bronze:DelayedGuard"],"picked":"bronze:Invalidate","floor":4.0},{"not_picked":["bronze:BronzeOrb","bronze:Branch"],"picked":"bronze:Frontload","floor":6.0},{"not_picked":["bronze:ItsAFeature","bronze:NullPointer"],"picked":"bronze:Repulsor","floor":8.0},{"not_picked":["bronze:BronzeArmor","bronze:Branch"],"picked":"bronze:Flail","floor":10.0},{"not_picked":["bronze:NullPointer","bronze:Separator"],"picked":"bronze:Philosophize","floor":11.0},{"not_picked":["bronze:Return","bronze:Shell"],"picked":"bronze:CleanCode","floor":12.0},{"not_picked":["bronze:Backtrace","bronze:BitShift"],"picked":"bronze:ChildClass","floor":14.0},{"not_picked":["bronze:BronzeArmor","bronze:Overheat"],"picked":"bronze:Terminator","floor":15.0},{"not_picked":["bronze:ThunderWave","bronze:CleanCode"],"picked":"bronze:AlphaBuild","floor":16.0},{"not_picked":["bronze:BronzeOrb+1","bronze:Branch"],"picked":"bronze:NullPointer","floor":19},{"not_picked":["bronze:BuggyMess","bronze:WhirlingStrike","bronze:BugBarrage"],"picked":"SKIP","floor":20},{"not_picked":["bronze:DelayedSlice","bronze:AlphaBuild"],"picked":"bronze:ItsAFeature","floor":21}],"player_experience":2279227,"relics_obtained":[{"floor":6.0,"key":"Kunai"},{"floor":7.0,"key":"Bottled Lightning"},{"floor":12.0,"key":"Du-Vu Doll"},{"floor":14.0,"key":"bronze:ProtectiveGoggles"}],"event_choices":[],"is_beta":false,"boss_relics":[{"not_picked":["Snecko Eye","Runic Pyramid"],"picked":"Sozu"}],"items_purged_floors":[10],"is_endless":false,"potions_floor_spawned":[4,6,8,11,14],"killed_by":"downfall:FleeingMerchant","ascension_level":1}}