{"host":"kxz5izodaorfb9am","time":1612453266,"event":{"mods":["BaseMod","GifTheSpireLib","Minty Spire (QoL Compilation)","Shop Mod","StSLib"],"gold_per_floor":[119,119,99,2,14,14,48,48,48,80,94,106,31,31,31,102,102,119,119,131,56,75,75,1,20,44,79,4,23,23,23,23,23,23],"floor_reached":33,"language":"ENG","playtime":2068,"items_purged":["Strike_G"],"score":522,"play_id":"270c6b6a-1500-4f9d-828f-e305a0bd3e09","local_time":"20210204164106","is_ascension_mode":true,"campfire_choices":[{"data":"Neutralize","floor":6,"key":"SMITH"},{"data":"Footwork","floor":8,"key":"SMITH"},{"floor":15,"key":"REST"},{"data":"Distraction","floor":23,"key":"SMITH"},{"data":"Noxious Fumes","floor":32,"key":"SMITH"}],"circlet_count":0,"master_deck":["AscendersBane","Strike_G","Strike_G","Defend_G+1","Defend_G","Defend_G","Defend_G","Survivor","Neutralize+1","Cloak And Dagger","Backflip","Footwork+1","Deflect","Underhanded Strike+1","Flying Knee","Blur","Distraction+1","Bouncing Flask","Deflect","Cloak And Dagger","Noxious Fumes+1","Crippling Poison"],"relics":["Ring of the Snake","NeowsBlessing","Meat on the Bone","White Beast Statue","Mummified Hand","Coffee Dripper","Peace Pipe"],"acts_visited":["Exordium","TheCity"],"potions_floor_usage":[10,10,16,16,16,22,25,27,29,33,33],"damage_taken":[{"damage":0,"enemies":"Small Slimes","floor":1,"turns":1},{"damage":0,"enemies":"Cultist","floor":5,"turns":1},{"damage":0,"enemies":"3 Sentries","floor":7,"turns":2},{"damage":40,"enemies":"Gremlin Nob","floor":10,"turns":8},{"damage":0,"enemies":"2 Louse","floor":11,"turns":3},{"damage":0,"enemies":"2 Fungi Beasts","floor":12,"turns":4},{"damage":4,"enemies":"The Guardian","floor":16,"turns":14},{"damage":11,"enemies":"Spheric Guardian","floor":18,"turns":8},{"damage":1,"enemies":"Chosen","floor":20,"turns":6},{"damage":0,"enemies":"Snake Plant","floor":22,"turns":5},{"damage":7,"enemies":"Cultist and Chosen","floor":25,"turns":6},{"damage":18,"enemies":"Book of Stabbing","floor":27,"turns":7},{"damage":0,"enemies":"Centurion and Healer","floor":29,"turns":8},{"damage":24,"enemies":"Champ","floor":33,"turns":14}],"seed_played":"7894370406718766609","potions_obtained":[{"floor":3,"key":"DuplicationPotion"},{"floor":5,"key":"SpeedPotion"},{"floor":10,"key":"Poison Potion"},{"floor":11,"key":"ColorlessPotion"},{"floor":12,"key":"PowerPotion"},{"floor":16,"key":"Fruit Juice"},{"floor":18,"key":"Strength Potion"},{"floor":20,"key":"Fire Potion"},{"floor":22,"key":"Strength Potion"},{"floor":25,"key":"SteroidPotion"},{"floor":27,"key":"Dexterity Potion"},{"floor":29,"key":"GamblersBrew"}],"is_trial":false,"path_per_floor":["M","?","?","$","M","R","E","R","T","E","M","M","?","?","R","B",null,"M","?","M","?","M","R","$","M","T","E","$","M","?","?","R","B"],"character_chosen":"THE_SILENT","items_purchased":["Cloak And Dagger","Backflip","Noxious Fumes"],"campfire_rested":1,"item_purchase_floors":[4,4,24],"current_hp_per_floor":[59,52,52,52,52,52,52,52,52,24,36,36,36,16,35,48,65,54,54,53,53,53,53,53,46,46,40,40,40,40,20,20,0,0],"gold":23,"neow_bonus":"THREE_ENEMY_KILL","is_daily":false,"chose_seed":false,"campfire_upgraded":4,"win_rate":0.0,"timestamp":1612453266,"path_taken":["M","?","?","$","?","R","E","R","T","E","M","M","?","?","R","BOSS","M","?","?","?","M","R","$","M","T","E","?","M","?","?","R","BOSS"],"items_purchased_type":["Card","Card","Card"],"build_version":"2020-12-22","purchased_purges":1,"victory":false,"max_hp_per_floor":[66,66,66,66,66,66,66,66,66,66,66,66,66,66,66,71,71,71,71,71,71,71,71,71,71,71,71,71,71,71,76,76,76,76],"card_choices":[{"not_picked":["Quick Slash","Bane","Dodge and Roll"],"picked":"SKIP","floor":1},{"not_picked":["Well Laid Plans","Acrobatics"],"picked":"Footwork","floor":5},{"not_picked":["Caltrops","Dagger Spray"],"picked":"Deflect","floor":7},{"not_picked":["Finisher","Deadly Poison"],"picked":"Underhanded Strike","floor":10},{"not_picked":["Expertise","Dodge and Roll"],"picked":"Flying Knee","floor":11},{"not_picked":["Phantasmal Killer","Underhanded Strike"],"picked":"Blur","floor":12},{"not_picked":["Phantasmal Killer","Malaise"],"picked":"Bullet Time","floor":16},{"not_picked":["Flying Knee","Acrobatics"],"picked":"Distraction","floor":18},{"not_picked":["Bouncing Flask+1","Dash"],"picked":"Deflect","floor":20},{"not_picked":["Dagger Throw","Concentrate"],"picked":"Cloak And Dagger","floor":22},{"not_picked":["PiercingWail","Slice","Endless Agony"],"picked":"SKIP","floor":25},{"not_picked":["Sucker Punch","Predator"],"picked":"Crippling Poison","floor":27},{"not_picked":["Reflex","Cloak And Dagger","Dodge and Roll"],"picked":"SKIP","floor":29}],"player_experience":265464,"relics_obtained":[{"floor":7,"key":"Meat on the Bone"},{"floor":9,"key":"White Beast Statue"},{"floor":10,"key":"Mummified Hand"},{"floor":27,"key":"Peace Pipe"}],"event_choices":[{"cards_removed":["Strike_G"],"damage_healed":0,"gold_gain":0,"player_choice":"Card Removal","damage_taken":7,"max_hp_gain":0,"max_hp_loss":0,"event_name":"Golden Wing","floor":2,"gold_loss":0},{"damage_healed":0,"gold_gain":0,"player_choice":"Bought 1 Potion","damage_taken":0,"max_hp_gain":0,"max_hp_loss":0,"event_name":"The Woman in Blue","floor":3,"gold_loss":0},{"cards_removed":["Defend_G"],"damage_healed":0,"gold_gain":0,"player_choice":"Card Removal","damage_taken":0,"max_hp_gain":0,"max_hp_loss":0,"event_name":"The Cleric","floor":13,"gold_loss":75},{"damage_healed":0,"gold_gain":0,"player_choice":"Entered Light","damage_taken":20,"max_hp_gain":0,"max_hp_loss":0,"event_name":"Shining Light","floor":14,"gold_loss":0,"cards_upgraded":["Underhanded Strike","Defend_G"]},{"damage_healed":0,"gold_gain":0,"cards_transformed":["Bullet Time"],"player_choice":"Transformed","damage_taken":0,"max_hp_gain":0,"max_hp_loss":0,"event_name":"Transmorgrifier","floor":19,"gold_loss":0,"cards_obtained":["Bouncing Flask"]},{"cards_removed":["Strike_G"],"damage_healed":0,"gold_gain":0,"player_choice":"Gave Gold","damage_taken":0,"max_hp_gain":0,"max_hp_loss":0,"event_name":"Beggar","floor":21,"gold_loss":75},{"damage_healed":0,"gold_gain":0,"player_choice":"Ignored","damage_taken":0,"max_hp_gain":0,"max_hp_loss":0,"event_name":"Vampires","floor":30,"gold_loss":0},{"damage_healed":0,"gold_gain":0,"player_choice":"Shed Blood","damage_taken":25,"max_hp_gain":5,"max_hp_loss":0,"event_name":"Forgotten Altar","floor":31,"gold_loss":0}],"is_beta":false,"boss_relics":[{"not_picked":["SlaversCollar","Snecko Eye"],"picked":"Coffee Dripper"}],"items_purged_floors":[28],"is_endless":false,"potions_floor_spawned":[5,10,11,12,16,18,20,22,25,27,29],"killed_by":"Champ","ascension_level":15}}