{"host":"oor112x12afcc54z","time":1612423775,"event":{"mods":["AchievementEnabler","BaseMod","DeckTracker","Keyboard Shortcuts","Minty Spire (QoL Compilation)","SuperFastMode"],"gold_per_floor":[20,20,36,51,62,62,77,77,77,77,152,165,199,199,199,199,199],"floor_reached":16,"language":"KOR","playtime":370,"items_purged":[],"score":204,"play_id":"f9b75b0f-eb15-4574-b6fa-6fcf46f0ac74","local_time":"20210204162935","is_ascension_mode":true,"campfire_choices":[{"data":"Neutralize","floor":6,"key":"SMITH"},{"data":"Blade Dance","floor":8,"key":"SMITH"},{"data":"Dagger Spray","floor":10,"key":"SMITH"},{"floor":15,"key":"REST"}],"circlet_count":0,"master_deck":["AscendersBane","Strike_G","Strike_G","Strike_G","Strike_G","Strike_G","Defend_G","Defend_G","Defend_G","Defend_G","Defend_G","Survivor","Neutralize+1","Dagger Spray+1","PiercingWail","Calculated Gamble","Blade Dance+1","Venomology"],"relics":["Ring of the Snake","Mango","Eternal Feather","White Beast Statue","Pear","Golden Idol"],"acts_visited":["Exordium"],"potions_floor_usage":[13,16,16,16],"damage_taken":[{"damage":4,"enemies":"Small Slimes","floor":1,"turns":4},{"damage":6,"enemies":"Cultist","floor":3,"turns":3},{"damage":2,"enemies":"Jaw Worm","floor":4,"turns":4},{"damage":11,"enemies":"2 Fungi Beasts","floor":5,"turns":5},{"damage":9,"enemies":"Exordium Wildlife","floor":7,"turns":4},{"damage":14,"enemies":"Exordium Thugs","floor":12,"turns":6},{"damage":40,"enemies":"3 Sentries","floor":13,"turns":10},{"damage":49,"enemies":"Slime Boss","floor":16,"turns":9}],"seed_played":"-9112641779626969931","potions_obtained":[{"floor":1,"key":"EssenceOfSteel"},{"floor":12,"key":"Swift Potion"}],"is_trial":false,"path_per_floor":["M","?","M","M","M","R","M","R","T","R","?","M","E","?","R","B"],"character_chosen":"THE_SILENT","items_purchased":[],"campfire_rested":1,"item_purchase_floors":[],"current_hp_per_floor":[69,69,63,61,50,59,50,59,59,68,57,43,13,13,46,0,0],"gold":199,"neow_bonus":"ONE_RARE_RELIC","is_daily":false,"chose_seed":false,"campfire_upgraded":3,"win_rate":0.0,"timestamp":1612423775,"path_taken":["M","?","M","M","M","R","?","R","T","R","?","M","E","?","R","BOSS"],"items_purchased_type":[],"build_version":"2020-12-22","purchased_purges":0,"victory":false,"max_hp_per_floor":[80,80,80,80,80,80,80,80,80,80,80,80,90,81,81,81,81],"card_choices":[{"not_picked":["Heel Hook","Slice"],"picked":"Dagger Spray","floor":1},{"not_picked":["Flechettes","Predator","Expertise"],"picked":"SKIP","floor":3},{"not_picked":["Flying Knee","Deflect"],"picked":"PiercingWail","floor":4},{"not_picked":["Acrobatics","Catalyst"],"picked":"Calculated Gamble","floor":5},{"not_picked":["Predator","Bouncing Flask"],"picked":"Blade Dance","floor":7},{"not_picked":["Blur","Footwork"],"picked":"Venomology","floor":12},{"not_picked":["Dodge and Roll","Tactician","Poisoned Stab"],"picked":"SKIP","floor":13}],"player_experience":441951,"relics_obtained":[{"floor":2,"key":"Eternal Feather"},{"floor":9,"key":"White Beast Statue"},{"floor":13,"key":"Pear"}],"event_choices":[{"damage_healed":0,"gold_gain":0,"player_choice":"Relic","damage_taken":0,"max_hp_gain":0,"max_hp_loss":0,"event_name":"Wheel of Change","floor":2,"gold_loss":0},{"damage_healed":0,"gold_gain":75,"player_choice":"Gather Gold","damage_taken":11,"max_hp_gain":0,"max_hp_loss":0,"event_name":"World of Goop","floor":11,"gold_loss":0},{"damage_healed":0,"gold_gain":0,"player_choice":"Lose Max HP","damage_taken":0,"relics_obtained":["Golden Idol"],"max_hp_gain":0,"max_hp_loss":9,"event_name":"Golden Idol","floor":14,"gold_loss":0}],"is_beta":false,"boss_relics":[],"items_purged_floors":[],"is_endless":false,"potions_floor_spawned":[1,12,13],"killed_by":"Slime Boss","ascension_level":20}}