{"host":"dvdvdvm357cut69v","time":1612465439,"event":{"mods":["BaseMod","Minty Spire (QoL Compilation)","Replay The Spire","StSLib"],"gold_per_floor":[364,52,68,68,84,116,116,64,87,106,106,122,132,165,165,267,267,283,27,27,30,30,30,49,69,94,94,110,210,238,248,248,348,348,363,373,63,82,157,157,185,185,185,204,214,224,243,253,253,253,253],"floor_reached":50,"language":"ENG","playtime":2468,"items_purged":["Strike_G","Strike_R"],"score":710,"play_id":"f66f4208-4459-4952-9813-e787b461f189","local_time":"20210204220359","is_ascension_mode":false,"campfire_choices":[{"floor":7,"key":"REST"},{"floor":15,"key":"REST"},{"data":"Mirror Shield","floor":23,"key":"SMITH"},{"floor":27,"key":"RECALL"},{"floor":32,"key":"REST"},{"floor":40,"key":"REST"},{"floor":42,"key":"REST"},{"floor":49,"key":"REST"}],"circlet_count":0,"master_deck":["Strike_R","Strike_R","Strike_R+1","Strike_R+1","Defend_R","Defend_R","Defend_R","Defend_R","Bash","Flex","Ghostly Armor","Twin Strike","Iron Wave","Replay:ManipulateFuture","Sweeping Beam","Steam","Evolve+1","After Image","Ball Lightning","Redo","Stack","Outmaneuver","Mirror Shield+1","Trip","Shrug It Off","Coolheaded","ReplayTheSpireMod:Tripwire","ReplayTheSpireMod:Limb From Limb","Corpse Explosion","Hologram+1","Tempest+1","Coolheaded+1","Double Energy+1","Amplify","Parasite","Time Bomb+1","Crystallizer+1","ReplayTheSpireMod:Tripwire"],"relics":["Burning Blood","PrismaticShard","Dream Catcher","Boot","Nunchaku","Snecko Eye","Anchor","Oddly Smooth Stone","Bronze Scales","SacredBark","FossilizedHelix","Vajra","Bag of Marbles","Ginger"],"acts_visited":["TheCity","TheBeyond"],"potions_floor_usage":[14,30,31,33,48,50,50],"damage_taken":[{"damage":5,"enemies":"2 Louse","floor":1,"turns":4},{"damage":1,"enemies":"Cultist","floor":3,"turns":3},{"damage":5,"enemies":"Small Slimes","floor":5,"turns":3},{"damage":42,"enemies":"Lagavulin","floor":6,"turns":11},{"damage":2,"enemies":"3 Louse","floor":10,"turns":4},{"damage":12,"enemies":"Red Slaver","floor":12,"turns":4},{"damage":19,"enemies":"Gremlin Gang","floor":13,"turns":4},{"damage":20,"enemies":"Gremlin Nob","floor":14,"turns":5},{"damage":37,"enemies":"The Guardian","floor":16,"turns":16},{"damage":8,"enemies":"Shell Parasite","floor":18,"turns":9},{"damage":11,"enemies":"2 Thieves","floor":21,"turns":4},{"damage":11,"enemies":"Snecko","floor":24,"turns":6},{"damage":0,"enemies":"Centurion and Healer","floor":25,"turns":6},{"damage":1,"enemies":"Cultist and Chosen","floor":28,"turns":8},{"damage":13,"enemies":"Replay:Snechameleon","floor":30,"turns":6},{"damage":24,"enemies":"Chosen and Byrds","floor":31,"turns":8},{"damage":19,"enemies":"Pondfish","floor":33,"turns":12},{"damage":0,"enemies":"3 Shapes","floor":35,"turns":3},{"damage":0,"enemies":"Orb Walker","floor":36,"turns":4},{"damage":0,"enemies":"Transient","floor":38,"turns":5},{"damage":20,"enemies":"Reptomancer","floor":41,"turns":7},{"damage":5,"enemies":"Writhing Mass","floor":44,"turns":5},{"damage":0,"enemies":"4 Shapes","floor":45,"turns":5},{"damage":28,"enemies":"3 Darklings","floor":46,"turns":4},{"damage":0,"enemies":"Maw","floor":47,"turns":8},{"damage":27,"enemies":"Sphere and 2 Shapes","floor":48,"turns":6},{"damage":70,"enemies":"Donu and Deca","floor":50,"turns":6}],"seed_played":"-1525407769289774127","potions_obtained":[{"floor":1,"key":"Flashbang"},{"floor":6,"key":"SmokeBomb"},{"floor":14,"key":"Milkshake"},{"floor":16,"key":"Adrenaline Potion"},{"floor":25,"key":"FearPotion"},{"floor":30,"key":"BloodPotion"},{"floor":31,"key":"Energy Potion"},{"floor":35,"key":"ColorlessPotion"},{"floor":44,"key":"CultistPotion"}],"is_trial":false,"path_per_floor":["M","$","M","?","M","E","R","$","T","M","?","M","M","E","R","B",null,"M","$","?","M","$","R","M","M","T","R","M","?","E","M","R","B",null,"M","M","$","M","?","R","E","R","T","M","M","M","M","M","R","B"],"character_chosen":"IRONCLAD","items_purchased":["PrismaticShard","Ghostly Armor","Twin Strike","Evolve+1","Anchor","FossilizedHelix"],"campfire_rested":6,"item_purchase_floors":[2,2,2,8,19,37],"current_hp_per_floor":[80,80,80,80,80,44,68,68,68,72,56,50,37,23,47,16,80,78,78,66,61,61,61,56,62,62,62,67,67,60,58,80,67,80,80,80,80,80,60,80,66,80,80,80,80,58,64,43,67,0,0],"gold":253,"neow_bonus":"TWO_FIFTY_GOLD","is_daily":false,"chose_seed":false,"campfire_upgraded":1,"win_rate":0.0,"timestamp":1612465439,"path_taken":["M","$","M","?","M","E","R","?","T","M","?","M","M","E","R","BOSS","M","$","?","?","?","R","M","M","T","R","?","?","E","M","R","BOSS","M","?","$","M","?","R","E","R","T","M","M","M","M","M","R","BOSS"],"items_purchased_type":["Relic","Card","Card","Card","Relic","Relic"],"build_version":"2020-12-13","purchased_purges":2,"victory":false,"max_hp_per_floor":[80,80,80,80,80,80,80,80,80,80,80,80,80,80,80,80,80,80,80,80,80,80,80,80,80,80,80,80,80,80,80,80,80,80,80,80,80,80,80,80,80,80,80,80,80,80,80,80,80,80,80],"card_choices":[{"not_picked":["Seeing Red","Perfected Strike"],"picked":"Flex","floor":1},{"not_picked":["Tactician","EmptyBody"],"picked":"Iron Wave","floor":3},{"not_picked":["Beam Cell","Clash"],"picked":"Replay:ManipulateFuture","floor":5},{"not_picked":["Impatience","Halt"],"picked":"Sweeping Beam","floor":6},{"not_picked":["WheelKick","Replay:ManipulateFuture"],"picked":"Steam","floor":7},{"not_picked":["Bouncing Flask","ReplayTheSpireMod:Tripwire"],"picked":"After Image","floor":10},{"not_picked":["Study","Dodge and Roll"],"picked":"Ball Lightning","floor":12},{"not_picked":["ReplayTheSpireMod:Strike From Hell","Weave"],"picked":"Redo","floor":13},{"not_picked":["Secret Weapon","Bouncing Flask"],"picked":"Stack","floor":14},{"not_picked":["Quick Slash","ReplayTheSpireMod:Repulse"],"picked":"Outmaneuver","floor":15},{"not_picked":["Thunder Strike","Thinking Ahead"],"picked":"Mirror Shield","floor":16},{"not_picked":["Slice+1","ReplayTheSpireMod:Repulse","Good Instincts+1"],"picked":"SKIP","floor":18},{"not_picked":["ReplayTheSpireMod:Strike From Hell","ReplayTheSpireMod:Repulse"],"picked":"Shrug It Off","floor":21},{"not_picked":["Prepared+1","Wild Strike","FlurryOfBlows"],"picked":"SKIP","floor":24},{"not_picked":["Iron Wave+1","Consecrate+1","Beam Cell"],"picked":"SKIP","floor":25},{"not_picked":["Acrobatics","Terror"],"picked":"Coolheaded","floor":28},{"not_picked":["Blood for Blood+1","Leap"],"picked":"ReplayTheSpireMod:Tripwire","floor":30},{"not_picked":["Secret Weapon","Power Through","Clash"],"picked":"SKIP","floor":31},{"not_picked":["Steam","Thunderclap"],"picked":"ReplayTheSpireMod:Limb From Limb","floor":32},{"not_picked":["Devotion","Secret Technique"],"picked":"Corpse Explosion","floor":33},{"not_picked":["Cleave+1","Compile Driver+1"],"picked":"Hologram+1","floor":35},{"not_picked":["BowlingBash","Wild Strike"],"picked":"Tempest+1","floor":36},{"not_picked":["Burning Pact","Replay:BluntJabs"],"picked":"Coolheaded+1","floor":38},{"not_picked":["Redo+1","Crescendo"],"picked":"Double Energy+1","floor":40},{"not_picked":["Deep Breath","Armaments"],"picked":"Amplify","floor":41},{"not_picked":["Headbutt+1","Static Discharge"],"picked":"Time Bomb+1","floor":44},{"not_picked":["ReplayTheSpireMod:Corrosion Curse","FlyingSleeves+1","Hyperbeam"],"picked":"SKIP","floor":45},{"not_picked":["Deadly Poison","Cleave+1","Thunderclap+1"],"picked":"SKIP","floor":46},{"not_picked":["Infernal Blade+1","Escape Plan+1"],"picked":"Crystallizer+1","floor":47},{"not_picked":["Twin Strike+1","Deadly Poison+1","EmptyFist"],"picked":"SKIP","floor":48},{"not_picked":["Tantrum+1","Sweeping Beam"],"picked":"ReplayTheSpireMod:Tripwire","floor":49}],"player_experience":114235,"relics_obtained":[{"floor":6,"key":"Dream Catcher"},{"floor":9,"key":"Boot"},{"floor":14,"key":"Nunchaku"},{"floor":26,"key":"Oddly Smooth Stone"},{"floor":30,"key":"Bronze Scales"},{"floor":39,"key":"Vajra"},{"floor":41,"key":"Bag of Marbles"},{"floor":43,"key":"Ginger"}],"event_choices":[{"cards_removed":["Defend_R"],"damage_healed":0,"gold_gain":0,"player_choice":"Purged","damage_taken":0,"max_hp_gain":0,"max_hp_loss":0,"event_name":"Purifier","floor":4,"gold_loss":0},{"damage_healed":0,"gold_gain":0,"player_choice":"Entered Light","damage_taken":16,"max_hp_gain":0,"max_hp_loss":0,"event_name":"Shining Light","floor":11,"gold_loss":0,"cards_upgraded":["Strike_R","Strike_R"]},{"damage_healed":0,"gold_gain":0,"player_choice":"CARD ","damage_taken":12,"max_hp_gain":0,"max_hp_loss":0,"event_name":"Knowing Skull","floor":20,"potions_obtained":[],"gold_loss":0,"cards_obtained":["Trip"]},{"damage_healed":0,"gold_gain":100,"player_choice":"Pray","damage_taken":0,"max_hp_gain":0,"max_hp_loss":0,"event_name":"Golden Shrine","floor":29,"gold_loss":0}],"is_beta":false,"boss_relics":[{"not_picked":["Cursed Key","Runic Cube"],"picked":"Snecko Eye"},{"not_picked":["Sozu","Fusion Hammer"],"picked":"SacredBark"}],"items_purged_floors":[2,19],"is_endless":false,"potions_floor_spawned":[1,6,14,16,25,30,31,35,41,44,47],"killed_by":"Donu and Deca","ascension_level":0}}