{"host":"08yfhu6uhosdn245","time":1612416845,"event":{"mods":["2.2 Compatiblity","BaseMod","Bestiary","Colored Map","Colored Powertips","Curses Come First","Highlight Path","Minty Spire (QoL Compilation)","Quick Restart","Relic Stats","StSLib"],"gold_per_floor":[12,25,36,53,53,87,104,104,129,129,129,166,185,33,33,144,144,164,209,77,77,103,103,124,133,159,203,203,223,244,244,244,244,244],"floor_reached":33,"language":"ENG","playtime":1954,"items_purged":["Regret"],"score":330,"play_id":"6b45255b-8b66-4b4e-92a4-d8ba3ea3b916","local_time":"20210204003405","is_ascension_mode":true,"campfire_choices":[{"data":"Searing Blow","floor":8.0,"key":"SMITH"},{"data":"Searing Blow+1","floor":10.0,"key":"SMITH"},{"data":"Searing Blow+2","floor":15.0,"key":"SMITH"},{"data":"Searing Blow+3","floor":23,"key":"SMITH"},{"data":"Searing Blow+4","floor":28,"key":"SMITH"},{"data":"Fiend Fire","floor":32,"key":"SMITH"}],"circlet_count":0,"master_deck":["Defend_R+1","Defend_R+1","Defend_R+1","Defend_R","Bash","Fire Breathing","Spot Weakness","Bloodletting","Infernal Blade","Searing Blow+5","Armaments","Burning Pact","Infernal Blade","Wild Strike","Fiend Fire+1","Pommel Strike+1","Bite","Bite+1","Bite","Bite","Bite","Sword Boomerang","Wild Strike+1","Warcry","Necronomicurse","Sword Boomerang","Feed","Pommel Strike+1"],"relics":["Burning Blood","FossilizedHelix","War Paint","Vajra","CeramicFish","Strawberry","Membership Card","Runic Pyramid","Toy Ornithopter","Necronomicon","Whetstone","Bottled Flame"],"acts_visited":["Exordium","TheCity"],"potions_floor_usage":[16,16,21,22,27,33,33],"damage_taken":[{"damage":0.0,"enemies":"Cultist","floor":1.0,"turns":3.0},{"damage":0.0,"enemies":"Small Slimes","floor":2.0,"turns":3.0},{"damage":0.0,"enemies":"2 Louse","floor":3.0,"turns":3.0},{"damage":15.0,"enemies":"Large Slime","floor":4.0,"turns":7.0},{"damage":22.0,"enemies":"3 Sentries","floor":6.0,"turns":6.0},{"damage":15.0,"enemies":"Gremlin Gang","floor":7.0,"turns":5.0},{"damage":17.0,"enemies":"Gremlin Nob","floor":12.0,"turns":3.0},{"damage":0.0,"enemies":"Blue Slaver","floor":13.0,"turns":5.0},{"damage":31,"enemies":"Hexaghost","floor":16,"turns":10},{"damage":18,"enemies":"3 Byrds","floor":18,"turns":6},{"damage":12,"enemies":"2 Thieves","floor":22,"turns":4},{"damage":1,"enemies":"Centurion and Healer","floor":24,"turns":6},{"damage":31,"enemies":"Book of Stabbing","floor":27,"turns":5},{"damage":20,"enemies":"Cultist and Chosen","floor":29,"turns":5},{"damage":13,"enemies":"3 Cultists","floor":30,"turns":4},{"damage":54,"enemies":"Automaton","floor":33,"turns":6}],"seed_played":"-3533433782386763549","potions_obtained":[{"floor":2.0,"key":"Swift Potion"},{"floor":3.0,"key":"SpeedPotion"},{"floor":6.0,"key":"BlessingOfTheForge"},{"floor":12.0,"key":"SpeedPotion"},{"floor":18,"key":"GamblersBrew"},{"floor":21,"key":"Fruit Juice"},{"floor":21,"key":"ElixirPotion"},{"floor":21,"key":"Energy Potion"},{"floor":27,"key":"SteroidPotion"},{"floor":30,"key":"Dexterity Potion"}],"is_trial":false,"path_per_floor":["M","M","M","M","?","E","M","R","T","R","?","E","M","$","R","B",null,"M","?","$","?","M","R","M","?","T","E","R","M","M","?","R","B"],"character_chosen":"IRONCLAD","items_purchased":["Membership Card","Wild Strike","Toy Ornithopter","Sword Boomerang"],"campfire_rested":0,"item_purchase_floors":[14,14,20,20],"current_hp_per_floor":[80,80,80,71,71,55,46,46,46,46,30,26,32,32,32,7,87,75,60,60,65,65,65,65,49,49,35,35,25,27,27,27,0,0],"gold":244,"neow_bonus":"ONE_RARE_RELIC","is_daily":false,"chose_seed":false,"campfire_upgraded":6,"win_rate":0.0,"timestamp":1612416845,"path_taken":["M","?","M","?","?","E","M","R","T","R","?","E","M","$","R","BOSS","M","?","$","?","M","R","?","?","T","E","R","M","M","?","R","BOSS"],"items_purchased_type":["Relic","Card","Relic","Card"],"build_version":"2020-12-22","purchased_purges":1,"victory":false,"max_hp_per_floor":[80,80,80,80,80,80,80,80,80,80,80,87,87,87,87,87,87,87,60,60,65,65,65,65,65,65,65,65,65,68,68,68,68,68],"relic_stats":{"counters":[16,81],"CeramicFish":153,"Necronomicon":[7],"Whetstone":["Wild Strike","Bite"],"War Paint":["Defend_R","Defend_R"],"obtain_stats":[{"Bottled Flame":27,"CeramicFish":9,"Strawberry":12,"Vajra":6,"Necronomicon":25,"Membership Card":14,"Whetstone":26,"War Paint":5,"Burning Blood":0,"FossilizedHelix":0,"Toy Ornithopter":20,"Runic Pyramid":17},{"Bottled Flame":13,"CeramicFish":6,"Strawberry":7,"Vajra":5,"Necronomicon":12,"Membership Card":8,"Whetstone":12,"War Paint":4,"Burning Blood":0,"FossilizedHelix":0,"Toy Ornithopter":10,"Runic Pyramid":9},{"Bottled Flame":66,"CeramicFish":27,"Strawberry":30,"Vajra":22,"Necronomicon":61,"Membership Card":35,"Whetstone":61,"War Paint":16,"Burning Blood":0,"FossilizedHelix":0,"Toy Ornithopter":51,"Runic Pyramid":45}],"Burning Blood":61,"Toy Ornithopter":20},"card_choices":[{"not_picked":["Clash","Ghostly Armor"],"picked":"Fire Breathing","floor":1.0},{"not_picked":["Perfected Strike","Warcry"],"picked":"Spot Weakness","floor":2.0},{"not_picked":["Anger","Feel No Pain"],"picked":"Bloodletting","floor":3.0},{"not_picked":["Fire Breathing","Havoc"],"picked":"Infernal Blade","floor":4.0},{"not_picked":["True Grit","Warcry"],"picked":"Searing Blow","floor":6.0},{"not_picked":["Twin Strike","Anger"],"picked":"Armaments","floor":7.0},{"not_picked":["Clash","Barricade"],"picked":"Burning Pact","floor":12.0},{"not_picked":["Cleave","Anger"],"picked":"Infernal Blade","floor":13.0},{"not_picked":["Bludgeon","Barricade"],"picked":"Fiend Fire","floor":16},{"not_picked":["Hemokinesis+1","Thunderclap"],"picked":"Pommel Strike+1","floor":18},{"not_picked":["Searing Blow","Perfected Strike+1"],"picked":"Wild Strike","floor":22},{"not_picked":["Body Slam+1","Flex+1"],"picked":"Warcry","floor":24},{"not_picked":["Carnage","Fire Breathing"],"picked":"Sword Boomerang","floor":27},{"not_picked":["Hemokinesis+1","Body Slam"],"picked":"Feed","floor":29},{"not_picked":["Pummel+1","Intimidate"],"picked":"Pommel Strike+1","floor":30}],"player_experience":354219,"relics_obtained":[{"floor":6.0,"key":"Vajra"},{"floor":9.0,"key":"CeramicFish"},{"floor":12.0,"key":"Strawberry"},{"floor":25,"key":"Necronomicon"},{"floor":26,"key":"Whetstone"},{"floor":27,"key":"Bottled Flame"}],"event_choices":[{"damage_healed":0.0,"max_hp_gain":0.0,"max_hp_loss":0.0,"gold_gain":0.0,"event_name":"Big Fish","player_choice":"Box","floor":5.0,"gold_loss":0.0,"damage_taken":0.0,"relics_obtained":["War Paint"],"cards_obtained":["Regret"]},{"damage_healed":0.0,"max_hp_gain":0.0,"max_hp_loss":0.0,"gold_gain":0.0,"event_name":"Shining Light","player_choice":"Entered Light","floor":11.0,"gold_loss":0.0,"damage_taken":16.0,"cards_upgraded":["Strike_R","Defend_R"]},{"damage_healed":0,"gold_gain":0,"player_choice":"Became a vampire","damage_taken":0,"max_hp_gain":0,"max_hp_loss":27,"event_name":"Vampires","floor":19,"gold_loss":0,"cards_obtained":["Bite","Bite","Bite","Bite","Bite"]},{"damage_healed":0,"gold_gain":0,"player_choice":"Got Potions","damage_taken":0,"max_hp_gain":0,"max_hp_loss":0,"event_name":"Lab","floor":21,"gold_loss":0},{"damage_healed":0,"gold_gain":0,"player_choice":"Obtained Book","damage_taken":16,"max_hp_gain":0,"max_hp_loss":0,"event_name":"Cursed Tome","floor":25,"gold_loss":0},{"damage_healed":0,"gold_gain":0,"player_choice":"Ignored","damage_taken":0,"max_hp_gain":0,"max_hp_loss":0,"event_name":"N\u0027loth","floor":31,"gold_loss":0}],"is_beta":false,"boss_relics":[{"not_picked":["Coffee Dripper","Busted Crown"],"picked":"Runic Pyramid"}],"items_purged_floors":[20],"is_endless":false,"potions_floor_spawned":[2,3,6,12,18,27,30],"killed_by":"Automaton","ascension_level":2}}