{"host":"x5w9zppki4gdwvc7","time":1612421571,"event":{"mods":["AchievementEnabler","BaseMod","Colored Powertips","DeckTracker","Minty Spire (QoL Compilation)","Relic Sorter"],"gold_per_floor":[109,121,46,46,65,65,98,98,98,98,115,135,135,148,148,249,249,231,248,258,273,473,473,473],"floor_reached":23,"language":"ENG","playtime":1219,"items_purged":["Writhe"],"score":234,"play_id":"ad86cb11-3a5e-4e96-b00d-d7bdad18ab53","local_time":"20210204075251","is_ascension_mode":true,"campfire_choices":[{"data":"Shockwave","floor":6,"key":"SMITH"},{"data":"Strike_R","floor":8,"key":"PURGE"},{"data":"True Grit","floor":13,"key":"SMITH"},{"floor":15,"key":"REST"}],"circlet_count":0,"master_deck":["Strike_R","Strike_R","Strike_R","Defend_R","Defend_R","Defend_R","Defend_R","Bash","Warcry","Anger","Shockwave+1","True Grit+1","Burning Pact","Rage+1"],"relics":["Burning Blood","Dead Branch","Peace Pipe","Bird Faced Urn","Black Star"],"acts_visited":["Exordium","TheCity"],"potions_floor_usage":[14,16,18],"damage_taken":[{"damage":12,"enemies":"Jaw Worm","floor":1,"turns":3},{"damage":0,"enemies":"2 Louse","floor":2,"turns":3},{"damage":6,"enemies":"Cultist","floor":5,"turns":3},{"damage":25,"enemies":"3 Sentries","floor":7,"turns":5},{"damage":28,"enemies":"Gremlin Gang","floor":11,"turns":4},{"damage":15,"enemies":"Exordium Wildlife","floor":12,"turns":6},{"damage":12,"enemies":"3 Louse","floor":14,"turns":4},{"damage":38,"enemies":"Hexaghost","floor":16,"turns":9},{"damage":29,"enemies":"2 Thieves","floor":18,"turns":4},{"damage":15,"enemies":"3 Byrds","floor":19,"turns":6},{"damage":6,"enemies":"Snecko","floor":20,"turns":4},{"damage":45,"enemies":"3 Cultists","floor":21,"turns":7},{"damage":28,"enemies":"Slavers","floor":23,"turns":3}],"seed_played":"9149617203974120229","potions_obtained":[{"floor":7,"key":"Weak Potion"},{"floor":11,"key":"Energy Potion"},{"floor":12,"key":"Fruit Juice"},{"floor":18,"key":"Dexterity Potion"},{"floor":21,"key":"Ancient Potion"}],"is_trial":false,"path_per_floor":["M","M","$","?","M","R","E","R","T","?","M","M","R","M","R","B",null,"M","M","M","M","?","E"],"character_chosen":"IRONCLAD","items_purchased":[],"campfire_rested":1,"item_purchase_floors":[],"current_hp_per_floor":[74,80,80,80,80,80,61,61,61,61,39,32,32,33,58,30,85,62,59,61,22,22,0,0],"gold":473,"neow_bonus":"ONE_RARE_RELIC","is_daily":false,"chose_seed":false,"campfire_upgraded":2,"win_rate":0.0,"timestamp":1612421571,"path_taken":["M","M","$","?","M","R","E","R","T","?","M","M","R","?","R","BOSS","M","?","M","M","?","E"],"items_purchased_type":[],"build_version":"2020-12-22","purchased_purges":1,"victory":false,"max_hp_per_floor":[80,80,80,80,80,80,80,80,80,80,80,80,80,85,85,85,85,85,85,85,85,85,85,85],"card_choices":[{"not_picked":["Perfected Strike","Cleave"],"picked":"Warcry","floor":1},{"not_picked":["Pommel Strike","Metallicize"],"picked":"Anger","floor":2},{"not_picked":["Dark Embrace","Rampage"],"picked":"Shockwave","floor":5},{"not_picked":["Flex","Armaments","Havoc"],"picked":"SKIP","floor":7},{"not_picked":["Warcry","Rupture"],"picked":"True Grit","floor":11},{"not_picked":["Clash","True Grit"],"picked":"Burning Pact","floor":12},{"not_picked":["Heavy Blade","Clash","Anger"],"picked":"SKIP","floor":14},{"not_picked":["Ghostly Armor+1","Shockwave+1"],"picked":"Rage+1","floor":18},{"not_picked":["Combust+1","Dark Embrace","Perfected Strike+1"],"picked":"SKIP","floor":19},{"not_picked":["Flex+1","Iron Wave","Sword Boomerang+1"],"picked":"SKIP","floor":20},{"not_picked":["Sword Boomerang","Wild Strike","Cleave"],"picked":"SKIP","floor":21}],"player_experience":447609,"relics_obtained":[{"floor":7,"key":"Peace Pipe"},{"floor":9,"key":"Bird Faced Urn"}],"event_choices":[{"damage_healed":0,"gold_gain":0,"player_choice":"Leave","damage_taken":0,"max_hp_gain":0,"max_hp_loss":0,"event_name":"The Cleric","floor":4,"gold_loss":0},{"cards_removed":["Strike_R"],"damage_healed":0,"gold_gain":0,"player_choice":"Offered Basic","damage_taken":0,"max_hp_gain":0,"max_hp_loss":0,"event_name":"Bonfire Elementals","floor":10,"gold_loss":0},{"damage_healed":0,"gold_gain":200,"player_choice":"Gold","damage_taken":0,"max_hp_gain":0,"max_hp_loss":0,"event_name":"Wheel of Change","floor":22,"gold_loss":0}],"is_beta":false,"boss_relics":[{"not_picked":["SacredBark","Pandora\u0027s Box"],"picked":"Black Star"}],"items_purged_floors":[3],"is_endless":false,"potions_floor_spawned":[7,11,12,18,21],"killed_by":"Slavers","ascension_level":4}}