{"host":"qrt7o4dq2qslzw13","time":1612427456,"event":{"mods":["AchievementEnabler","BaseMod","Colored Map","Colored Powertips","Minty Spire (QoL Compilation)","Quick Restart","StSLib","SuperFastMode"],"gold_per_floor":[112,112,112,131,131,131,151,151,151,163,179,21,35,35,35],"floor_reached":14,"language":"ENG","playtime":199,"items_purged":[],"score":94,"play_id":"0d34bc7a-997b-4b4b-9f80-df1d0ce3d0cc","local_time":"20210204033056","is_ascension_mode":true,"campfire_choices":[{"floor":6.0,"key":"REST"},{"data":"Dualcast","floor":8.0,"key":"SMITH"}],"circlet_count":0,"master_deck":["Strike_B","Strike_B","Strike_B","Strike_B","Defend_B","Defend_B","Defend_B","Defend_B","Zap","Dualcast+1","Barrage+1","Regret","Lockon+1","Hyperbeam+1","Core Surge+1","Turbo","Leap","Chaos","Capacitor","Hologram","Sunder+1"],"relics":["Cracked Core","Ginger","Molten Egg 2","Pantograph"],"acts_visited":["Exordium"],"potions_floor_usage":[14,14,14],"damage_taken":[{"damage":21.0,"enemies":"Small Slimes","floor":1.0,"turns":3.0},{"damage":8.0,"enemies":"Cultist","floor":4.0,"turns":4.0},{"damage":0.0,"enemies":"Jaw Worm","floor":7.0,"turns":1.0},{"damage":10.0,"enemies":"Exordium Wildlife","floor":10.0,"turns":3.0},{"damage":0.0,"enemies":"Large Slime","floor":11.0,"turns":3.0},{"damage":17.0,"enemies":"Looter","floor":13.0,"turns":3.0},{"damage":32,"enemies":"Lagavulin","floor":14,"turns":3}],"seed_played":"-3642074467128332590","potions_obtained":[{"floor":4.0,"key":"LiquidMemories"},{"floor":11.0,"key":"GamblersBrew"},{"floor":13.0,"key":"Explosive Potion"}],"is_trial":false,"path_per_floor":["M","?","?","M","?","R","M","R","T","M","M","$","M","E"],"character_chosen":"DEFECT","items_purchased":["Chaos","Capacitor","Hologram"],"campfire_rested":1,"item_purchase_floors":[12,12,12],"current_hp_per_floor":[47,47,47,39,39,59,59,59,59,49,49,49,32,0,0],"gold":35,"neow_bonus":"ONE_RARE_RELIC","is_daily":false,"chose_seed":false,"campfire_upgraded":1,"win_rate":0.0,"timestamp":1612427456,"path_taken":["M","?","?","M","?","R","?","R","T","?","?","$","M","E"],"items_purchased_type":["Card","Card","Card"],"build_version":"2020-12-22","purchased_purges":0,"victory":false,"max_hp_per_floor":[68,68,68,68,68,68,68,68,68,68,68,68,68,68,68],"card_choices":[{"not_picked":["Gash","Turbo"],"picked":"Barrage","floor":1.0},{"not_picked":["Steam","Leap"],"picked":"Lockon+1","floor":4.0},{"not_picked":["Darkness","Stack"],"picked":"Core Surge+1","floor":7.0},{"not_picked":["Stack","Redo"],"picked":"Turbo","floor":10.0},{"not_picked":["Barrage+1","Stack"],"picked":"Leap","floor":11.0},{"not_picked":["Hello World","Turbo"],"picked":"Sunder+1","floor":13.0}],"player_experience":618346,"relics_obtained":[{"floor":9.0,"key":"Pantograph"}],"event_choices":[{"damage_healed":0.0,"max_hp_gain":0.0,"max_hp_loss":0.0,"gold_gain":0.0,"event_name":"Living Wall","player_choice":"Grow","floor":2.0,"gold_loss":0.0,"damage_taken":0.0,"cards_upgraded":["Barrage"]},{"damage_healed":0.0,"max_hp_gain":0.0,"max_hp_loss":0.0,"gold_gain":0.0,"event_name":"Big Fish","player_choice":"Box","floor":3.0,"gold_loss":0.0,"damage_taken":0.0,"relics_obtained":["Molten Egg 2"],"cards_obtained":["Regret"]},{"damage_healed":0.0,"max_hp_gain":0.0,"max_hp_loss":0.0,"gold_gain":0.0,"event_name":"Match and Keep!","player_choice":"1 cards matched","floor":5.0,"gold_loss":0.0,"damage_taken":0.0,"cards_obtained":["Hyperbeam"]}],"is_beta":false,"boss_relics":[],"items_purged_floors":[],"is_endless":false,"potions_floor_spawned":[4,11,13],"killed_by":"Lagavulin","ascension_level":3}}