{"host":"c6u7e77myxvw4d0m","time":1612459666,"event":{"mods":["AchievementEnabler","BaseMod","Bestiary","Colored Map","Colored Powertips","Minty Spire (QoL Compilation)","Rare Cards Sparkle","Relic Stats","everything is the same but u backflip on backflip"],"gold_per_floor":[112,124,140,3,15,15,42,53,53,53,153,186,200,213,213,287,287,307,332,351,351,367,397,35,65,65,76,14,14,25,25,25,99,99,111,111,131,151,151,151],"floor_reached":39,"language":"ENG","playtime":3837,"items_purged":["Strike_G"],"score":995,"play_id":"c97fbe1e-3e87-49ee-97c8-72a86abffdce","local_time":"20210204192746","is_ascension_mode":true,"campfire_choices":[{"data":"Blade Dance","floor":6,"key":"SMITH"},{"data":"Blade Dance","floor":10,"key":"SMITH"},{"data":"Well Laid Plans","floor":15,"key":"SMITH"},{"floor":29,"key":"REST"},{"floor":32,"key":"REST"}],"circlet_count":0,"master_deck":["AscendersBane","Strike_G","Strike_G","Strike_G","Defend_G","Defend_G","Defend_G","Defend_G","Defend_G","Survivor","Neutralize","Underhanded Strike","Escape Plan","Blade Dance+1","Well Laid Plans+1","Blade Dance+1","Terror","Backstab","Glass Knife","Prepared+1","Prepared+1","Dagger Spray","Night Terror+1","Accuracy","Footwork","Cloak And Dagger+1","Tactician+1","Calculated Gamble+1","Panache","PiercingWail+1","Backflip+1","Deflect+1","Slice+1","Phantasmal Killer+1","Cloak And Dagger+1","The Bomb+1","Backflip+1","Dodge and Roll+1"],"relics":["Ring of the Snake","Bronze Scales","Toxic Egg 2","Vajra","Fusion Hammer","Ancient Tea Set","Paper Crane","Calipers","The Courier","WristBlade"],"acts_visited":["Exordium","TheCity","TheBeyond"],"potions_floor_usage":[7,12,12,12,16,22,23,23,25,25,33],"damage_taken":[{"damage":0,"enemies":"Cultist","floor":1,"turns":4},{"damage":1,"enemies":"Small Slimes","floor":2,"turns":4},{"damage":7,"enemies":"Jaw Worm","floor":3,"turns":5},{"damage":9,"enemies":"Lots of Slimes","floor":5,"turns":5},{"damage":7,"enemies":"3 Sentries","floor":7,"turns":5},{"damage":4,"enemies":"Red Slaver","floor":8,"turns":3},{"damage":1,"enemies":"Gremlin Nob","floor":12,"turns":2},{"damage":0,"enemies":"Large Slime","floor":13,"turns":3},{"damage":5,"enemies":"Exordium Wildlife","floor":14,"turns":3},{"damage":0,"enemies":"Slime Boss","floor":16,"turns":5},{"damage":18,"enemies":"Shell Parasite","floor":18,"turns":3},{"damage":13,"enemies":"2 Thieves","floor":20,"turns":3},{"damage":5,"enemies":"Snake Plant","floor":22,"turns":2},{"damage":11,"enemies":"Slavers","floor":23,"turns":6},{"damage":1,"enemies":"Gremlin Leader","floor":25,"turns":3},{"damage":13,"enemies":"Snecko","floor":27,"turns":3},{"damage":4,"enemies":"Cultist and Chosen","floor":30,"turns":4},{"damage":21,"enemies":"Collector","floor":33,"turns":7},{"damage":0,"enemies":"Orb Walker","floor":35,"turns":1},{"damage":18,"enemies":"3 Darklings","floor":37,"turns":3},{"damage":0,"enemies":"Maw","floor":38,"turns":4},{"damage":57,"enemies":"2 Orb Walkers","floor":39,"turns":4}],"seed_played":"1595757798841718684","potions_obtained":[{"floor":2,"key":"GhostInAJar"},{"floor":3,"key":"Strength Potion"},{"floor":8,"key":"EntropicBrew"},{"floor":13,"key":"GhostInAJar"},{"floor":18,"key":"FearPotion"},{"floor":22,"key":"EssenceOfSteel"},{"floor":37,"key":"Dexterity Potion"}],"is_trial":false,"path_per_floor":["M","M","M","$","M","R","E","M","T","R","?","E","M","M","R","B",null,"M","T","M","?","M","E","$","E","T","M","$","R","M","$","R","B",null,"M","?","M","M","?"],"character_chosen":"THE_SILENT","items_purchased":["Well Laid Plans","Blade Dance","Panache","Fire Potion","Energy Potion","Deflect+1","PowerPotion"],"campfire_rested":2,"item_purchase_floors":[4,4,24,24,24,28,28],"current_hp_per_floor":[65,64,57,57,48,48,41,37,37,37,37,36,36,31,31,31,62,44,44,31,31,26,15,15,14,14,1,1,22,18,18,39,18,59,59,59,41,41,0,0],"gold":151,"neow_bonus":"TEN_PERCENT_HP_BONUS","is_daily":false,"chose_seed":false,"campfire_upgraded":3,"win_rate":0.0,"timestamp":1612459666,"path_taken":["M","M","?","?","M","R","E","M","T","R","?","E","M","M","R","BOSS","M","?","M","?","M","E","$","E","T","?","?","R","M","$","R","BOSS","M","?","M","M","?"],"items_purchased_type":["Card","Card","Card","Potion","Potion","Card","Potion"],"build_version":"2020-12-22","purchased_purges":1,"victory":false,"max_hp_per_floor":[72,72,72,72,72,72,72,72,72,72,72,72,72,72,72,72,72,72,72,72,72,72,72,72,72,72,72,72,72,72,72,72,72,72,72,72,72,72,72,72],"relic_stats":{"counters":[22,82],"Bronze Scales":[129],"obtain_stats":[{"Calipers":25,"WristBlade":34,"Bronze Scales":7,"Vajra":12,"Fusion Hammer":17,"The Courier":26,"Toxic Egg 2":9,"Paper Crane":23,"Ancient Tea Set":19,"Ring of the Snake":0},{"Calipers":15,"WristBlade":18,"Bronze Scales":5,"Vajra":7,"Fusion Hammer":10,"The Courier":15,"Toxic Egg 2":6,"Paper Crane":14,"Ancient Tea Set":11,"Ring of the Snake":0},{"Calipers":56,"WristBlade":70,"Bronze Scales":23,"Vajra":28,"Fusion Hammer":39,"The Courier":56,"Toxic Egg 2":26,"Paper Crane":53,"Ancient Tea Set":42,"Ring of the Snake":0}],"Ring of the Snake":[44]},"card_choices":[{"not_picked":["Prepared","Calculated Gamble"],"picked":"Underhanded Strike","floor":1},{"not_picked":["PiercingWail","Backflip"],"picked":"Escape Plan","floor":2},{"not_picked":["Quick Slash","Deflect"],"picked":"Blade Dance","floor":3},{"not_picked":["Catalyst","Backflip"],"picked":"Terror","floor":5},{"not_picked":["Acrobatics","Concentrate"],"picked":"Backstab","floor":7},{"not_picked":["Slice","Noxious Fumes"],"picked":"Glass Knife","floor":8},{"not_picked":["Setup+1","Bouncing Flask+1"],"picked":"Prepared+1","floor":12},{"not_picked":["Quick Slash","Deadly Poison+1"],"picked":"Prepared+1","floor":13},{"not_picked":["Reflex+1","Backstab"],"picked":"Dagger Spray","floor":14},{"not_picked":["Envenom","Wraith Form v2"],"picked":"Night Terror+1","floor":16},{"not_picked":["Slice","Poisoned Stab"],"picked":"Accuracy","floor":18},{"not_picked":["Deflect+1","Predator"],"picked":"Footwork","floor":20},{"not_picked":["Backflip+1","Quick Slash"],"picked":"Tactician+1","floor":22},{"not_picked":["Accuracy","Infinite Blades"],"picked":"Calculated Gamble+1","floor":23},{"not_picked":["Blade Dance+1","Backflip+1"],"picked":"PiercingWail+1","floor":25},{"not_picked":["Dagger Throw","Bouncing Flask+1"],"picked":"Backflip+1","floor":27},{"not_picked":["Outmaneuver+1","Prepared+1"],"picked":"Slice+1","floor":30},{"not_picked":["Corpse Explosion+1","Doppelganger+1"],"picked":"Phantasmal Killer+1","floor":33},{"not_picked":["Calculated Gamble+1","Tactician+1"],"picked":"Cloak And Dagger+1","floor":35},{"not_picked":["Discovery+1","Forethought+1"],"picked":"The Bomb+1","floor":36},{"not_picked":["Dagger Throw","Quick Slash"],"picked":"Backflip+1","floor":37},{"not_picked":["Calculated Gamble+1","Backflip+1"],"picked":"Dodge and Roll+1","floor":38}],"player_experience":665674,"relics_obtained":[{"floor":7,"key":"Bronze Scales"},{"floor":9,"key":"Toxic Egg 2"},{"floor":12,"key":"Vajra"},{"floor":19,"key":"Ancient Tea Set"},{"floor":23,"key":"Paper Crane"},{"floor":25,"key":"Calipers"},{"floor":26,"key":"The Courier"}],"event_choices":[{"damage_healed":0,"gold_gain":100,"player_choice":"Gold","damage_taken":0,"max_hp_gain":0,"max_hp_loss":0,"event_name":"Wheel of Change","floor":11,"gold_loss":0},{"damage_healed":0,"gold_gain":0,"cards_transformed":["Strike_G"],"player_choice":"Transformed","damage_taken":0,"max_hp_gain":0,"max_hp_loss":0,"event_name":"Transmorgrifier","floor":21,"gold_loss":0,"cards_obtained":["Cloak And Dagger"]},{"damage_healed":0,"gold_gain":0,"player_choice":"Memory 1","damage_taken":0,"max_hp_gain":0,"max_hp_loss":0,"event_name":"SensoryStone","floor":36,"gold_loss":0},{"damage_healed":0,"gold_gain":0,"player_choice":"Fight","damage_taken":0,"max_hp_gain":0,"max_hp_loss":0,"event_name":"Mysterious Sphere","floor":39,"gold_loss":0}],"is_beta":false,"boss_relics":[{"not_picked":["Ring of the Serpent","Black Star"],"picked":"Fusion Hammer"},{"not_picked":["Pandora\u0027s Box","Sozu"],"picked":"WristBlade"}],"items_purged_floors":[24],"is_endless":false,"potions_floor_spawned":[2,3,5,8,13,18,20,22,37],"killed_by":"2 Orb Walkers","ascension_level":20}}