{"host":"04hh9gplt9wkfmr1","time":1612410967,"event":{"mods":["AchievementEnabler","BaseMod","Colored Map","KOR Keyword Fix","Minty Spire (QoL Compilation)","Rare Cards Sparkle","SuperFastMode"],"gold_per_floor":[16,16,16,34,51,51,80,92,104,116,142,171,30,64,64,64,64],"floor_reached":16,"language":"KOR","playtime":394,"items_purged":[],"score":160,"play_id":"b17997d1-cdd9-4849-911f-1798ad7a5c01","local_time":"20210204125607","is_ascension_mode":true,"campfire_choices":[{"data":"Hologram","floor":6,"key":"SMITH"},{"data":"Hologram","floor":8,"key":"SMITH"},{"floor":10,"key":"REST"},{"data":"Skim","floor":15,"key":"SMITH"}],"circlet_count":0,"master_deck":["Strike_B","Strike_B","Defend_B","Defend_B","Defend_B","Defend_B","Zap+1","Dualcast+1","Hologram+1","Hologram+1","Cold Snap","Skim+1","Static Discharge+1"],"relics":["Cracked Core","MawBank","Frozen Egg 2","PreservedInsect","The Courier"],"acts_visited":["Exordium"],"potions_floor_usage":[14],"damage_taken":[{"damage":4.0,"enemies":"Small Slimes","floor":1.0,"turns":5.0},{"damage":0,"enemies":"2 Louse","floor":4,"turns":3},{"damage":0,"enemies":"Cultist","floor":5,"turns":3},{"damage":17,"enemies":"3 Sentries","floor":7,"turns":7},{"damage":2,"enemies":"Exordium Wildlife","floor":11,"turns":5},{"damage":1,"enemies":"Looter","floor":12,"turns":3},{"damage":19,"enemies":"Lagavulin","floor":14,"turns":6},{"damage":60,"enemies":"Slime Boss","floor":16,"turns":8}],"seed_played":"3021530532517043380","potions_obtained":[{"floor":1.0,"key":"Regen Potion"},{"floor":7,"key":"Regen Potion"},{"floor":12,"key":"Strength Potion"}],"is_trial":false,"path_per_floor":["M","?","?","M","M","R","E","R","T","R","M","M","$","E","R","B"],"character_chosen":"DEFECT","items_purchased":["PreservedInsect"],"campfire_rested":1,"item_purchase_floors":[13],"current_hp_per_floor":[64,64,64,64,64,64,47,47,47,69,67,66,66,58,58,0,0],"gold":64,"neow_bonus":"REMOVE_TWO","is_daily":false,"chose_seed":false,"campfire_upgraded":3,"win_rate":0.0,"timestamp":1612410967,"path_taken":["M","?","?","M","M","R","E","R","T","R","M","M","$","E","R","BOSS"],"items_purchased_type":["Relic"],"build_version":"2020-12-22","purchased_purges":0,"victory":false,"max_hp_per_floor":[75,75,75,75,75,75,75,75,75,75,75,75,75,75,75,75,75],"card_choices":[{"not_picked":["Undo","Compile Driver"],"picked":"Hologram","floor":1.0},{"not_picked":["Turbo","Reprogram","Coolheaded"],"picked":"SKIP","floor":4},{"not_picked":["Skim","Turbo"],"picked":"Hologram","floor":5},{"not_picked":["Rebound","Redo"],"picked":"Cold Snap","floor":7},{"not_picked":["Conserve Battery","Hologram"],"picked":"Skim","floor":11},{"not_picked":["Beam Cell","Steam","Turbo"],"picked":"SKIP","floor":12},{"not_picked":["Gash","Steam"],"picked":"Static Discharge+1","floor":14}],"player_experience":125669,"relics_obtained":[{"floor":7,"key":"MawBank"},{"floor":9,"key":"Frozen Egg 2"},{"floor":14,"key":"The Courier"}],"event_choices":[{"damage_healed":0,"gold_gain":0,"player_choice":"Grow","damage_taken":0,"max_hp_gain":0,"max_hp_loss":0,"event_name":"Living Wall","floor":2,"gold_loss":0,"cards_upgraded":["Zap"]},{"damage_healed":0,"gold_gain":0,"player_choice":"Upgraded","damage_taken":0,"max_hp_gain":0,"max_hp_loss":0,"event_name":"Upgrade Shrine","floor":3,"gold_loss":0,"cards_upgraded":["Dualcast"]}],"is_beta":false,"boss_relics":[],"items_purged_floors":[],"is_endless":false,"potions_floor_spawned":[1,7,12],"killed_by":"Slime Boss","ascension_level":9}}