{"host":"gc6vr5n3q8f0hswe","time":1612469926,"event":{"mods":["Act Like it!","Aspiration","BaseMod","Better Altar","Better Sensory Stone","Better Third Choice","Block Reminder","Conspire","Fox Events","Gensokyo","Hallownest","Highlight Path","Hubris","Infinite Spire","Jedi Mod","Lobotomy","LobotomyExtend","MarisaÅiñ∂âJÅ@ñÇóùçπÅj","Minty Spire (QoL Compilation)","Pale of the Ancients","Relic Stats","Reliquary","Replay The Spire","Somnambulant","StSLib","The Alterego","The Blue Laboratory","The Bug Knight","The Jungle","The Poker Player","The Wild Card","Uncapped","Wandering Minibosses"],"gold_per_floor":[118,90,79,79,93,93,328,328,328,168,180,200,200,60,60,165,165,177,196,471,516,516,516,516,548,548,548,548],"floor_reached":27,"language":"ENG","playtime":1859,"items_purged":["Regret"],"score":242,"play_id":"83d927b8-6cb2-4a43-a552-c5270583f460","local_time":"20210204201846","is_ascension_mode":true,"campfire_choices":[{"data":"Conclude","floor":6,"key":"SMITH"},{"floor":15,"key":"REST"},{"floor":23,"key":"REST"}],"circlet_count":0,"master_deck":["Strike_P","Strike_P","Defend_P","Defend_P","Defend_P","Vigilance","Conclude+1","CutThroughFate","Flechettes","Glass Knife","jedi:brewingpoison","Replay:Hum","CutThroughFate","Dramatic Entrance","ConjureBlade","Blasphemy","Tantrum+1","FlurryOfBlows","Eruption","LessonLearned","FlurryOfBlows"],"relics":["aspiration:Nostalgia","PokerPlayerMod:DeckCase","LetterFromLob","Enchiridion","Gensokyo:Mercy","reliquary:RedPaperclip","wanderingMiniBosses:ThiefScarf","PureWater","hubris:CuriousFeather","Durian","FossilizedHelix","Art of War","Ginger"],"acts_visited":["Exordium","TheCity"],"potions_floor_usage":[7,21,21,21],"damage_taken":[{"damage":12,"enemies":"Gensokyo:2_Kodama","floor":1,"turns":3},{"damage":10,"enemies":"Gensokyo:Python","floor":3,"turns":5},{"damage":0,"enemies":"Gensokyo:3_Fairies","floor":5,"turns":3},{"damage":14,"enemies":"Gensokyo:Cirno","floor":7,"turns":6},{"damage":0,"enemies":"Gensokyo:3_Kodama","floor":11,"turns":1},{"damage":7,"enemies":"Gensokyo:Kitsune","floor":12,"turns":2},{"damage":37,"enemies":"Gensokyo:Reimu","floor":16,"turns":8},{"damage":22,"enemies":"Shell Parasite","floor":18,"turns":3},{"damage":8,"enemies":"3 Byrds","floor":19,"turns":4},{"damage":26,"enemies":"Centurion and Healer","floor":21,"turns":7},{"damage":27,"enemies":"Book of Stabbing","floor":25,"turns":4},{"damage":20,"enemies":"Slavers","floor":27,"turns":1}],"seed_played":"5788179237511986399","potions_obtained":[{"floor":1,"key":"blueLaboratory:BottledHope"},{"floor":5,"key":"Explosive Potion"},{"floor":12,"key":"BottledMiracle"},{"floor":18,"key":"BlessingOfTheForge"},{"floor":19,"key":"blueLaboratory:FaithlessPotion"},{"floor":25,"key":"BlessingOfTheForge"}],"is_trial":false,"path_per_floor":["M","COS","M","?","M","R","E","?","T","?","M","M","?","?","R","B",null,"M","M","?","M","AVR","R","?","E","T","E"],"character_chosen":"WATCHER","items_purchased":[],"campfire_rested":2,"item_purchase_floors":[],"current_hp_per_floor":[60,60,50,50,50,50,36,36,36,36,36,29,29,29,50,13,72,50,42,42,16,16,37,37,15,15,0,0],"gold":548,"neow_bonus":"NOSTALGIA","is_daily":false,"chose_seed":false,"campfire_upgraded":1,"win_rate":0.0,"timestamp":1612469926,"path_taken":["M","COS","M","?","?","R","E","?","T","?","?","M","?","?","R","BOSS","M","M","?","?","AVR","R","?","E","T","E"],"items_purchased_type":[],"build_version":"2020-12-22","purchased_purges":1,"victory":false,"max_hp_per_floor":[72,72,72,72,72,72,72,72,72,72,72,72,72,72,72,72,72,72,72,72,72,72,72,72,77,77,77,77],"relic_stats":{"counters":[12,47],"Art of War":[0],"Ginger":[0],"obtain_stats":[{"Golden Egg":25,"wanderingMiniBosses:ThiefScarf":21,"aspiration:Nostalgia":0,"aspiration:FetidBarrel":9,"Enchiridion":10,"Ginger":27,"PokerPlayerMod:DeckCase":0,"Dream Catcher":7,"reliquary:RedPaperclip":17,"Gensokyo:Mercy":13,"hubris:CuriousFeather":14,"LetterFromLob":1,"Durian":25,"Art of War":27,"PureWater":0,"aspiration:HatOfInfinitePower":25,"FossilizedHelix":26},{"Golden Egg":10,"wanderingMiniBosses:ThiefScarf":10,"aspiration:Nostalgia":0,"aspiration:FetidBarrel":4,"Enchiridion":4,"Ginger":11,"PokerPlayerMod:DeckCase":0,"Dream Catcher":4,"reliquary:RedPaperclip":7,"Gensokyo:Mercy":6,"hubris:CuriousFeather":6,"LetterFromLob":1,"Durian":11,"Art of War":11,"PureWater":0,"aspiration:HatOfInfinitePower":10,"FossilizedHelix":11},{"Golden Egg":42,"wanderingMiniBosses:ThiefScarf":42,"aspiration:Nostalgia":0,"aspiration:FetidBarrel":17,"Enchiridion":17,"Ginger":46,"PokerPlayerMod:DeckCase":0,"Dream Catcher":17,"reliquary:RedPaperclip":28,"Gensokyo:Mercy":20,"hubris:CuriousFeather":20,"LetterFromLob":3,"Durian":46,"Art of War":46,"PureWater":0,"aspiration:HatOfInfinitePower":42,"FossilizedHelix":46}]},"card_choices":[{"not_picked":["JustLucky","FlyingSleeves"],"picked":"Conclude","floor":1},{"not_picked":["Conclude","PathToVictory"],"picked":"CutThroughFate","floor":3},{"not_picked":["Pray","FollowUp"],"picked":"Replay:Hum","floor":5},{"not_picked":["Study","Consecrate"],"picked":"CutThroughFate","floor":7},{"not_picked":["ReplayTheSpireMod:Trickstab","Replay:Sssssssssstrike"],"picked":"Dramatic Entrance","floor":8},{"not_picked":["Replay:AtTheReady","EmptyFist","FollowUp"],"picked":"SKIP","floor":11},{"not_picked":["CrushJoints","JustLucky"],"picked":"ConjureBlade","floor":12},{"not_picked":["jedi:nirvanicrebirth","Establishment"],"picked":"Blasphemy","floor":16},{"not_picked":["Adaptation","Replay:AtTheReady+1"],"picked":"Tantrum+1","floor":18},{"not_picked":["Halt","Replay:BluntJabs+1"],"picked":"FlurryOfBlows","floor":19},{"not_picked":["WreathOfFlame","Swivel","JustLucky"],"picked":"SKIP","floor":21},{"not_picked":["FlurryOfBlows","SandsOfTime","TalkToTheHand"],"picked":"SKIP","floor":25},{"not_picked":["SandsOfTime","TalkToTheHand"],"picked":"FlurryOfBlows","floor":25}],"player_experience":473557,"relics_obtained":[{"floor":1,"key":"LetterFromLob"},{"floor":7,"key":"Dream Catcher"},{"floor":9,"key":"aspiration:FetidBarrel"},{"floor":21,"key":"wanderingMiniBosses:ThiefScarf"},{"floor":21,"key":"PureWater"},{"floor":21,"key":"hubris:CuriousFeather"},{"floor":25,"key":"Durian"},{"floor":26,"key":"FossilizedHelix"}],"event_choices":[{"damage_healed":0,"gold_gain":1,"player_choice":"1","damage_taken":0,"max_hp_gain":0,"max_hp_loss":0,"event_name":"betterStone:BetterStone","floor":8,"gold_loss":0},{"damage_healed":0,"gold_gain":275,"player_choice":"Desecrate","damage_taken":0,"max_hp_gain":0,"max_hp_loss":0,"event_name":"Golden Shrine","floor":20,"gold_loss":0,"cards_obtained":["Regret"]},{"damage_healed":0,"gold_gain":0,"player_choice":"2 cards matched","damage_taken":0,"max_hp_gain":0,"max_hp_loss":0,"event_name":"Match and Keep!","floor":24,"gold_loss":0,"cards_obtained":["Eruption","LessonLearned"]}],"is_beta":false,"boss_relics":[{"not_picked":["Replay:Wanted Poster","Tiny House"],"picked":"reliquary:RedPaperclip"}],"items_purged_floors":[22],"is_endless":false,"potions_floor_spawned":[1,5,12,18,19,25],"killed_by":"Slavers","ascension_level":1}}