{"host":"xg4r5pv6chpuampg","time":1612464109,"event":{"mods":["AchievementEnabler","BaseMod","Googly Eyes","Minty Spire (QoL Compilation)"],"gold_per_floor":[117,117,117,132,50,50,75,75,75,29,29,40,51,68,68,165,165,178,189,189,201,8,8,43,53,53,53,70,86,119,135,135,135,135],"floor_reached":33,"language":"ENG","playtime":2339,"items_purged":[],"score":339,"play_id":"d9382f72-f635-478b-b2ee-94daead7d826","local_time":"20210204214149","is_ascension_mode":false,"campfire_choices":[{"floor":6,"key":"RECALL"},{"floor":8,"key":"REST"},{"floor":11,"key":"REST"},{"data":"ForeignInfluence","floor":15,"key":"SMITH"},{"floor":23,"key":"REST"},{"floor":27,"key":"REST"},{"floor":32,"key":"REST"}],"circlet_count":0,"master_deck":["Strike_P","Strike_P","Strike_P","Defend_P","Defend_P","Defend_P","Eruption+1","Vigilance","CutThroughFate","SandsOfTime","DeusExMachina","EmptyFist","WaveOfTheHand","ForeignInfluence+1","SashWhip","Vault","PathToVictory","LikeWater","Vengeance","EmptyBody","FlurryOfBlows+1","PathToVictory+1","Wallop","Establishment"],"relics":["PureWater","Pear","Philosopher\u0027s Stone","MealTicket","Gremlin Horn","Lizard Tail","Anchor"],"acts_visited":["Exordium","TheCity"],"potions_floor_usage":[7,16,16,24,29,30,30,31],"damage_taken":[{"damage":2,"enemies":"Small Slimes","floor":1,"turns":2},{"damage":0,"enemies":"2 Louse","floor":4,"turns":1},{"damage":40,"enemies":"Lagavulin","floor":7,"turns":3},{"damage":0,"enemies":"Cultist","floor":12,"turns":2},{"damage":6,"enemies":"Exordium Thugs","floor":13,"turns":3},{"damage":0,"enemies":"Red Slaver","floor":14,"turns":1},{"damage":0,"enemies":"Slime Boss","floor":16,"turns":2},{"damage":18,"enemies":"Chosen","floor":18,"turns":6},{"damage":0,"enemies":"Spheric Guardian","floor":19,"turns":1},{"damage":19,"enemies":"Snecko","floor":21,"turns":5},{"damage":16,"enemies":"Gremlin Leader","floor":24,"turns":5},{"damage":36,"enemies":"Cultist and Chosen","floor":25,"turns":6},{"damage":1,"enemies":"Centurion and Healer","floor":28,"turns":3},{"damage":15,"enemies":"Snecko","floor":29,"turns":5},{"damage":30,"enemies":"Slavers","floor":30,"turns":4},{"damage":28,"enemies":"Shelled Parasite and Fungi","floor":31,"turns":3},{"damage":71,"enemies":"Champ","floor":33,"turns":11}],"seed_played":"6397348448192547988","potions_obtained":[{"floor":0,"key":"Regen Potion"},{"floor":0,"key":"Energy Potion"},{"floor":0,"key":"BottledMiracle"},{"floor":7,"key":"ColorlessPotion"},{"floor":12,"key":"BottledMiracle"},{"floor":21,"key":"Energy Potion"},{"floor":24,"key":"SpeedPotion"},{"floor":29,"key":"Ambrosia"},{"floor":30,"key":"BlessingOfTheForge"}],"is_trial":false,"path_per_floor":["M","?","?","M","$","R","E","R","T","$","R","M","M","M","R","B",null,"M","M","?","M","$","R","E","M","T","R","M","M","E","M","R","B"],"character_chosen":"WATCHER","items_purchased":["SandsOfTime","EmptyFist","MealTicket","EmptyBody"],"campfire_rested":5,"item_purchase_floors":[5,10,22,22],"current_hp_per_floor":[70,70,70,70,70,70,40,64,64,64,82,82,76,76,76,76,82,64,64,64,45,45,69,53,17,17,41,40,37,7,41,65,0,0],"gold":135,"neow_bonus":"THREE_SMALL_POTIONS","is_daily":false,"chose_seed":false,"campfire_upgraded":1,"win_rate":0.0,"timestamp":1612464109,"path_taken":["M","?","?","?","$","R","E","R","T","?","R","M","?","M","R","BOSS","M","?","?","?","$","R","E","M","T","R","M","M","E","M","R","BOSS"],"items_purchased_type":["Card","Card","Relic","Card"],"build_version":"2020-12-22","purchased_purges":0,"victory":false,"max_hp_per_floor":[72,72,72,72,72,72,82,82,82,82,82,82,82,82,82,82,82,82,82,82,82,82,82,82,82,82,82,82,82,82,82,82,82,82],"card_choices":[{"not_picked":["FlyingSleeves","Crescendo"],"picked":"CutThroughFate","floor":1},{"not_picked":["Prostrate","Crescendo","FlyingSleeves"],"picked":"SKIP","floor":4},{"not_picked":["SandsOfTime","DeceiveReality"],"picked":"DeusExMachina","floor":7},{"not_picked":["Conclude","EmptyFist"],"picked":"WaveOfTheHand","floor":12},{"not_picked":["ThirdEye","FlurryOfBlows"],"picked":"ForeignInfluence","floor":13},{"not_picked":["Halt","JustLucky"],"picked":"SashWhip","floor":14},{"not_picked":["Establishment","LessonLearned"],"picked":"Vault","floor":16},{"not_picked":["Prostrate","BowlingBash+1"],"picked":"PathToVictory","floor":18},{"not_picked":["Conclude","Indignation"],"picked":"LikeWater","floor":19},{"not_picked":["ReachHeaven","LikeWater"],"picked":"Vengeance","floor":21},{"not_picked":["Vengeance","CrushJoints","Crescendo+1"],"picked":"SKIP","floor":24},{"not_picked":["Halt","ClearTheMind"],"picked":"FlurryOfBlows+1","floor":25},{"not_picked":["FollowUp","FlyingSleeves"],"picked":"PathToVictory+1","floor":28},{"not_picked":["Nirvana","EmptyFist"],"picked":"Wallop","floor":29},{"not_picked":["ThirdEye+1","Crescendo"],"picked":"Establishment","floor":30},{"not_picked":["Halt+1","Prostrate","Conclude+1"],"picked":"SKIP","floor":31}],"player_experience":77739,"relics_obtained":[{"floor":7,"key":"Pear"},{"floor":24,"key":"Gremlin Horn"},{"floor":26,"key":"Lizard Tail"},{"floor":30,"key":"Anchor"}],"event_choices":[{"damage_healed":0,"gold_gain":0,"player_choice":"Grow","damage_taken":0,"max_hp_gain":0,"max_hp_loss":0,"event_name":"Living Wall","floor":2,"gold_loss":0,"cards_upgraded":["Eruption"]},{"cards_removed":["Defend_P"],"damage_healed":0,"gold_gain":0,"player_choice":"Purged","damage_taken":0,"max_hp_gain":0,"max_hp_loss":0,"event_name":"Purifier","floor":3,"gold_loss":0},{"cards_removed":["Strike_P"],"damage_healed":0,"gold_gain":0,"player_choice":"Card Removal","damage_taken":0,"max_hp_gain":0,"max_hp_loss":0,"event_name":"Wheel of Change","floor":20,"gold_loss":0}],"is_beta":false,"boss_relics":[{"not_picked":["VioletLotus","Runic Pyramid"],"picked":"Philosopher\u0027s Stone"}],"items_purged_floors":[],"is_endless":false,"potions_floor_spawned":[7,12,21,24,29,30],"killed_by":"Champ","ascension_level":0}}