{"host":"aw4z6ztdqz1doup7","time":1612434217,"event":{"mods":["AchievementEnabler","BaseMod","Colored Powertips","Minty Spire (QoL Compilation)"],"gold_per_floor":[110,130,49,49,65,91,91,91,137,137,150,150,165,117,117,218,218,233,88,0,12,87,87,115,115,115,115,125,50,150,165,165,165,165],"floor_reached":33,"language":"ENG","playtime":1792,"items_purged":["Strike_P"],"score":263,"play_id":"89150cfe-ade3-41d0-8538-fb11dc78ff0d","local_time":"20210204112337","is_ascension_mode":false,"campfire_choices":[{"data":"TalkToTheHand","floor":7,"key":"SMITH"},{"data":"FlyingSleeves","floor":10,"key":"SMITH"},{"floor":15,"key":"REST"},{"data":"Tantrum","floor":23,"key":"SMITH"},{"floor":25,"key":"REST"},{"floor":27,"key":"RECALL"},{"floor":32,"key":"REST"}],"circlet_count":0,"master_deck":["Strike_P+1","Defend_P","Defend_P","Defend_P","Defend_P","Eruption+1","Vigilance+1","TalkToTheHand+1","FlyingSleeves+1","FlurryOfBlows","Ragnarok","FlurryOfBlows","Tantrum+1","FlyingSleeves+1","FlyingSleeves","Tantrum+1","Halt+1"],"relics":["HolyWater","Ancient Tea Set","Vajra","Damaru","Lantern","HornCleat","Ginger","Toxic Egg 2"],"acts_visited":["Exordium","TheCity"],"potions_floor_usage":[6,16,30,31,33,33],"damage_taken":[{"damage":2,"enemies":"Small Slimes","floor":1,"turns":3},{"damage":1,"enemies":"Jaw Worm","floor":2,"turns":4},{"damage":0,"enemies":"2 Louse","floor":5,"turns":3},{"damage":9,"enemies":"Lagavulin","floor":6,"turns":5},{"damage":8,"enemies":"Red Slaver","floor":11,"turns":3},{"damage":0,"enemies":"Looter","floor":13,"turns":2},{"damage":33,"enemies":"The Guardian","floor":16,"turns":11},{"damage":10,"enemies":"3 Byrds","floor":18,"turns":3},{"damage":0,"enemies":"Spheric Guardian","floor":21,"turns":2},{"damage":31,"enemies":"Gremlin Leader","floor":24,"turns":4},{"damage":8,"enemies":"Centurion and Healer","floor":28,"turns":4},{"damage":0,"enemies":"Colosseum Slavers","floor":30,"turns":3},{"damage":2,"enemies":"Colosseum Nobs","floor":30,"turns":3},{"damage":7,"enemies":"Snake Plant","floor":31,"turns":2},{"damage":55,"enemies":"Champ","floor":33,"turns":5}],"seed_played":"-8903348255154385459","potions_obtained":[{"floor":1,"key":"SteroidPotion"},{"floor":13,"key":"PowerPotion"},{"floor":16,"key":"GamblersBrew"},{"floor":21,"key":"Block Potion"},{"floor":30,"key":"SpeedPotion"},{"floor":31,"key":"GamblersBrew"}],"is_trial":false,"path_per_floor":["M","M","$","?","M","E","R","?","T","R","M","?","M","?","R","B",null,"M","$","?","M","?","R","E","R","T","R","M","?","?","M","R","B"],"character_chosen":"WATCHER","items_purchased":["TalkToTheHand","Tantrum"],"campfire_rested":3,"item_purchase_floors":[3,19],"current_hp_per_floor":[70,69,69,57,57,48,48,41,41,41,33,19,19,19,40,7,72,62,62,62,62,55,55,24,45,45,45,37,37,35,28,49,0,0],"gold":165,"neow_bonus":"UPGRADE_CARD","is_daily":false,"chose_seed":false,"campfire_upgraded":3,"win_rate":0.0,"timestamp":1612434217,"path_taken":["M","M","$","?","M","E","R","?","T","R","M","?","M","?","R","BOSS","M","$","?","M","?","R","E","R","T","R","?","?","?","M","R","BOSS"],"items_purchased_type":["Card","Card"],"build_version":"2020-12-22","purchased_purges":1,"victory":false,"max_hp_per_floor":[72,72,72,72,72,72,72,72,72,72,72,72,72,72,72,72,72,72,72,72,72,72,72,72,72,72,72,72,72,72,72,72,72,72],"card_choices":[{"not_picked":["Wireheading","JustLucky","ThirdEye"],"picked":"SKIP","floor":1},{"not_picked":["DeceiveReality","Prostrate","CutThroughFate"],"picked":"SKIP","floor":2},{"not_picked":["Evaluate","Consecrate","ClearTheMind"],"picked":"SKIP","floor":5},{"not_picked":["ClearTheMind","MasterReality"],"picked":"FlyingSleeves","floor":6},{"not_picked":["Sanctity","CrushJoints","PathToVictory"],"picked":"SKIP","floor":11},{"not_picked":["WreathOfFlame","EmptyFist"],"picked":"FlurryOfBlows","floor":13},{"not_picked":["Alpha","Blasphemy"],"picked":"Ragnarok","floor":16},{"not_picked":["EmptyFist","CutThroughFate"],"picked":"FlurryOfBlows","floor":18},{"not_picked":["Prostrate","Consecrate","PathToVictory+1"],"picked":"SKIP","floor":21},{"not_picked":["Evaluate","ThirdEye+1"],"picked":"FlyingSleeves+1","floor":24},{"not_picked":["SignatureMove","Prostrate+1"],"picked":"FlyingSleeves","floor":28},{"not_picked":["BowlingBash+1","FearNoEvil"],"picked":"Tantrum+1","floor":30},{"not_picked":["Judgement+1","Consecrate"],"picked":"Halt+1","floor":31}],"player_experience":586610,"relics_obtained":[{"floor":6,"key":"Vajra"},{"floor":9,"key":"Damaru"},{"floor":24,"key":"Lantern"},{"floor":26,"key":"HornCleat"},{"floor":30,"key":"Ginger"},{"floor":30,"key":"Toxic Egg 2"}],"event_choices":[{"damage_healed":0,"gold_gain":0,"player_choice":"Success","damage_taken":12,"relics_obtained":["Ancient Tea Set"],"max_hp_gain":0,"max_hp_loss":0,"event_name":"Scrap Ooze","floor":4,"gold_loss":0},{"cards_removed":["Strike_P"],"damage_healed":0,"gold_gain":0,"player_choice":"Card Removal","damage_taken":7,"max_hp_gain":0,"max_hp_loss":0,"event_name":"Golden Wing","floor":8,"gold_loss":0},{"damage_healed":0,"gold_gain":0,"player_choice":"Entered Light","damage_taken":14,"max_hp_gain":0,"max_hp_loss":0,"event_name":"Shining Light","floor":12,"gold_loss":0,"cards_upgraded":["Vigilance","Strike_P"]},{"damage_healed":0,"gold_gain":0,"player_choice":"Left Gold","damage_taken":0,"max_hp_gain":0,"max_hp_loss":0,"event_name":"World of Goop","floor":14,"gold_loss":48},{"damage_healed":0,"gold_gain":0,"player_choice":"Paid Fearfully","damage_taken":0,"max_hp_gain":0,"max_hp_loss":0,"event_name":"Masked Bandits","floor":20,"gold_loss":88},{"damage_healed":0,"gold_gain":75,"player_choice":"Touch","damage_taken":7,"max_hp_gain":0,"max_hp_loss":0,"event_name":"FaceTrader","floor":22,"gold_loss":0},{"cards_removed":["Strike_P"],"damage_healed":0,"gold_gain":0,"player_choice":"Gave Gold","damage_taken":0,"max_hp_gain":0,"max_hp_loss":0,"event_name":"Beggar","floor":29,"gold_loss":75},{"damage_healed":0,"gold_gain":0,"player_choice":"Fight","damage_taken":0,"max_hp_gain":0,"max_hp_loss":0,"event_name":"Colosseum","floor":30,"gold_loss":0},{"damage_healed":0,"gold_gain":0,"player_choice":"Fought Nobs","damage_taken":0,"max_hp_gain":0,"max_hp_loss":0,"event_name":"Colosseum","floor":30,"gold_loss":0}],"is_beta":false,"boss_relics":[{"not_picked":["Cursed Key","Runic Dome"],"picked":"HolyWater"}],"items_purged_floors":[19],"is_endless":false,"potions_floor_spawned":[1,13,16,21,30,30,31],"killed_by":"Champ","ascension_level":0}}