{"host":"t0r9wuv4zaiwets7","time":1612420780,"event":{"mods":["AchievementEnabler","BaseMod","Bestiary","Colored Map","Colored Powertips","Downfall","Highlight Path","Minty Spire (QoL Compilation)","StSLib"],"gold_per_floor":[99,116,116,132,32,32,57,69,88,98,98,114,128,140,159,259,259,259,270,282,71,346,346,346,346],"floor_reached":23,"language":"ENG","playtime":2209,"items_purged":["Slimebound:Strike_Slimebound"],"score":196,"play_id":"5c8584c2-8d2f-4b62-bd92-2f1749841039","local_time":"20210203223940","is_ascension_mode":true,"campfire_choices":[{"data":"Slimebound:Split","floor":1.0,"key":"SMITH"},{"floor":11.0,"key":"REST"},{"data":"Slimebound:DuplicatedForm","floor":18,"key":"SMITH"}],"circlet_count":0,"master_deck":["Slimebound:Strike_Slimebound","Slimebound:Strike_Slimebound","Slimebound:Tackle","Slimebound:Defend_Slimebound","Slimebound:Defend_Slimebound","Slimebound:Defend_Slimebound","Slimebound:Defend_Slimebound","Slimebound:Split+1","Slimebound:CorrosiveSpit","Slimebound:GrowthPunch","Slimebound:Prepare","Slimebound:SplitLeeching","expansioncontent:InvincibleStrength","Slimebound:SlimeBarrage","Slimebound:SplitAcid","Slimebound:RollThrough","Slimebound:FinishingTackle","Slimebound:SlimeBrawl","Slimebound:FlameTackle","Slimebound:Schlurp","Slimebound:DuplicatedForm+1","Slimebound:Equalize+1","Slimebound:Schlurp+1","Slimebound:AcidTongue","Slimebound:LeadByExample","Slimebound:LeechingTouch","Regret"],"relics":["Slimebound:AbsorbEndCombat","WarpedTongs","Regal Pillow","Black Star"],"acts_visited":["Exordium","TheCity"],"potions_floor_usage":[16,23],"damage_taken":[{"damage":5.0,"enemies":"Small Slimes","floor":2.0,"turns":3.0},{"damage":16.0,"enemies":"Cultist","floor":4.0,"turns":4.0},{"damage":5.0,"enemies":"downfall:FleeingMerchant","floor":5.0,"turns":4.0},{"damage":4.0,"enemies":"2 Louse","floor":8.0,"turns":4.0},{"damage":8.0,"enemies":"Red Slaver","floor":9.0,"turns":4.0},{"damage":9.0,"enemies":"Blue Slaver","floor":10.0,"turns":4.0},{"damage":18.0,"enemies":"Lots of Slimes","floor":12.0,"turns":3.0},{"damage":6.0,"enemies":"Exordium Wildlife","floor":13.0,"turns":3.0},{"damage":4.0,"enemies":"2 Fungi Beasts","floor":14.0,"turns":3.0},{"damage":16,"enemies":"Lots of Slimes","floor":15,"turns":3},{"damage":32,"enemies":"IC_STATUS_ARCHETYPE","floor":16,"turns":10},{"damage":35,"enemies":"Shell Parasite","floor":19,"turns":5},{"damage":31,"enemies":"Chosen","floor":20,"turns":5},{"damage":10,"enemies":"downfall:FleeingMerchant","floor":21,"turns":4},{"damage":48,"enemies":"Book of Stabbing","floor":23,"turns":5}],"seed_played":"-6438125878542924767","potions_obtained":[{"floor":4.0,"key":"Slimebound:SlimedPotion"},{"floor":8.0,"key":"LiquidMemories"},{"floor":10.0,"key":"Slimebound:SpawnSlimePotion"},{"floor":14.0,"key":"SkillPotion"},{"floor":20,"key":"Block Potion"}],"is_trial":false,"path_per_floor":["R","M","?","M","$","?","T","M","M","M","R","M","M","M","M","B",null,"R","M","M","$","?","E"],"character_chosen":"SLIMEBOUND","items_purchased":["expansioncontent:InvincibleStrength","Slimebound:LeadByExample","Slimebound:LeechingTouch"],"campfire_rested":1,"item_purchase_floors":[5,21,21],"current_hp_per_floor":[71,70,70,58,57,57,57,55,51,44,71,53,49,47,31,7,71,71,53,47,45,45,0,0,0],"gold":346,"neow_bonus":"TEN_PERCENT_HP_BONUS","is_daily":false,"chose_seed":false,"campfire_upgraded":2,"win_rate":0.0,"timestamp":1612420780,"path_taken":["R","M","?","M","?","?","T","?","M","M","R","M","M","M","M","BOSS","R","M","M","$","?","E"],"items_purchased_type":["Card","Card","Card"],"build_version":"2020-12-22","purchased_purges":1,"victory":false,"max_hp_per_floor":[71,71,71,71,71,71,71,71,71,71,71,71,71,71,71,71,71,71,71,71,71,71,71,71,71],"card_choices":[{"not_picked":["Slimebound:LivingWall","Slimebound:ItLooksTasty"],"picked":"Slimebound:GrowthPunch","floor":2.0},{"not_picked":["Slimebound:SplitLeeching","Slimebound:SlimeBarrage"],"picked":"Slimebound:Prepare","floor":4.0},{"not_picked":["Slimebound:GoopSpray","Slimebound:SlimeBrawl"],"picked":"Slimebound:SplitLeeching","floor":5.0},{"not_picked":["Slimebound:RainOfGoop","Slimebound:TongueLash"],"picked":"Slimebound:SlimeBarrage","floor":8.0},{"not_picked":["Slimebound:SplitMire","Slimebound:LeechEnergy"],"picked":"Slimebound:SplitAcid","floor":9.0},{"not_picked":["Slimebound:Schlurp","Slimebound:LivingWall"],"picked":"Slimebound:RollThrough","floor":10.0},{"not_picked":["Slimebound:LeechEnergy","Slimebound:SplitMire"],"picked":"Slimebound:FinishingTackle","floor":12.0},{"not_picked":["Slimebound:SplitBruiser","Slimebound:HauntingLick"],"picked":"Slimebound:SlimeBrawl","floor":13.0},{"not_picked":["Slimebound:WasteNot","Slimebound:ProtectTheBoss"],"picked":"Slimebound:FlameTackle","floor":14.0},{"not_picked":["Slimebound:HauntingLick","Slimebound:ComboTackle"],"picked":"Slimebound:Schlurp","floor":15},{"not_picked":["Slimebound:CheckThePlaybook","Slimebound:SelfFormingGoo"],"picked":"Slimebound:DuplicatedForm","floor":16},{"not_picked":["Slimebound:ForwardTackle","Slimebound:ItLooksTasty"],"picked":"Slimebound:Equalize+1","floor":19},{"not_picked":["Slimebound:LivingWall","Slimebound:SplitAcid"],"picked":"Slimebound:Schlurp+1","floor":20},{"not_picked":["Slimebound:SpikyOuterGoop","Slimebound:MassFeed"],"picked":"Slimebound:AcidTongue","floor":21}],"player_experience":182545,"relics_obtained":[{"floor":7.0,"key":"Regal Pillow"}],"event_choices":[{"damage_healed":0.0,"max_hp_gain":0.0,"max_hp_loss":0.0,"gold_gain":0.0,"event_name":"Accursed Blacksmith","player_choice":"Rummage","floor":3.0,"gold_loss":0.0,"damage_taken":0.0,"relics_obtained":["WarpedTongs"],"cards_obtained":["Pain"]}],"is_beta":false,"boss_relics":[{"not_picked":["Snecko Eye","SacredBark"],"picked":"Black Star"}],"items_purged_floors":[21],"is_endless":false,"potions_floor_spawned":[4,8,10,14,20],"killed_by":"Book of Stabbing","ascension_level":1}}