{"host":"l4p18zw33fr8bdc3","time":1612398913,"event":{"mods":["AchievementEnabler","BaseMod","Bestiary","Block Reminder","Colored Map","Colored Powertips","Curses Come First","Minty Spire (QoL Compilation)","Quick Restart","Rare Cards Sparkle","StSLib"],"gold_per_floor":[113,126,141,216,12,47,66,85,85,85,117,10,23,36,36,135,135,105,105,105,105,105,105,17,17,17,17,17,17,17,17,17,17,17,17,17,17,17,17,17,17,17,17,17,17],"floor_reached":44,"language":"ENG","playtime":3532,"items_purged":["Strike_G"],"score":576,"play_id":"eaf43fb6-e696-4c89-a094-e1c2bd781c1d","local_time":"20210203193513","is_ascension_mode":true,"campfire_choices":[{"floor":15,"key":"REST"},{"floor":23,"key":"REST"},{"data":"Storm of Steel","floor":25,"key":"SMITH"},{"data":"Footwork","floor":28,"key":"SMITH"},{"data":"Finisher","floor":30,"key":"SMITH"},{"floor":32,"key":"REST"},{"floor":40,"key":"REST"}],"circlet_count":0,"master_deck":["Strike_G","Strike_G","Strike_G","Strike_G","Defend_G","Defend_G+1","Defend_G","Defend_G","Defend_G","Survivor","Neutralize+1","Corpse Explosion","All Out Attack","Blade Dance+1","Footwork+1","Well Laid Plans","Storm of Steel+1","Acrobatics","Quick Slash","Dagger Throw","Noxious Fumes","Cloak And Dagger","Adrenaline","Escape Plan","Cloak And Dagger","Panache","Finisher+1","Tools of the Trade","Leg Sweep","Backflip+1"],"relics":["Ring of the Snake","Membership Card","War Paint","Question Card","Akabeko","Vajra","Ectoplasm","Darkstone Periapt","Busted Crown","MawBank","Eternal Feather"],"acts_visited":["Exordium","TheCity","TheBeyond"],"potions_floor_usage":[6,11,18,27,27,27,33,38,38,41,42,42,42,43,44,44],"damage_taken":[{"damage":2,"enemies":"Small Slimes","floor":1,"turns":3},{"damage":10,"enemies":"Jaw Worm","floor":2,"turns":4},{"damage":0,"enemies":"Cultist","floor":3,"turns":3},{"damage":5,"enemies":"3 Sentries","floor":6,"turns":3},{"damage":0,"enemies":"Lots of Slimes","floor":7,"turns":1},{"damage":6,"enemies":"2 Fungi Beasts","floor":8,"turns":3},{"damage":15,"enemies":"Gremlin Nob","floor":11,"turns":4},{"damage":1,"enemies":"Blue Slaver","floor":13,"turns":3},{"damage":13,"enemies":"Large Slime","floor":14,"turns":4},{"damage":0,"enemies":"Slime Boss","floor":16,"turns":7},{"damage":11,"enemies":"2 Thieves","floor":18,"turns":3},{"damage":1,"enemies":"Spheric Guardian","floor":20,"turns":3},{"damage":23,"enemies":"Snake Plant","floor":21,"turns":5},{"damage":9,"enemies":"Shelled Parasite and Fungi","floor":22,"turns":4},{"damage":3,"enemies":"Gremlin Leader","floor":27,"turns":5},{"damage":0,"enemies":"3 Cultists","floor":29,"turns":2},{"damage":45,"enemies":"Champ","floor":33,"turns":9},{"damage":12,"enemies":"Orb Walker","floor":35,"turns":3},{"damage":11,"enemies":"3 Darklings","floor":36,"turns":4},{"damage":9,"enemies":"Maw","floor":38,"turns":6},{"damage":1,"enemies":"Writhing Mass","floor":39,"turns":7},{"damage":22,"enemies":"3 Darklings","floor":41,"turns":3},{"damage":34,"enemies":"Reptomancer","floor":42,"turns":6},{"damage":6,"enemies":"Giant Head","floor":44,"turns":6}],"seed_played":"442408654360812480","potions_obtained":[{"floor":1,"key":"SteroidPotion"},{"floor":2,"key":"SpeedPotion"},{"floor":6,"key":"GhostInAJar"},{"floor":16,"key":"Fire Potion"},{"floor":18,"key":"SkillPotion"},{"floor":19,"key":"EntropicBrew"},{"floor":19,"key":"Strength Potion"},{"floor":27,"key":"BlessingOfTheForge"},{"floor":33,"key":"Swift Potion"},{"floor":38,"key":"Weak Potion"},{"floor":39,"key":"Weak Potion"},{"floor":41,"key":"Energy Potion"},{"floor":42,"key":"EntropicBrew"}],"is_trial":false,"path_per_floor":["M","M","M","?","$","E","M","M","T","?","E","$","M","M","R","B",null,"M","?","M","M","M","R","$","R","T","E","R","M","R","?","R","B",null,"M","M","$","M","M","R","M","E","T","E"],"character_chosen":"THE_SILENT","items_purchased":["Membership Card","Well Laid Plans","Vajra","Noxious Fumes","Panache"],"campfire_rested":4,"item_purchase_floors":[5,5,12,12,24],"current_hp_per_floor":[68,58,58,47,47,42,42,36,36,36,21,21,20,7,28,28,70,59,59,58,35,26,47,47,47,47,44,44,44,44,44,65,20,70,58,47,47,38,37,58,36,2,2,0,0],"gold":17,"neow_bonus":"ONE_RANDOM_RARE_CARD","is_daily":false,"chose_seed":false,"campfire_upgraded":3,"win_rate":0.0,"timestamp":1612398913,"path_taken":["M","M","M","?","$","E","M","M","T","?","E","?","M","M","R","BOSS","M","?","M","M","?","R","$","R","T","E","R","M","R","?","R","BOSS","M","?","$","M","M","R","M","E","T","E"],"items_purchased_type":["Relic","Card","Relic","Card","Card"],"build_version":"2020-12-22","purchased_purges":1,"victory":false,"max_hp_per_floor":[70,70,70,70,70,70,70,70,70,70,70,70,70,70,70,70,70,70,70,70,70,70,70,70,70,70,70,70,70,70,70,70,70,70,70,70,70,70,70,70,70,70,70,70,70],"card_choices":[{"not_picked":["Poisoned Stab","Eviscerate"],"picked":"All Out Attack","floor":1},{"not_picked":["Dagger Spray","Deflect"],"picked":"Blade Dance","floor":2},{"not_picked":["Riddle With Holes","Dodge and Roll"],"picked":"Footwork","floor":3},{"not_picked":["Dagger Spray","Deflect"],"picked":"Storm of Steel","floor":6},{"not_picked":["Dagger Throw","Terror"],"picked":"Acrobatics","floor":7},{"not_picked":["Prepared","Deadly Poison"],"picked":"Quick Slash","floor":8},{"not_picked":["Acrobatics","Deflect","Dagger Spray"],"picked":"Dagger Throw","floor":11},{"not_picked":["Deadly Poison","Flechettes","Endless Agony","Dagger Throw"],"picked":"SKIP","floor":13},{"not_picked":["Noxious Fumes","Heel Hook","Blade Dance"],"picked":"Cloak And Dagger","floor":14},{"not_picked":["Envenom","Glass Knife","Doppelganger"],"picked":"Adrenaline","floor":16},{"not_picked":["Eviscerate+1","Prepared","Poisoned Stab","Slice"],"picked":"SKIP","floor":18},{"not_picked":["Cloak And Dagger","Outmaneuver","Dagger Throw","Quick Slash"],"picked":"SKIP","floor":20},{"not_picked":["Noxious Fumes+1","Dagger Throw","Slice+1"],"picked":"Escape Plan","floor":21},{"not_picked":["Outmaneuver","Prepared","Flying Knee"],"picked":"Cloak And Dagger","floor":22},{"not_picked":["Glass Knife","Well Laid Plans","Reflex","Quick Slash"],"picked":"SKIP","floor":27},{"not_picked":["Deadly Poison","Quick Slash","Catalyst"],"picked":"Finisher","floor":29},{"not_picked":["Grand Finale","Phantasmal Killer","Bullet Time"],"picked":"Tools of the Trade","floor":33},{"not_picked":["Backstab","Prepared"],"picked":"SKIP","floor":35},{"not_picked":["Backflip"],"picked":"Leg Sweep","floor":36},{"not_picked":["Reflex"],"picked":"Backflip+1","floor":38},{"not_picked":["Flying Knee+1","Heel Hook"],"picked":"SKIP","floor":39},{"not_picked":["Noxious Fumes+1","Outmaneuver"],"picked":"SKIP","floor":41},{"not_picked":["Underhanded Strike+1","Catalyst"],"picked":"SKIP","floor":42}],"player_experience":221378,"relics_obtained":[{"floor":6,"key":"War Paint"},{"floor":9,"key":"Question Card"},{"floor":11,"key":"Akabeko"},{"floor":27,"key":"Darkstone Periapt"},{"floor":42,"key":"MawBank"},{"floor":43,"key":"Eternal Feather"}],"event_choices":[{"damage_healed":0,"gold_gain":75,"player_choice":"Gather Gold","damage_taken":11,"max_hp_gain":0,"max_hp_loss":0,"event_name":"World of Goop","floor":4,"gold_loss":0},{"damage_healed":0,"gold_gain":0,"player_choice":"Ignored","damage_taken":0,"max_hp_gain":0,"max_hp_loss":0,"event_name":"Golden Idol","floor":10,"gold_loss":0},{"damage_healed":0,"gold_gain":0,"player_choice":"Got Potions","damage_taken":0,"max_hp_gain":0,"max_hp_loss":0,"event_name":"Lab","floor":19,"gold_loss":0},{"damage_healed":0,"gold_gain":0,"player_choice":"Forge","damage_taken":0,"max_hp_gain":0,"max_hp_loss":0,"event_name":"Accursed Blacksmith","floor":31,"gold_loss":0,"cards_upgraded":["Neutralize"]}],"is_beta":false,"boss_relics":[{"not_picked":["Snecko Eye","Runic Pyramid"],"picked":"Ectoplasm"},{"not_picked":["Velvet Choker","Sozu"],"picked":"Busted Crown"}],"items_purged_floors":[5],"is_endless":false,"potions_floor_spawned":[1,2,6,16,18,20,27,33,38,39,41,42],"killed_by":"Giant Head","ascension_level":2}}