{"host":"k919bq8mkuzdqhzi","time":1612475216,"event":{"mods":["AchievementEnabler","BaseMod","Colored Map","Colored Powertips","DeckTracker","Minty Spire (QoL Compilation)","Relic Sorter","SuperFastMode"],"gold_per_floor":[119,119,119,130,143,143,199,199,199,211,211,222,31,43,43,140,140,160,160,177,0,12,12,40,72,99,99,116,116,41,41,41,145,145,157,174,174,174],"floor_reached":37,"language":"ENG","playtime":2587,"items_purged":["Strike_G"],"score":379,"play_id":"c3ad5fb1-24fb-4b51-ba54-6f92555077ee","local_time":"20210204164656","is_ascension_mode":false,"campfire_choices":[{"data":"Caltrops","floor":6,"key":"SMITH"},{"data":"Neutralize","floor":8,"key":"SMITH"},{"floor":11,"key":"REST"},{"data":"Noxious Fumes","floor":15,"key":"SMITH"},{"data":"After Image","floor":23,"key":"SMITH"},{"floor":27,"key":"REST"},{"floor":29,"key":"REST"},{"floor":32,"key":"REST"}],"circlet_count":0,"master_deck":["Strike_G","Defend_G","Defend_G","Defend_G","Defend_G","Defend_G","Survivor","Neutralize+1","Cloak And Dagger","Caltrops+1","Deflect","Bane","After Image+1","Leg Sweep","Noxious Fumes+1","Dash","Tactician","Venomology","Finisher","RitualDagger","Blur","Quick Slash","Blade Dance","Outmaneuver+1","Accuracy","Flying Knee","Burst","Acrobatics+1","Riddle With Holes+1"],"relics":["Ring of the Snake","Orichalcum","Gremlin Horn","HoveringKite","Omamori","FossilizedHelix","Red Mask","Art of War","Velvet Choker"],"acts_visited":["Exordium","TheCity","TheBeyond"],"potions_floor_usage":[7,12,16,22,25,25,25,28,33,33,33],"damage_taken":[{"damage":0,"enemies":"2 Louse","floor":1,"turns":4},{"damage":0,"enemies":"Small Slimes","floor":4,"turns":6},{"damage":0,"enemies":"Jaw Worm","floor":5,"turns":6},{"damage":35,"enemies":"Lagavulin Event","floor":7,"turns":9},{"damage":0,"enemies":"Looter","floor":10,"turns":4},{"damage":0,"enemies":"Large Slime","floor":12,"turns":9},{"damage":3,"enemies":"Gremlin Gang","floor":14,"turns":5},{"damage":19,"enemies":"Slime Boss","floor":16,"turns":13},{"damage":0,"enemies":"Shell Parasite","floor":18,"turns":6},{"damage":5,"enemies":"Spheric Guardian","floor":20,"turns":7},{"damage":7,"enemies":"Cultist and Chosen","floor":22,"turns":8},{"damage":23,"enemies":"Book of Stabbing","floor":24,"turns":7},{"damage":32,"enemies":"Masked Bandits","floor":25,"turns":5},{"damage":14,"enemies":"Snake Plant","floor":28,"turns":5},{"damage":18,"enemies":"Automaton","floor":33,"turns":14},{"damage":21,"enemies":"Orb Walker","floor":35,"turns":7},{"damage":33,"enemies":"3 Shapes","floor":36,"turns":5},{"damage":41,"enemies":"Transient","floor":37,"turns":4}],"seed_played":"8388496947959649418","potions_obtained":[{"floor":4,"key":"SkillPotion"},{"floor":5,"key":"DuplicationPotion"},{"floor":10,"key":"Block Potion"},{"floor":14,"key":"Strength Potion"},{"floor":22,"key":"Explosive Potion"},{"floor":24,"key":"LiquidBronze"},{"floor":31,"key":"DuplicationPotion"},{"floor":31,"key":"Dexterity Potion"},{"floor":31,"key":"Poison Potion"}],"is_trial":false,"path_per_floor":["M","?","?","M","M","R","?","R","T","M","R","M","$","M","R","B",null,"M","?","M","$","M","R","E","?","T","R","M","R","?","?","R","B",null,"M","M","M"],"character_chosen":"THE_SILENT","items_purchased":["Noxious Fumes","Dash","Omamori","Quick Slash"],"campfire_rested":4,"item_purchase_floors":[13,13,21,21],"current_hp_per_floor":[70,75,68,68,68,68,33,33,33,33,55,55,55,52,52,33,75,75,69,64,64,57,57,34,2,2,24,10,32,32,32,54,36,75,54,21,0,0],"gold":174,"neow_bonus":"REMOVE_CARD","is_daily":false,"chose_seed":false,"campfire_upgraded":4,"win_rate":0.0,"timestamp":1612475216,"path_taken":["M","?","?","M","M","R","?","R","T","M","R","M","$","M","R","BOSS","M","?","M","$","M","R","E","?","T","R","M","R","?","?","R","BOSS","M","?","M"],"items_purchased_type":["Card","Card","Relic","Card"],"build_version":"2020-12-22","purchased_purges":1,"victory":false,"max_hp_per_floor":[70,75,75,75,75,75,75,75,75,75,75,75,75,75,75,75,75,75,75,75,75,75,75,75,75,75,75,75,75,75,75,75,75,75,75,75,75,75],"card_choices":[{"not_picked":["Flechettes","Quick Slash"],"picked":"Cloak And Dagger","floor":1},{"not_picked":["All Out Attack","Dodge and Roll"],"picked":"Caltrops","floor":4},{"not_picked":["Outmaneuver","Dagger Spray"],"picked":"Deflect","floor":5},{"not_picked":["Outmaneuver","Blade Dance"],"picked":"Bane","floor":7},{"not_picked":["Deadly Poison","Dagger Throw"],"picked":"After Image","floor":10},{"not_picked":["Bane","Backflip"],"picked":"Leg Sweep","floor":12},{"not_picked":["Dagger Throw","Noxious Fumes"],"picked":"Tactician","floor":14},{"not_picked":["Storm of Steel","Die Die Die"],"picked":"Venomology","floor":16},{"not_picked":["Riddle With Holes","Heel Hook"],"picked":"Finisher","floor":18},{"not_picked":["Leg Sweep+1","Acrobatics+1"],"picked":"Blur","floor":20},{"not_picked":["Prepared+1","Backstab"],"picked":"Blade Dance","floor":22},{"not_picked":["Acrobatics+1","Backflip"],"picked":"Outmaneuver+1","floor":24},{"not_picked":["Eviscerate","Dagger Spray"],"picked":"Accuracy","floor":25},{"not_picked":["Caltrops","Blur"],"picked":"Flying Knee","floor":28},{"not_picked":["Glass Knife","A Thousand Cuts"],"picked":"Burst","floor":33},{"not_picked":["Backflip","Dagger Throw"],"picked":"Acrobatics+1","floor":35},{"not_picked":["Acrobatics","Endless Agony+1"],"picked":"Riddle With Holes+1","floor":36}],"player_experience":95396,"relics_obtained":[{"floor":7,"key":"Orichalcum"},{"floor":9,"key":"Gremlin Horn"},{"floor":24,"key":"FossilizedHelix"},{"floor":25,"key":"Red Mask"},{"floor":26,"key":"Art of War"}],"event_choices":[{"damage_healed":0,"gold_gain":0,"player_choice":"Donut","damage_taken":0,"max_hp_gain":5,"max_hp_loss":0,"event_name":"Big Fish","floor":2,"gold_loss":0},{"cards_removed":["Strike_G"],"damage_healed":0,"gold_gain":0,"player_choice":"Card Removal","damage_taken":7,"max_hp_gain":0,"max_hp_loss":0,"event_name":"Golden Wing","floor":3,"gold_loss":0},{"damage_healed":0,"gold_gain":0,"player_choice":"Searched \u00271\u0027 times","damage_taken":0,"max_hp_gain":0,"max_hp_loss":0,"event_name":"Dead Adventurer","floor":7,"gold_loss":0},{"damage_healed":0,"gold_gain":0,"player_choice":"Joined the Cult","damage_taken":6,"max_hp_gain":0,"max_hp_loss":0,"event_name":"Nest","floor":19,"gold_loss":0,"cards_obtained":["RitualDagger"]},{"damage_healed":0,"gold_gain":0,"player_choice":"Fought Bandits","damage_taken":0,"max_hp_gain":0,"max_hp_loss":0,"event_name":"Masked Bandits","floor":25,"gold_loss":0},{"cards_removed":["Strike_G"],"damage_healed":0,"gold_gain":0,"player_choice":"Gave Gold","damage_taken":0,"max_hp_gain":0,"max_hp_loss":0,"event_name":"Beggar","floor":30,"gold_loss":75},{"damage_healed":0,"gold_gain":0,"player_choice":"Got Potions","damage_taken":0,"max_hp_gain":0,"max_hp_loss":0,"event_name":"Lab","floor":31,"gold_loss":0}],"is_beta":false,"boss_relics":[{"not_picked":["WristBlade","Calling Bell"],"picked":"HoveringKite"},{"not_picked":["Philosopher\u0027s Stone","Snecko Eye"],"picked":"Velvet Choker"}],"items_purged_floors":[13],"is_endless":false,"potions_floor_spawned":[4,5,10,14,22,24],"killed_by":"Transient","ascension_level":0}}