{"host":"6vv4dpyii7syqh71","time":1612413607,"event":{"mods":["100% Spire Juice","2.2 Compatiblity","Abigail Mod","Act Like it!","Aspiration","BaseMod","Block Reminder","Downfall","Hubris","Infinite Spire","Magitek Elite","Marisa（霧雨　魔理沙）","Minty Spire (QoL Compilation)","Pale of the Ancients","Prisma Mod","Rare Cards Sparkle","Remilia（蕾米莉?）","SacredBarkPlus","StSLib","Td1madao Mod","The Administrix","The Animator","The Construct","The Cursed","The Disciple","The Jungle","The Necromancer","The Servant 0.9.4","Waifu the Spire","everything is the same but u backflip on backflip"],"gold_per_floor":[111,111,125,125,136,136,149,72,150,163,163,173,205,220,220,220,220],"floor_reached":16,"language":"ENG","playtime":625,"items_purged":[],"score":104,"play_id":"d0248bae-511c-45e9-80f4-d18ddb51ca17","local_time":"20210203224007","is_ascension_mode":false,"campfire_choices":[{"data":"Cleave","floor":6,"key":"SMITH"},{"data":"Whirlwind","floor":15,"key":"SMITH"}],"circlet_count":0,"master_deck":["Strike_R","Strike_R","Strike_R","Strike_R","Strike_R","Defend_R","Defend_R","Defend_R","Defend_R","Bash","Cleave+1","Regret","Heavy Blade","Evolve","Whirlwind+1","Fire Breathing","Sword Boomerang","Immolate","Shrug It Off"],"relics":["Burning Blood","NeowsBlessing","Bag of Marbles","infinitespire:WardingShard","SsserpentHead","Bronze Scales"],"acts_visited":["Exordium"],"potions_floor_usage":[7,13,16],"damage_taken":[{"damage":0,"enemies":"Cultist","floor":1,"turns":1},{"damage":0,"enemies":"Small Slimes","floor":3,"turns":1},{"damage":0,"enemies":"2 Louse","floor":5,"turns":1},{"damage":20,"enemies":"Gremlin Gang","floor":7,"turns":3},{"damage":4,"enemies":"Large Slime","floor":10,"turns":6},{"damage":14,"enemies":"Lots of Slimes","floor":12,"turns":2},{"damage":14,"enemies":"3 Sentries","floor":13,"turns":4},{"damage":0,"enemies":"2 Fungi Beasts","floor":14,"turns":1},{"damage":60,"enemies":"Hexaghost","floor":16,"turns":9}],"seed_played":"-8673961805371672094","potions_obtained":[{"floor":1,"key":"Explosive Potion"},{"floor":5,"key":"Dexterity Potion"},{"floor":10,"key":"Explosive Potion"}],"is_trial":false,"path_per_floor":["M","?","M","?","M","R","M","$","T","M","?","M","E","M","R","B"],"character_chosen":"IRONCLAD","items_purchased":["Fire Breathing"],"campfire_rested":0,"item_purchase_floors":[8],"current_hp_per_floor":[80,80,80,80,80,80,66,66,66,68,68,60,52,58,58,0,0],"gold":220,"neow_bonus":"THREE_ENEMY_KILL","is_daily":false,"chose_seed":false,"campfire_upgraded":2,"win_rate":0.0,"timestamp":1612413607,"path_taken":["M","?","M","?","?","R","M","$","T","?","?","M","E","M","R","BOSS"],"items_purchased_type":["Card"],"build_version":"2020-12-22","purchased_purges":0,"victory":false,"max_hp_per_floor":[80,80,80,80,80,80,80,80,80,80,80,80,80,80,80,80,80],"card_choices":[{"not_picked":["Warcry","Shrug It Off"],"picked":"Cleave","floor":1},{"not_picked":["Shrug It Off","Clothesline"],"picked":"Heavy Blade","floor":3},{"not_picked":["Wild Strike","Disarm"],"picked":"Evolve","floor":5},{"not_picked":["Heavy Blade","Pommel Strike"],"picked":"Whirlwind","floor":7},{"not_picked":["Evolve","Havoc"],"picked":"Sword Boomerang","floor":10},{"not_picked":["Bloodletting","True Grit","Evolve"],"picked":"SKIP","floor":12},{"not_picked":["Inflame","Dual Wield"],"picked":"Immolate","floor":13},{"not_picked":["Whirlwind","Sever Soul"],"picked":"Shrug It Off","floor":14}],"player_experience":915442,"relics_obtained":[{"floor":9,"key":"infinitespire:WardingShard"},{"floor":13,"key":"Bronze Scales"}],"event_choices":[{"damage_healed":0,"gold_gain":0,"player_choice":"Box","damage_taken":0,"relics_obtained":["Bag of Marbles"],"max_hp_gain":0,"max_hp_loss":0,"event_name":"Big Fish","floor":2,"gold_loss":0,"cards_obtained":["Regret"]},{"damage_healed":0,"gold_gain":0,"player_choice":"0 cards matched","damage_taken":0,"max_hp_gain":0,"max_hp_loss":0,"event_name":"Match and Keep!","floor":4,"gold_loss":0,"cards_obtained":[]},{"damage_healed":0,"gold_gain":0,"player_choice":"Trade","damage_taken":0,"relics_obtained":["SsserpentHead"],"max_hp_gain":0,"max_hp_loss":0,"event_name":"FaceTrader","floor":11,"gold_loss":0}],"is_beta":false,"boss_relics":[],"items_purged_floors":[],"is_endless":false,"potions_floor_spawned":[1,5,10],"killed_by":"Hexaghost","ascension_level":0}}