{"host":"13o02hya6v6rzuva","time":1612436912,"event":{"mods":["BaseMod","Minty Spire (QoL Compilation)","Relic Stats"],"gold_per_floor":[110,110,110,62,76,76,111,61,85,55,68,68,19,38,38,134,134,149,159,159,172,186,186,214,214,214,214,224,250,250,275,275,380,380,390,390,159,169,180,180,210,224,248,263,280,280,280],"floor_reached":46,"language":"ENG","playtime":2263,"items_purged":["Eruption"],"score":698,"play_id":"4b71efc3-371e-40b5-902b-6917246c0c7e","local_time":"20210204120832","is_ascension_mode":true,"campfire_choices":[{"data":"Evaluate","floor":6,"key":"SMITH"},{"data":"PathToVictory","floor":15,"key":"SMITH"},{"floor":23,"key":"REST"},{"data":"PathToVictory","floor":30,"key":"SMITH"},{"floor":32,"key":"REST"},{"data":"PathToVictory","floor":40,"key":"SMITH"}],"circlet_count":0,"master_deck":["Strike_P","Defend_P","Defend_P","Vigilance","CutThroughFate","Evaluate+1","Wireheading","PathToVictory+1","SignatureMove","ThirdEye","JustLucky","DeusExMachina","FollowUp+1","FlurryOfBlows+1","Conclude+1","ThirdEye+1","PathToVictory+1","Protect+1","Consecrate+1","Establishment","PathToVictory+1","PathToVictory+1","Evaluate+1","DeceiveReality","PathToVictory+1"],"relics":["PureWater","NeowsBlessing","Sundial","Tiny Chest","Mercury Hourglass","Astrolabe","InkBottle","StrikeDummy","MutagenicStrength","Toy Ornithopter","Omamori","Calling Bell","Blood Vial","Yang","Peace Pipe","Lee\u0027s Waffle","Gremlin Horn","Boot"],"acts_visited":["Exordium","TheCity","TheBeyond"],"potions_floor_usage":[16,24,24,31,33,39,46],"damage_taken":[{"damage":0,"enemies":"Cultist","floor":1,"turns":1},{"damage":0,"enemies":"2 Louse","floor":5,"turns":1},{"damage":0,"enemies":"Lagavulin","floor":7,"turns":1},{"damage":2,"enemies":"Jaw Worm","floor":11,"turns":3},{"damage":0,"enemies":"2 Fungi Beasts","floor":14,"turns":2},{"damage":3,"enemies":"The Guardian","floor":16,"turns":8},{"damage":0,"enemies":"Spheric Guardian","floor":18,"turns":3},{"damage":0,"enemies":"Chosen","floor":19,"turns":3},{"damage":4,"enemies":"Centurion and Healer","floor":21,"turns":4},{"damage":21,"enemies":"Snake Plant","floor":22,"turns":3},{"damage":0,"enemies":"Slavers","floor":24,"turns":4},{"damage":0,"enemies":"Cultist and Chosen","floor":28,"turns":3},{"damage":25,"enemies":"Book of Stabbing","floor":31,"turns":5},{"damage":56,"enemies":"Collector","floor":33,"turns":7},{"damage":8,"enemies":"3 Shapes","floor":35,"turns":4},{"damage":18,"enemies":"3 Darklings","floor":38,"turns":4},{"damage":15,"enemies":"4 Shapes","floor":39,"turns":3},{"damage":23,"enemies":"Reptomancer","floor":41,"turns":6},{"damage":0,"enemies":"Sphere and 2 Shapes","floor":42,"turns":3},{"damage":17,"enemies":"Writhing Mass","floor":44,"turns":5},{"damage":18,"enemies":"3 Darklings","floor":45,"turns":3},{"damage":22,"enemies":"Transient","floor":46,"turns":5}],"seed_played":"-6986675494336692911","potions_obtained":[{"floor":7,"key":"Block Potion"},{"floor":10,"key":"ColorlessPotion"},{"floor":10,"key":"Block Potion"},{"floor":24,"key":"Fire Potion"},{"floor":28,"key":"Ancient Potion"},{"floor":31,"key":"BlessingOfTheForge"},{"floor":38,"key":"LiquidMemories"},{"floor":39,"key":"GamblersBrew"},{"floor":44,"key":"Swift Potion"}],"is_trial":false,"path_per_floor":["M","?","?","$","M","R","E","?","T","?","M","T","$","M","R","B",null,"M","M","T","M","M","R","E","?","T","?","M","T","R","E","R","B",null,"M","?","$","M","M","R","E","M","T","M","M","M"],"character_chosen":"WATCHER","items_purchased":["Evaluate","ThirdEye","Lee\u0027s Waffle"],"campfire_rested":2,"item_purchase_floors":[4,13,37],"current_hp_per_floor":[72,77,70,70,70,70,70,70,70,70,68,68,68,68,68,65,77,77,77,77,73,52,75,75,75,75,61,61,61,61,41,65,14,82,74,74,89,71,63,63,42,44,44,29,13,0,0],"gold":280,"neow_bonus":"THREE_ENEMY_KILL","is_daily":false,"chose_seed":false,"campfire_upgraded":4,"win_rate":0.0,"timestamp":1612436912,"path_taken":["M","?","?","?","M","R","E","?","T","?","?","?","$","M","R","BOSS","M","M","?","M","M","R","E","?","T","?","?","?","R","E","R","BOSS","M","?","$","M","M","R","E","M","T","M","M","M"],"items_purchased_type":["Card","Card","Relic"],"build_version":"2020-12-22","purchased_purges":1,"victory":false,"max_hp_per_floor":[72,77,77,77,77,77,77,77,77,77,77,77,77,77,77,77,77,77,77,77,77,77,77,77,77,77,82,82,82,82,82,82,82,82,82,82,89,89,89,89,89,89,89,89,89,89,89],"relic_stats":{"Lee\u0027s Waffle":15,"Gremlin Horn":[3,3],"counters":[22,80],"Astrolabe":["FollowUp","FlurryOfBlows","Conclude"],"Yang":[54],"Boot":[6],"Mercury Hourglass":[333],"Blood Vial":12,"Peace Pipe":0,"Sundial":[8],"Tiny Chest":2,"obtain_stats":[{"Lee\u0027s Waffle":37,"NeowsBlessing":0,"Gremlin Horn":41,"Astrolabe":17,"Yang":34,"Omamori":31,"Boot":43,"Mercury Hourglass":12,"Calling Bell":34,"Blood Vial":34,"Peace Pipe":34,"Sundial":7,"MutagenicStrength":25,"Tiny Chest":9,"PureWater":0,"StrikeDummy":24,"InkBottle":20,"Toy Ornithopter":29},{"Lee\u0027s Waffle":15,"NeowsBlessing":0,"Gremlin Horn":18,"Astrolabe":6,"Yang":14,"Omamori":13,"Boot":19,"Mercury Hourglass":4,"Calling Bell":14,"Blood Vial":14,"Peace Pipe":14,"Sundial":3,"MutagenicStrength":11,"Tiny Chest":3,"PureWater":0,"StrikeDummy":11,"InkBottle":8,"Toy Ornithopter":12},{"Lee\u0027s Waffle":51,"NeowsBlessing":0,"Gremlin Horn":64,"Astrolabe":16,"Yang":48,"Omamori":41,"Boot":67,"Mercury Hourglass":6,"Calling Bell":48,"Blood Vial":48,"Peace Pipe":48,"Sundial":3,"MutagenicStrength":33,"Tiny Chest":3,"PureWater":0,"StrikeDummy":33,"InkBottle":22,"Toy Ornithopter":36}],"InkBottle":[26],"Toy Ornithopter":20},"card_choices":[{"not_picked":["FlyingSleeves","Indignation"],"picked":"CutThroughFate","floor":1},{"not_picked":["Collect","EmptyFist"],"picked":"Wireheading","floor":5},{"not_picked":["Scrawl","ClearTheMind"],"picked":"PathToVictory","floor":7},{"not_picked":["EmptyMind","EmptyBody"],"picked":"SignatureMove","floor":11},{"not_picked":["FlyingSleeves","Indignation"],"picked":"JustLucky","floor":14},{"not_picked":["Omniscience","MasterReality"],"picked":"DeusExMachina","floor":16},{"not_picked":["SashWhip+1","EmptyMind","TalkToTheHand"],"picked":"SKIP","floor":18},{"not_picked":["JustLucky+1","Swivel"],"picked":"ThirdEye+1","floor":19},{"not_picked":["Fasting2","BowlingBash","SashWhip"],"picked":"SKIP","floor":21},{"not_picked":["EmptyBody+1","FlurryOfBlows"],"picked":"PathToVictory","floor":22},{"not_picked":["Swivel","Consecrate+1"],"picked":"Protect+1","floor":24},{"not_picked":["LikeWater","SignatureMove"],"picked":"Consecrate+1","floor":28},{"not_picked":["Fasting2","WaveOfTheHand+1","SashWhip"],"picked":"SKIP","floor":31},{"not_picked":["MasterReality","Wish"],"picked":"Establishment","floor":33},{"not_picked":["DeceiveReality+1","Crescendo+1"],"picked":"PathToVictory","floor":35},{"not_picked":["Halt+1","ForeignInfluence"],"picked":"Evaluate+1","floor":38},{"not_picked":["Study+1","EmptyFist","Evaluate+1"],"picked":"SKIP","floor":39},{"not_picked":["Perseverance","ClearTheMind"],"picked":"DeceiveReality","floor":41},{"not_picked":["EmptyBody","SandsOfTime","CarveReality+1"],"picked":"SKIP","floor":42},{"not_picked":["FlyingSleeves+1","ReachHeaven+1"],"picked":"PathToVictory+1","floor":44},{"not_picked":["Establishment","Meditate","SashWhip+1"],"picked":"SKIP","floor":45}],"player_experience":1182486,"relics_obtained":[{"floor":7,"key":"Sundial"},{"floor":9,"key":"Tiny Chest"},{"floor":12,"key":"Mercury Hourglass"},{"floor":20,"key":"InkBottle"},{"floor":24,"key":"StrikeDummy"},{"floor":29,"key":"Toy Ornithopter"},{"floor":31,"key":"Omamori"},{"floor":34,"key":"Blood Vial"},{"floor":34,"key":"Yang"},{"floor":34,"key":"Peace Pipe"},{"floor":41,"key":"Gremlin Horn"},{"floor":43,"key":"Boot"}],"event_choices":[{"damage_healed":0,"gold_gain":0,"player_choice":"Donut","damage_taken":0,"max_hp_gain":5,"max_hp_loss":0,"event_name":"Big Fish","floor":2,"gold_loss":0},{"cards_removed":["Strike_P"],"damage_healed":0,"gold_gain":0,"player_choice":"Card Removal","damage_taken":7,"max_hp_gain":0,"max_hp_loss":0,"event_name":"Golden Wing","floor":3,"gold_loss":0},{"cards_removed":["Strike_P"],"damage_healed":0,"gold_gain":0,"player_choice":"Card Removal","damage_taken":0,"max_hp_gain":0,"max_hp_loss":0,"event_name":"The Cleric","floor":8,"gold_loss":50},{"damage_healed":0,"gold_gain":0,"player_choice":"Bought 2 Potions","damage_taken":0,"max_hp_gain":0,"max_hp_loss":0,"event_name":"The Woman in Blue","floor":10,"gold_loss":0},{"damage_healed":0,"gold_gain":0,"player_choice":"Inject Mutagens","damage_taken":0,"relics_obtained":["MutagenicStrength"],"max_hp_gain":0,"max_hp_loss":0,"event_name":"Drug Dealer","floor":25,"gold_loss":0},{"damage_healed":0,"gold_gain":0,"player_choice":"Shed Blood","damage_taken":19,"max_hp_gain":5,"max_hp_loss":0,"event_name":"Forgotten Altar","floor":27,"gold_loss":0},{"damage_healed":0,"gold_gain":0,"player_choice":"Copied","damage_taken":0,"max_hp_gain":0,"max_hp_loss":0,"event_name":"Duplicator","floor":36,"gold_loss":0,"cards_obtained":["PathToVictory"]}],"is_beta":false,"boss_relics":[{"not_picked":["SlaversCollar","Ectoplasm"],"picked":"Astrolabe"},{"not_picked":["HolyWater","Velvet Choker"],"picked":"Calling Bell"}],"items_purged_floors":[37],"is_endless":false,"potions_floor_spawned":[7,14,24,28,31,38,39,44],"killed_by":"Transient","ascension_level":4}}