{"host":"92108ef2q9tm8rod","time":1612480398,"event":{"mods":["BaseMod","Defuse TimeMaze Blight","Minty Spire (QoL Compilation)","StSLib","The Jungle"],"gold_per_floor":[411,162,162,178,190,190,224,224,224,259,259,291,291,308,308,411,411,428,428,447,466,485,512,437,454,533,533,533,567,567,587,587,690,690,706,718,425,435,149,149,165,165,165,193,207,223,223,250,250,250],"floor_reached":51,"language":"ENG","playtime":2696,"items_purged":["Coolheaded","Finesse"],"score":1242,"play_id":"4e22ecd3-50b1-46b0-9d13-12b6ddf02236","local_time":"20210204231318","daily_mods":["SealedDeck","Colorless Cards","Heirloom","Flight"],"is_ascension_mode":false,"campfire_choices":[{"data":"Blind","floor":6,"key":"SMITH"},{"data":"Coolheaded","floor":8,"key":"SMITH"},{"data":"Panacea","floor":11,"key":"SMITH"},{"data":"Glacier","floor":13,"key":"SMITH"},{"data":"Gash","floor":15,"key":"SMITH"},{"data":"Coolheaded","floor":27,"key":"SMITH"},{"data":"Gash","floor":28,"key":"SMITH"},{"data":"Streamline","floor":30,"key":"SMITH"},{"data":"Conserve Battery","floor":32,"key":"SMITH"},{"data":"Loop","floor":40,"key":"SMITH"},{"data":"Flash of Steel","floor":42,"key":"SMITH"},{"data":"Dramatic Entrance","floor":47,"key":"SMITH"},{"floor":49,"key":"REST"}],"circlet_count":0,"master_deck":["Flash of Steel+1","Dramatic Entrance+1","Coolheaded+1","Streamline+1","Gash+1","Panacea+1","Conserve Battery+1","Coolheaded+1","Blind+1","Gash+1","Glacier+1","Madness+1","Loop+1"],"relics":["Cracked Core","Old Coin","Mercury Hourglass","HornCleat","Ornamental Fan","Thread and Needle","DataDisk","Black Star","Blood Vial","Pantograph","Cables","Kunai","Singing Bowl","Nuclear Battery","Unceasing Top","ClockworkSouvenir","Ginger","Bottled Tornado","MealTicket","InkBottle","Calipers"],"acts_visited":["Exordium","Exordium","TheBeyond"],"potions_floor_usage":[7,10,22,33,33,46,50,50,50],"damage_taken":[{"damage":0,"enemies":"2 Louse","floor":1,"turns":2},{"damage":0,"enemies":"Cultist","floor":4,"turns":2},{"damage":0,"enemies":"Jaw Worm","floor":5,"turns":3},{"damage":9,"enemies":"3 Sentries","floor":7,"turns":5},{"damage":0,"enemies":"Gremlin Nob","floor":10,"turns":2},{"damage":0,"enemies":"3 Sentries","floor":12,"turns":4},{"damage":0,"enemies":"Exordium Thugs","floor":14,"turns":3},{"damage":0,"enemies":"Slime Boss","floor":16,"turns":6},{"damage":0,"enemies":"theJungle:GiantWrat","floor":18,"turns":4},{"damage":0,"enemies":"theJungle:Flameango_and_Byrd","floor":20,"turns":4},{"damage":0,"enemies":"theJungle:Snecko_Cultist_And_Trap","floor":21,"turns":5},{"damage":0,"enemies":"theJungle:JungleHuntersEncounter","floor":22,"turns":4},{"damage":0,"enemies":"theJungle:MamaSnecko","floor":23,"turns":7},{"damage":0,"enemies":"theJungle:2_Snecko_Cultists","floor":25,"turns":3},{"damage":0,"enemies":"theJungle:2_Phrogs","floor":29,"turns":4},{"damage":0,"enemies":"theJungle:Snecko_Cultist_And_Trap","floor":31,"turns":3},{"damage":0,"enemies":"theJungle:QueenSpyder","floor":33,"turns":5},{"damage":0,"enemies":"3 Darklings","floor":35,"turns":4},{"damage":0,"enemies":"3 Shapes","floor":36,"turns":5},{"damage":0,"enemies":"Spire Growth","floor":38,"turns":3},{"damage":0,"enemies":"Jaw Worm Horde","floor":41,"turns":3},{"damage":0,"enemies":"Reptomancer","floor":44,"turns":3},{"damage":0,"enemies":"Maw","floor":45,"turns":4},{"damage":0,"enemies":"4 Shapes","floor":46,"turns":3},{"damage":0,"enemies":"Giant Head","floor":48,"turns":6},{"damage":0,"enemies":"Time Eater","floor":50,"turns":7}],"seed_played":"6621748167766448655","potions_obtained":[{"floor":5,"key":"SkillPotion"},{"floor":7,"key":"AttackPotion"},{"floor":16,"key":"Swift Potion"},{"floor":20,"key":"Strength Potion"},{"floor":21,"key":"FocusPotion"},{"floor":23,"key":"DistilledChaos"},{"floor":36,"key":"BlessingOfTheForge"},{"floor":38,"key":"Fire Potion"},{"floor":44,"key":"SpeedPotion"},{"floor":46,"key":"EssenceOfSteel"}],"is_trial":true,"path_per_floor":["M","$","?","M","M","R","E","R","T","E","R","E","R","M","R","B",null,"M","?","M","M","M","E","$","M","T","R","R","E","R","M","R","B",null,"M","M","$","M","$","R","M","R","T","E","M","M","R","E","R","B",null],"character_chosen":"DEFECT","items_purchased":["Mercury Hourglass","Unceasing Top","ClockworkSouvenir","Loop"],"campfire_rested":1,"item_purchase_floors":[2,37,39,39],"current_hp_per_floor":[75,75,75,75,75,75,66,66,66,66,66,66,66,66,66,66,75,75,75,75,75,75,75,75,75,75,75,75,77,77,79,79,81,81,83,85,85,87,87,87,89,89,89,91,93,95,95,97,97,97],"gold":250,"neow_bonus":"","is_daily":false,"chose_seed":false,"campfire_upgraded":12,"win_rate":0.0,"timestamp":1612480398,"path_taken":["M","$","?","M","?","R","E","R","T","E","R","E","R","M","R","BOSS","M","?","M","M","M","E","$","M","T","R","R","E","R","M","R","BOSS","M","M","$","M","$","R","M","R","T","E","M","M","R","E","R","BOSS"],"items_purchased_type":["Relic","Relic","Relic","Card"],"build_version":"2020-12-22","purchased_purges":2,"victory":true,"max_hp_per_floor":[75,75,75,75,75,75,75,75,75,75,75,75,75,75,75,75,75,75,75,75,75,75,75,75,75,75,75,75,77,77,79,79,81,81,83,85,85,87,87,87,89,89,89,91,93,95,95,97,97,97],"card_choices":[{"not_picked":["Turbo","Stack"],"picked":"Blind","floor":1},{"not_picked":["Rebound","Beam Cell","Steam"],"picked":"SKIP","floor":4},{"not_picked":["Beam Cell","Compile Driver","Cold Snap"],"picked":"SKIP","floor":5},{"not_picked":["Transmutation","Beam Cell","All For One"],"picked":"SKIP","floor":7},{"not_picked":["Beam Cell","Stack"],"picked":"Gash","floor":10},{"not_picked":["Stack","Undo"],"picked":"Glacier","floor":12},{"not_picked":["Gash","Go for the Eyes","FTL"],"picked":"SKIP","floor":14},{"not_picked":["Hologram","Undo","Force Field+1"],"picked":"SKIP","floor":18},{"not_picked":["Stack","Coolheaded","Deep Breath"],"picked":"SKIP","floor":20},{"not_picked":["Conserve Battery","Sunder+1","Cold Snap"],"picked":"SKIP","floor":21},{"not_picked":["Good Instincts","Gash+1"],"picked":"Madness+1","floor":22},{"not_picked":["Hologram+1","Dark Shackles","Redo"],"picked":"SKIP","floor":23},{"not_picked":["Hologram","Cold Snap+1","Leap"],"picked":"SKIP","floor":25},{"not_picked":["Chrysalis","Compile Driver+1","Redo+1"],"picked":"Singing Bowl","floor":29},{"not_picked":["Heatsinks","Good Instincts","Barrage+1"],"picked":"Singing Bowl","floor":31},{"not_picked":["Hyperbeam","Machine Learning","Mayhem"],"picked":"Singing Bowl","floor":33},{"not_picked":["Gash+1","Genetic Algorithm+1","Barrage+1"],"picked":"Singing Bowl","floor":35},{"not_picked":["Doom and Gloom+1","Mind Blast+1","Melter+1"],"picked":"Singing Bowl","floor":36},{"not_picked":["Turbo+1","Tempest","Leap"],"picked":"Singing Bowl","floor":38},{"not_picked":["Cold Snap+1","Turbo","Conserve Battery"],"picked":"Singing Bowl","floor":41},{"not_picked":["Undo+1","Dramatic Entrance+1","Streamline+1"],"picked":"Singing Bowl","floor":44},{"not_picked":["Rebound","Gash","Multi-Cast"],"picked":"Singing Bowl","floor":45},{"not_picked":["Doom and Gloom+1","Barrage","Stack"],"picked":"Singing Bowl","floor":46},{"not_picked":["Static Discharge+1","Leap+1","Streamline+1"],"picked":"Singing Bowl","floor":48}],"player_experience":3388308,"relics_obtained":[{"floor":7,"key":"HornCleat"},{"floor":9,"key":"Ornamental Fan"},{"floor":10,"key":"Thread and Needle"},{"floor":12,"key":"DataDisk"},{"floor":23,"key":"Blood Vial"},{"floor":23,"key":"Pantograph"},{"floor":26,"key":"Cables"},{"floor":29,"key":"Kunai"},{"floor":29,"key":"Singing Bowl"},{"floor":43,"key":"Ginger"},{"floor":44,"key":"Bottled Tornado"},{"floor":44,"key":"MealTicket"},{"floor":48,"key":"InkBottle"},{"floor":48,"key":"Calipers"}],"event_choices":[{"damage_healed":0,"gold_gain":0,"player_choice":"Ignored","damage_taken":0,"max_hp_gain":0,"max_hp_loss":0,"event_name":"Transmorgrifier","floor":3,"gold_loss":0},{"damage_healed":0,"gold_gain":0,"player_choice":"Bought 0 Potions","damage_taken":0,"max_hp_gain":0,"max_hp_loss":0,"event_name":"The Woman in Blue","floor":19,"gold_loss":0}],"is_beta":false,"boss_relics":[{"not_picked":["FrozenCore","Snecko Eye"],"picked":"Black Star"},{"not_picked":["SlaversCollar","Coffee Dripper"],"picked":"Nuclear Battery"}],"items_purged_floors":[24,39],"is_endless":false,"potions_floor_spawned":[5,7,16,20,21,23,36,38,41,44,46],"ascension_level":0}}