{"host":"uzp1tn8qxn9571p9","time":1612443249,"event":{"mods":["BaseMod","Colored Map","Colored Powertips","Hermit","Minty Spire (QoL Compilation)","StSLib","óô»ðÖ¸ÄÏ"],"gold_per_floor":[17,17,37,53,53,87,87,114,114,126,126,142,155,168,168,269,269,280,280],"floor_reached":18,"language":"ZHS","playtime":1409,"items_purged":[],"score":221,"play_id":"4c31a085-daf2-4ce7-93af-fd0cfa2932a0","local_time":"20210204205409","is_ascension_mode":true,"campfire_choices":[{"data":"hermit:WideOpen","floor":7.0,"key":"SMITH"},{"data":"hermit:EyeOfTheStorm","floor":11.0,"key":"SMITH"},{"data":"hermit:Manifest","floor":15.0,"key":"SMITH"}],"circlet_count":0,"master_deck":["hermit:Strike_Hermit","hermit:Strike_Hermit","hermit:Strike_Hermit","hermit:Defend_Hermit","hermit:Defend_Hermit","hermit:Defend_Hermit","hermit:Snapshot","hermit:Covet","hermit:GoldenBullet","Pain","hermit:Malice","hermit:WideOpen+1","hermit:Headshot","hermit:Grudge","hermit:EyeOfTheStorm+1","hermit:Manifest+1","hermit:Misfire","hermit:FinalCanter"],"relics":["hermit:Momento","WarpedTongs","Lantern","Lizard Tail","Matryoshka","Cursed Key"],"acts_visited":["Exordium","TheCity"],"potions_floor_usage":[16],"damage_taken":[{"damage":2.0,"enemies":"Jaw Worm","floor":1.0,"turns":3.0},{"damage":0.0,"enemies":"Cultist","floor":3.0,"turns":2.0},{"damage":0.0,"enemies":"Small Slimes","floor":4.0,"turns":1.0},{"damage":45.0,"enemies":"3 Sentries","floor":6.0,"turns":7.0},{"damage":0.0,"enemies":"Gremlin Nob","floor":8.0,"turns":2.0},{"damage":6.0,"enemies":"Gremlin Gang","floor":10.0,"turns":2.0},{"damage":0.0,"enemies":"Large Slime","floor":12.0,"turns":3.0},{"damage":5.0,"enemies":"Blue Slaver","floor":13.0,"turns":2.0},{"damage":3.0,"enemies":"Exordium Thugs","floor":14.0,"turns":2.0},{"damage":26,"enemies":"The Guardian","floor":16,"turns":8},{"damage":0,"enemies":"Chosen","floor":18,"turns":3}],"seed_played":"6001048430966616283","potions_obtained":[{"floor":4.0,"key":"hermit:Tonic"},{"floor":6.0,"key":"AttackPotion"},{"floor":8.0,"key":"Ancient Potion"},{"floor":10.0,"key":"Regen Potion"}],"is_trial":false,"path_per_floor":["M","?","M","M","$","E","R","E","T","M","R","M","M","M","R","B",null,"M"],"character_chosen":"HERMIT","items_purchased":[],"campfire_rested":0,"item_purchase_floors":[],"current_hp_per_floor":[73,73,73,73,73,28,28,28,28,22,22,22,17,14,14,3,75,75,75],"gold":280,"neow_bonus":"REMOVE_TWO","is_daily":false,"chose_seed":false,"campfire_upgraded":3,"win_rate":0.0,"timestamp":1612443249,"path_taken":["M","?","M","M","$","E","R","E","T","M","R","M","M","?","R","BOSS","M"],"items_purchased_type":[],"build_version":"2020-12-22","purchased_purges":0,"victory":false,"max_hp_per_floor":[75,75,75,75,75,75,75,75,75,75,75,75,75,75,75,75,75,75,75],"card_choices":[{"not_picked":["hermit:WideOpen","hermit:BigShot"],"picked":"hermit:GoldenBullet","floor":1.0},{"not_picked":["hermit:HoleUp","hermit:ItchyTrigger"],"picked":"hermit:Malice","floor":3.0},{"not_picked":["hermit:BodyArmor","hermit:Malice"],"picked":"hermit:WideOpen","floor":4.0},{"not_picked":["hermit:ItchyTrigger","hermit:Brawl"],"picked":"hermit:Headshot","floor":6.0},{"not_picked":["hermit:Midnight","hermit:FinalCanter"],"picked":"hermit:Grudge","floor":8.0},{"not_picked":["hermit:Glare","hermit:Feint"],"picked":"hermit:EyeOfTheStorm","floor":10.0},{"not_picked":["hermit:WideOpen","hermit:Desperado","hermit:Manifest"],"picked":"SKIP","floor":12.0},{"not_picked":["hermit:LowProfile","hermit:Snipe"],"picked":"hermit:Manifest","floor":13.0},{"not_picked":["hermit:WideOpen","hermit:Malice"],"picked":"hermit:Misfire","floor":14.0},{"not_picked":["hermit:Reprieve","hermit:Magnum"],"picked":"hermit:FinalCanter","floor":16}],"player_experience":378992,"relics_obtained":[{"floor":6.0,"key":"Lantern"},{"floor":8.0,"key":"Lizard Tail"},{"floor":9.0,"key":"Matryoshka"}],"event_choices":[{"damage_healed":0.0,"max_hp_gain":0.0,"max_hp_loss":0.0,"gold_gain":0.0,"event_name":"Accursed Blacksmith","player_choice":"Rummage","floor":2.0,"gold_loss":0.0,"damage_taken":0.0,"relics_obtained":["WarpedTongs"],"cards_obtained":["Pain"]}],"is_beta":false,"boss_relics":[{"not_picked":["Velvet Choker","Empty Cage"],"picked":"Cursed Key"}],"items_purged_floors":[],"is_endless":false,"potions_floor_spawned":[4,6,8,10,14],"killed_by":"Chosen","ascension_level":2}}