{"host":"spoxbmo2txwgdxt2","time":1612454000,"event":{"mods":["AchievementEnabler","Act Like it!","BaseMod","Colored Powertips","Gensokyo","Hallownest","Highlight Path","Minty Spire (QoL Compilation)","Quick Restart","Shop Mod","StSLib","The Bug Knight","The Runesmith"],"gold_per_floor":[119,119,136,136,152,179,179,209,233,261,101,101,117,38,38,143,143,159,159,159,170,190,190,190,221,221,255,128,128,67,79,79,185,185,205,205,222,222,243,274,223,251,274,293,312,312,336,348,348,348],"floor_reached":51,"language":"ZHS","playtime":5721,"items_purged":["Pain"],"score":840,"play_id":"575bad7b-9e83-4109-9dda-b59640e2e8df","local_time":"20210204235320","is_ascension_mode":false,"campfire_choices":[{"data":"Runesmith:FieryHammer","floor":7.0,"key":"SMITH"},{"data":"Runesmith:FieryHammer+1","floor":12.0,"key":"SMITH"},{"data":"Runesmith:FieryHammer+2","floor":15.0,"key":"SMITH"},{"data":"Runesmith:FieryHammer+3","floor":23.0,"key":"SMITH"},{"data":"Runesmith:FieryHammer+4","floor":29.0,"key":"SMITH"},{"data":"Runesmith:FieryHammer+5","floor":32.0,"key":"SMITH"},{"data":"Runesmith:FieryHammer+6","floor":46.0,"key":"SMITH"},{"floor":49.0,"key":"REST"}],"circlet_count":0,"master_deck":["Runesmith:Strike_RS","Runesmith:Defend_RS","Runesmith:Defend_RS","Runesmith:Defend_RS","Runesmith:CraftFirestone","Runesmith:Fortify","Runesmith:BackupBattery","Runesmith:Grindstone","Clumsy","Runesmith:GoWithTheFlow","Runesmith:FieryHammer+7","Runesmith:HammerThrow","Necronomicurse","Runesmith:Retool","Runesmith:MetallurgicalResearch","Runesmith:HammerAndChisel+1","Runesmith:OneForEveryone","Runesmith:Prism","Runesmith:PoweredAnvil","Runesmith:Attraction+1","Runesmith:CraftMedicinae","Runesmith:CraftIncendium","Gensokyo:CustomPotion","Runesmith:Accelerate+1","Runesmith:OneForEveryone+1","Runesmith:HammerThrow+1"],"relics":["Runesmith:BrokenRuby","Gensokyo:LunaticRedEyes","Gensokyo:NagashiBinaDoll","Potion Belt","Akabeko","Runesmith:AutoHammer","PreservedInsect","Necronomicon","Runesmith:UraniumAnvil","Runesmith:Nanobots","CeramicFish","HollowMod:StagPassRelic","MawBank","Empty Cage","Thread and Needle","StoneCalendar","HollowMod:PaleOreRelic"],"acts_visited":["Gensokyo:Gensokyo","Hallownest:CityofTears","Gensokyo:Gensokyoest"],"potions_floor_usage":[50,50,50],"damage_taken":[{"damage":3.0,"enemies":"Gensokyo:Gryphon","floor":1.0,"turns":4.0},{"damage":4.0,"enemies":"Gensokyo:Python","floor":3.0,"turns":3.0},{"damage":1.0,"enemies":"Gensokyo:3_Fairies","floor":5.0,"turns":5.0},{"damage":7.0,"enemies":"Gensokyo:Mamizou","floor":6.0,"turns":8.0},{"damage":20.0,"enemies":"Gensokyo:Cirno","floor":8.0,"turns":5.0},{"damage":15.0,"enemies":"Gensokyo:Mamizou","floor":10.0,"turns":9.0},{"damage":3.0,"enemies":"Gensokyo:LivingMonolith","floor":13.0,"turns":2.0},{"damage":10.0,"enemies":"Gensokyo:Reimu","floor":16.0,"turns":6.0},{"damage":3.0,"enemies":"Hallownest:3_Youths","floor":18.0,"turns":5.0},{"damage":3.0,"enemies":"Hallownest:2_Mistakes","floor":21.0,"turns":4.0},{"damage":26.0,"enemies":"Hallownest:3_Mistakes","floor":22.0,"turns":6.0},{"damage":10.0,"enemies":"Hallownest:eliteWatcherKnight","floor":25.0,"turns":10.0},{"damage":1.0,"enemies":"Hallownest:eliteSoulWarrior","floor":27.0,"turns":3.0},{"damage":0.0,"enemies":"Hallownest:2_Flukemon","floor":31.0,"turns":1.0},{"damage":23.0,"enemies":"Hallownest:BossMantisLord","floor":33.0,"turns":4.0},{"damage":0.0,"enemies":"Gensokyo:3_Boulders","floor":35.0,"turns":2.0},{"damage":0.0,"enemies":"Gensokyo:3_Bats","floor":37.0,"turns":2.0},{"damage":31.0,"enemies":"Gensokyo:Rafflesia","floor":39.0,"turns":8.0},{"damage":0.0,"enemies":"Gensokyo:Marisa","floor":40.0,"turns":5.0},{"damage":0.0,"enemies":"Gensokyo:Kasen","floor":42.0,"turns":2.0},{"damage":0.0,"enemies":"Gensokyo:4_Bats","floor":44.0,"turns":1.0},{"damage":0.0,"enemies":"Gensokyo:3_Boulders","floor":45.0,"turns":2.0},{"damage":8.0,"enemies":"Gensokyo:Sharpion","floor":47.0,"turns":3.0},{"damage":0.0,"enemies":"Gensokyo:4_Bats","floor":48.0,"turns":2.0},{"damage":7,"enemies":"Gensokyo:Shinki","floor":50,"turns":8}],"seed_played":"-105189416734376914","potions_obtained":[{"floor":1.0,"key":"GamblersBrew"},{"floor":6.0,"key":"Dexterity Potion"},{"floor":10.0,"key":"EssenceOfSteel"},{"floor":16.0,"key":"SkillPotion"},{"floor":21.0,"key":"SpeedPotion"},{"floor":31.0,"key":"DuplicationPotion"},{"floor":39.0,"key":"SpeedPotion"},{"floor":42.0,"key":"Dexterity Potion"},{"floor":44.0,"key":"Strength Potion"},{"floor":48.0,"key":"FearPotion"}],"is_trial":false,"path_per_floor":["M","?","M","?","M","E","R","E","T","E","?","R","M","$","R","B",null,"M","?","?","M","M","R","T","E","T","E","$","R","$","M","R","B",null,"M","?","M","?","M","E","?","E","T","M","M","R","M","M","R","B",null],"character_chosen":"RUNESMITH_CLASS","items_purchased":["Runesmith:Retool","Runesmith:PoweredAnvil","Runesmith:Attraction"],"campfire_rested":1,"item_purchase_floors":[14,28,30],"current_hp_per_floor":[74,74,70,70,69,62,62,42,42,27,27,27,24,24,24,14,77,74,74,74,71,45,45,45,35,35,34,34,34,34,34,34,11,77,77,47,47,47,16,16,16,16,16,16,16,16,8,8,31,24],"gold":348,"neow_bonus":"TEN_PERCENT_HP_BONUS","is_daily":false,"chose_seed":false,"campfire_upgraded":7,"win_rate":0.0,"timestamp":1612454000,"path_taken":["M","?","M","?","M","E","R","E","T","E","?","R","M","?","R","BOSS","M","?","?","M","?","R","?","E","T","E","?","R","$","M","R","BOSS","M","?","M","?","M","E","?","E","T","M","?","R","M","M","R","BOSS"],"items_purchased_type":["Card","Card","Card"],"build_version":"2020-12-22","purchased_purges":1,"victory":true,"max_hp_per_floor":[77,77,77,77,77,77,77,77,77,77,77,77,77,77,77,77,77,77,77,77,77,77,77,77,77,77,77,77,77,77,77,77,77,77,77,77,77,77,77,77,77,77,77,77,77,77,77,77,77,77],"card_choices":[{"not_picked":["Runesmith:NanitesCloud","Runesmith:CraftProtectio"],"picked":"Runesmith:BackupBattery","floor":1.0},{"not_picked":["Runesmith:RuneHurl","Runesmith:HeatedChisel"],"picked":"Runesmith:Grindstone","floor":3.0},{"not_picked":["Runesmith:UnstableHammer","Runesmith:RuneHurl"],"picked":"Runesmith:GoWithTheFlow","floor":5.0},{"not_picked":["Runesmith:MakeshiftArmor","Runesmith:CraftProtectio"],"picked":"Runesmith:FieryHammer","floor":6.0},{"not_picked":["Runesmith:BackupBattery","Runesmith:GoWithTheFlow"],"picked":"Runesmith:HammerThrow","floor":8.0},{"not_picked":["Runesmith:ElementalConversion","Runesmith:ChiselStab","Runesmith:Repurpose"],"picked":"SKIP","floor":10.0},{"not_picked":["Runesmith:BackupBattery","Runesmith:EarthShield","Runesmith:StaticCage"],"picked":"SKIP","floor":13.0},{"not_picked":["Runesmith:CreatorForm","Runesmith:CraftMedicinae"],"picked":"Runesmith:MetallurgicalResearch","floor":16.0},{"not_picked":["Runesmith:HeatExchange+1","Runesmith:EnergizedChisel+1","Runesmith:UnstableHammer"],"picked":"SKIP","floor":18.0},{"not_picked":["Runesmith:HeatExchange+1","Runesmith:RuneHurl"],"picked":"Runesmith:HammerAndChisel+1","floor":20.0},{"not_picked":["Runesmith:Repurpose","Runesmith:CraftMagma+1"],"picked":"Runesmith:OneForEveryone","floor":20.0},{"not_picked":["Runesmith:CraftMagma","Runesmith:ChiselStab+1","Runesmith:StaticCage+1"],"picked":"SKIP","floor":21.0},{"not_picked":["Runesmith:ChiselStab","Runesmith:PerfectChisel","Runesmith:DuctTape"],"picked":"SKIP","floor":22.0},{"not_picked":["Runesmith:ChargedHammer","Runesmith:ElementalConversion","Runesmith:NegativeSpace"],"picked":"SKIP","floor":25.0},{"not_picked":["Runesmith:NegativeSpace","Runesmith:RunicBlueprint"],"picked":"Runesmith:Prism","floor":27.0},{"not_picked":["Runesmith:ShiftingStrike","Runesmith:Electrocute+1","Runesmith:RuneHurl+1"],"picked":"SKIP","floor":31.0},{"not_picked":["Runesmith:MetallurgicalResearch","Runesmith:ArcReactor"],"picked":"Runesmith:CraftMedicinae","floor":33.0},{"not_picked":["Runesmith:MakeshiftArmor+1","Runesmith:Repurpose+1","Runesmith:Overpower"],"picked":"SKIP","floor":35.0},{"not_picked":["Runesmith:CraftProtectio","Runesmith:Repurpose+1","Runesmith:NanitesCloud+1"],"picked":"SKIP","floor":37.0},{"not_picked":["Runesmith:Discharge","Runesmith:NegativeSpace+1"],"picked":"Runesmith:CraftIncendium","floor":39.0},{"not_picked":["Runesmith:EnergizedChisel","Runesmith:RuneHurl","Runesmith:UnstableHammer+1"],"picked":"SKIP","floor":40.0},{"not_picked":["Runesmith:CraftMagma","Runesmith:CreatorForm","Runesmith:ShiftingStrike+1"],"picked":"SKIP","floor":42.0},{"not_picked":["Runesmith:Grindstone+1","Runesmith:FieryHammer+1"],"picked":"Runesmith:Accelerate+1","floor":44.0},{"not_picked":["Runesmith:HeatExchange+1","Runesmith:ChaoticBlast+1"],"picked":"Runesmith:OneForEveryone+1","floor":45.0},{"not_picked":["Runesmith:CraftVitae+1","Runesmith:HammerAndChisel"],"picked":"Runesmith:HammerThrow+1","floor":47.0},{"not_picked":["Runesmith:RuneHurl+1","Runesmith:EnergizedChisel+1","Runesmith:HeatedChisel"],"picked":"SKIP","floor":48.0}],"player_experience":320311,"relics_obtained":[{"floor":6.0,"key":"Potion Belt"},{"floor":8.0,"key":"Akabeko"},{"floor":9.0,"key":"Runesmith:AutoHammer"},{"floor":10.0,"key":"PreservedInsect"},{"floor":24.0,"key":"Runesmith:Nanobots"},{"floor":25.0,"key":"CeramicFish"},{"floor":26.0,"key":"HollowMod:StagPassRelic"},{"floor":27.0,"key":"MawBank"},{"floor":40.0,"key":"StoneCalendar"},{"floor":42.0,"key":"HollowMod:PaleOreRelic"}],"event_choices":[],"is_beta":false,"boss_relics":[{"not_picked":["Runesmith:PocketReactor","Pandora\u0027s Box"],"picked":"Runesmith:UraniumAnvil"},{"not_picked":["Busted Crown","Runic Dome"],"picked":"Empty Cage"}],"items_purged_floors":[28],"is_endless":false,"potions_floor_spawned":[1,6,10,16,21,31,39,42,44,48],"ascension_level":0}}