{"host":"tt2jsua98ye60wa5","time":1612419956,"event":{"mods":["2.2 Compatiblity","AchievementEnabler","BaseMod","BetterRewards","Colored Map","Colored Powertips","Downfall","Minty Spire (QoL Compilation)","Replay The Spire","StSLib","The Bug Knight","The Cursed","The Disciple","The Forsaken","The IronCluck","The Necromancer"],"gold_per_floor":[119,137,60,60,74,108,108,108,187,187,187,197,207,219,219,219,219,316,316,330,330,80,80,93,93,113,126,173,184,184,37,52,71,71,71,71],"floor_reached":35,"language":"ENG","playtime":3008,"items_purged":[],"score":261,"play_id":"40467952-5323-4364-a57f-973906929185","local_time":"20210203222556","is_ascension_mode":false,"campfire_choices":[{"floor":8,"key":"REST"},{"data":"Doom and Gloom","floor":15,"key":"SMITH"},{"floor":17,"key":"REST"},{"floor":25,"key":"REST"},{"floor":30,"key":"REST"},{"floor":34,"key":"REST"}],"circlet_count":0,"master_deck":["Strike_B","Strike_B","Strike_B","Defend_B","Defend_B","Defend_B","Zap","Dualcast","Coolheaded","Doom and Gloom","Doom and Gloom+1","Coolheaded","Glacier","Panic Button","Fusion","Coolheaded","Rainbow","Blizzard","theForsaken:PlagueCurse","Rebound+1","Sweeping Beam","Loop","Conserve Battery","Streamline","Lockon"],"relics":["Cracked Core","Regal Pillow","Shuriken","Philosopher\u0027s Stone","theForsaken:PlagueMask","Ornamental Fan","Dream Catcher","Toy Ornithopter"],"acts_visited":["TheCity"],"potions_floor_usage":[27,33,35,35],"damage_taken":[{"damage":1.0,"enemies":"2 Louse","floor":1.0,"turns":2.0},{"damage":6.0,"enemies":"Jaw Worm","floor":2.0,"turns":3.0},{"damage":6.0,"enemies":"Cultist","floor":5.0,"turns":3.0},{"damage":26,"enemies":"3 Sentries","floor":6,"turns":5},{"damage":5,"enemies":"Large Slime","floor":12,"turns":8},{"damage":14,"enemies":"3 Louse","floor":13,"turns":2},{"damage":2,"enemies":"Red Slaver","floor":14,"turns":3},{"damage":38,"enemies":"Slime Boss","floor":18,"turns":10},{"damage":3,"enemies":"Spheric Guardian","floor":20,"turns":4},{"damage":17,"enemies":"Snake Plant","floor":24,"turns":4},{"damage":23,"enemies":"Chosen and Byrds","floor":26,"turns":6},{"damage":5,"enemies":"Snecko","floor":27,"turns":5},{"damage":23,"enemies":"Snake Plant","floor":29,"turns":4},{"damage":19,"enemies":"3 Cultists","floor":32,"turns":5},{"damage":8,"enemies":"Cultist and Chosen","floor":33,"turns":4},{"damage":92,"enemies":"Champ","floor":35,"turns":12}],"seed_played":"6870341229594200858","potions_obtained":[{"floor":6,"key":"Block Potion"},{"floor":14,"key":"champ:CounterPotion"},{"floor":18,"key":"LiquidBronze"},{"floor":24,"key":"Swift Potion"},{"floor":26,"key":"ColorlessPotion"},{"floor":32,"key":"hexamod:SoulburnPotion"}],"is_trial":false,"path_per_floor":["M","M","$","?","M","E","?","R","T","PTL","PTL","M","M","M","R","?","R","B",null,"M","?","$","?","M","R","M","M","T","M","R","$","M","M","R","B"],"character_chosen":"DEFECT","items_purchased":["Doom and Gloom","Ornamental Fan","Toy Ornithopter"],"campfire_rested":5,"item_purchase_floors":[3,22,31],"current_hp_per_floor":[74,68,68,73,67,41,41,80,80,80,80,75,61,59,59,59,80,42,80,77,77,77,80,63,80,57,52,52,29,68,68,49,46,80,0,0],"gold":71,"neow_bonus":"REMOVE_CARD","is_daily":false,"chose_seed":false,"campfire_upgraded":1,"win_rate":0.0,"timestamp":1612419956,"path_taken":["M","M","$","?","M","E","?","R","T","PTL","PTL","M","M","M","R","?","R","BOSS","M","?","$","?","?","R","M","M","T","M","R","$","M","M","R","BOSS"],"items_purchased_type":["Card","Relic","Relic"],"build_version":"2020-12-22","purchased_purges":0,"victory":false,"max_hp_per_floor":[75,75,75,80,80,80,80,80,80,80,80,80,80,80,80,80,80,80,80,80,80,80,80,80,80,80,80,80,80,80,80,80,80,80,80,80],"card_choices":[{"not_picked":["Stack","Turbo"],"picked":"Coolheaded","floor":1.0},{"not_picked":["Rip and Tear","Turbo"],"picked":"Doom and Gloom","floor":2.0},{"not_picked":["Beam Cell","Defragment"],"picked":"Coolheaded","floor":5.0},{"not_picked":["Go for the Eyes","ReplayTheSpireMod:System Scan"],"picked":"Glacier","floor":6},{"not_picked":["Undo","BasicCrystalCard"],"picked":"Panic Button","floor":12},{"not_picked":["Compile Driver","Hologram"],"picked":"Fusion","floor":13},{"not_picked":["Steam","ReplayTheSpireMod:System Scan"],"picked":"Barrage","floor":14},{"not_picked":["Creative AI","Thunder Strike"],"picked":"Rainbow","floor":18},{"not_picked":["Turbo","Go for the Eyes"],"picked":"Blizzard","floor":20},{"not_picked":["Glacier","Stack"],"picked":"Rebound+1","floor":24},{"not_picked":["Rebound","Panic Button+1"],"picked":"Sweeping Beam","floor":26},{"not_picked":["Redo","Panic Button"],"picked":"Loop","floor":27},{"not_picked":["BasicCrystalCard","Ball Lightning"],"picked":"Conserve Battery","floor":29},{"not_picked":["Chaos+1","Amplify"],"picked":"Streamline","floor":30},{"not_picked":["ReplayTheSpireMod:Repulse","Sweeping Beam","Redo"],"picked":"SKIP","floor":32},{"not_picked":["ReplayTheSpireMod:Repulse","ReplaySort+1"],"picked":"Lockon","floor":33}],"player_experience":36594,"relics_obtained":[{"floor":6,"key":"Regal Pillow"},{"floor":9,"key":"Shuriken"},{"floor":28,"key":"Dream Catcher"}],"event_choices":[{"damage_healed":0.0,"max_hp_gain":5.0,"max_hp_loss":0.0,"gold_gain":0.0,"event_name":"Big Fish","player_choice":"Donut","floor":4.0,"gold_loss":0.0,"damage_taken":0.0},{"damage_healed":0,"gold_gain":0,"player_choice":"Ignored","damage_taken":0,"max_hp_gain":0,"max_hp_loss":0,"event_name":"Shining Light","floor":7,"gold_loss":0},{"damage_healed":0,"gold_gain":0,"cards_transformed":["Strike_B"],"player_choice":"Change","damage_taken":0,"max_hp_gain":0,"max_hp_loss":0,"event_name":"Living Wall","floor":16,"gold_loss":0,"cards_obtained":["Coolheaded"]},{"damage_healed":0,"gold_gain":0,"player_choice":"Obtain Plague Curse","damage_taken":0,"max_hp_gain":0,"max_hp_loss":0,"event_name":"Plague Doctor","floor":21,"gold_loss":0,"cards_obtained":["theForsaken:PlagueCurse"]},{"cards_removed":["Barrage"],"damage_healed":5,"gold_gain":0,"player_choice":"Offered Common","damage_taken":0,"max_hp_gain":0,"max_hp_loss":0,"event_name":"Bonfire Elementals","floor":23,"gold_loss":0},{"cards_removed":["Barrage"],"damage_healed":5,"gold_gain":0,"player_choice":"Offered Special","damage_taken":0,"max_hp_gain":0,"max_hp_loss":0,"event_name":"Bonfire Elementals","floor":23,"gold_loss":0}],"is_beta":false,"boss_relics":[{"not_picked":["Empty Cage","FrozenCore"],"picked":"Philosopher\u0027s Stone"}],"items_purged_floors":[],"is_endless":false,"potions_floor_spawned":[6,14,18,24,26,32],"killed_by":"Champ","ascension_level":0}}