{"host":"njo8qgvy2a57fcny","time":1612419540,"event":{"mods":["Aspiration","BaseMod","BetterRewards","CCEM2","Colored Map","Colored Powertips","Conspire","Custom Start","Downfall","Energized Spire","GifTheSpireLib","Halation","Hermit","Hubris","Infinite Spire","Jedi Mod","Jorbs\u0027s Wanderer Trilogy","Mimic Mod","Minty Spire (QoL Compilation)","Quick Restart","Random Character Button","Random Character Mod","Rare Cards Sparkle","Relic Sorter","Reliquary","Replay The Spire","Shop Mod","StSLib","Stuff the Spire","The Animator","The Jungle","The Runesmith","The Servant 0.9.4","Unceasing Turn Reminder","thorton"],"gold_per_floor":[99,115,115,33,50,79,79,79,108,8,39,39,56,56,69,168,168,68,78,78,11,11,31,107,7,27,27,27,27],"floor_reached":27,"language":"ENG","playtime":2127,"items_purged":[],"score":293,"play_id":"f32a1747-69dd-43c7-a613-e75c4748fc5e","local_time":"20210204171900","is_ascension_mode":true,"campfire_choices":[{"floor":1,"key":"DIG"},{"floor":8,"key":"RECALL"},{"floor":10,"key":"DIG"},{"floor":12,"key":"REST"},{"floor":18,"key":"DIG"},{"floor":25,"key":"DIG"}],"circlet_count":0,"master_deck":["champ:Strike","champ:Strike","champ:Strike","champ:Strike","champ:Defend","champ:Defend","champ:Defend","champ:Execute+1","champ:Taunt","champ:FanOfKnives","champ:Backstep","champ:ShieldWall+1","hubris:EnhanceAbility","champ:CalledShot","champ:PreciseThrust","champ:HoldFirm","champ:FocusedBerserking","hubris:Wrath","champ:Endure","champ:GladiatorForm","champ:SkillfulDodge","champ:ShieldWall","champ:ShieldWall","stsjorbsmod:PollutedStrike","jedi:collectorstrike","Replay:Sssssssssstrike","ReplayTheSpireMod:Strike From Hell","champ:PerfectedStrike","Perfected Strike","champ:BringItOn","champ:AdrenalArmor","champ:ArenaPreparation+1"],"relics":["energizedSpire:MagnifyingGlass","Shovel","StuffTheSpire:RedRose","ReplayTheSpireMod:CursedCoin","reliquary:SharkskinSheath","Pantograph","Ancient Tea Set","downfall:HeartBlessingRed","reliquary:SharkskinSheath","Gremlin Food","thethorton:BottledFunds","downfall:HeartBlessingGreen","hubris:GlazedTorus","downfall:HeartBlessingBlue","StuffTheSpire:Mouthbags"],"acts_visited":["Exordium","TheCity"],"potions_floor_usage":[9,11,16,16,21,27],"damage_taken":[{"damage":10,"enemies":"Small Slimes","floor":2,"turns":4},{"damage":34,"enemies":"downfall:FleeingMerchant","floor":4,"turns":4},{"damage":20,"enemies":"2 Louse","floor":5,"turns":4},{"damage":30,"enemies":"3 Sentries","floor":6,"turns":7},{"damage":28,"enemies":"Gremlin Nob","floor":9,"turns":4},{"damage":22,"enemies":"3 Sentries","floor":11,"turns":6},{"damage":0,"enemies":"Cultist","floor":13,"turns":3},{"damage":19,"enemies":"Blue Slaver","floor":15,"turns":3},{"damage":30,"enemies":"WA_ARCHETYPE_RETAIN","floor":16,"turns":6},{"damage":43,"enemies":"Chosen","floor":19,"turns":5},{"damage":20,"enemies":"downfall:FleeingMerchant","floor":21,"turns":4},{"damage":15,"enemies":"Snecko","floor":23,"turns":6},{"damage":19,"enemies":"Snake Plant","floor":26,"turns":4},{"damage":73,"enemies":"Gremlin Leader","floor":27,"turns":6}],"seed_played":"-6303966616441885920","potions_obtained":[{"floor":6,"key":"jedi:holywater"},{"floor":9,"key":"Explosive Potion"},{"floor":13,"key":"champ:CounterPotion"},{"floor":15,"key":"AttackPotion"},{"floor":19,"key":"LiquidBronze"},{"floor":20,"key":"CultistPotion"},{"floor":23,"key":"SteroidPotion"}],"is_trial":false,"path_per_floor":["R_BF","M","?","$","M","E","T","R","E","R","E","R","M","?","M","B",null,"R_BF","M","?","$","?","M","T","R","M","E"],"character_chosen":"THE_CHAMP","items_purchased":["ReplayTheSpireMod:CursedCoin","champ:ShieldWall+1","hubris:EnhanceAbility","champ:ShieldWall"],"campfire_rested":1,"item_purchase_floors":[4,4,4,21],"current_hp_per_floor":[90,90,90,76,66,46,46,46,33,33,26,53,53,53,54,79,90,90,62,62,62,62,62,62,72,63,0,0,0],"gold":27,"neow_bonus":"BOSS_RELIC","is_daily":false,"chose_seed":false,"campfire_upgraded":0,"win_rate":0.0,"timestamp":1612419540,"path_taken":["R_BF","M","?","$","M","E","T","R","E","R","E","R","M","?","M","BOSS","R_BF","M","?","$","?","M","T","R","M","E"],"items_purchased_type":["Relic","Card","Card","Card"],"build_version":"2020-12-22","purchased_purges":0,"victory":false,"max_hp_per_floor":[90,90,90,90,90,90,90,90,90,90,90,90,90,90,90,90,90,90,90,90,90,90,90,90,100,100,100,100,100],"card_choices":[{"not_picked":["champ:FlashCut","champ:CalledShot"],"picked":"champ:FanOfKnives","floor":2},{"not_picked":["champ:DeathBlow","champ:EnGarde"],"picked":"champ:Backstep","floor":4},{"not_picked":["champ:EnGarde","champ:DefensiveShout"],"picked":"champ:CalledShot","floor":5},{"not_picked":["champ:EnGarde","champ:PerfectedStrike"],"picked":"champ:PreciseThrust","floor":6},{"not_picked":["champ:PreciseThrust","champ:CrownThrow"],"picked":"champ:AdrenalArmor","floor":9},{"not_picked":["champ:EnragedBash","champ:ArenaPreparation"],"picked":"champ:HoldFirm","floor":11},{"not_picked":["champ:BerserkersShout","champ:CrownThrow"],"picked":"champ:FocusedBerserking","floor":13},{"not_picked":["champ:CrownThrow","champ:BringItOn"],"picked":"champ:Endure","floor":15},{"not_picked":["champ:UltimateStance","champ:CheapShot"],"picked":"champ:GladiatorForm","floor":16},{"not_picked":["champ:CrookedStrike","champ:SetATrap"],"picked":"champ:SkillfulDodge","floor":19},{"not_picked":["champ:FalseCounter","champ:CrownThrow","champ:ShieldSlam"],"picked":"SKIP","floor":21},{"not_picked":["champ:Backstep","champ:BerserkersShout"],"picked":"champ:BringItOn","floor":23},{"not_picked":["champ:CalledShot","champ:GutPunch"],"picked":"champ:ArenaPreparation+1","floor":26}],"player_experience":759589,"relics_obtained":[{"floor":1,"key":"Shovel"},{"floor":6,"key":"reliquary:SharkskinSheath"},{"floor":7,"key":"Pantograph"},{"floor":9,"key":"Ancient Tea Set"},{"floor":10,"key":"reliquary:SculptingSteel"},{"floor":11,"key":"Gremlin Food"},{"floor":18,"key":"hubris:GlazedTorus"},{"floor":25,"key":"StuffTheSpire:Mouthbags"}],"event_choices":[],"is_beta":false,"boss_relics":[{"not_picked":["Philosopher\u0027s Stone","energizedSpire:NeverEndingSparkler"],"picked":"thethorton:BottledFunds"}],"items_purged_floors":[],"is_endless":false,"potions_floor_spawned":[6,9,13,15,19,23],"killed_by":"Gremlin Leader","ascension_level":1}}