{"host":"zf1gvustpgbojd4t","time":1612458307,"event":{"mods":["Act Like it!","BaseMod","Downfall","Hallownest","Map Debug Mod","Minty Spire (QoL Compilation)","MostiFishMod","Replay The Spire","StSLib"],"gold_per_floor":[99,99,199,199,199,212,284,117,128,138,153,153,153,38,57,159,159,59,75,12,27,27,41,41,41,70,70,70,70,87,106,118,213,213,13,27,27,38,49,49,97,67,79,93,110,135,10,69,87,87,87,114,35,35,35,35,35,35],"floor_reached":56,"language":"ZHS","playtime":3037,"items_purged":["Slimebound:Strike_Slimebound","Slimebound:Strike_Slimebound","Slimebound:Defend_Slimebound"],"score":741,"play_id":"a27d35dd-b557-4288-ba7d-988a3a42d69f","local_time":"20210205010507","is_ascension_mode":false,"campfire_choices":[{"data":"Slimebound:Defend_Slimebound","floor":1,"key":"PURGE"},{"floor":12,"key":"RECALL"},{"data":"Slimebound:Recycling","floor":18,"key":"SMITH"},{"data":"Slimebound:Defend_Slimebound","floor":27,"key":"SMITH"},{"data":"Slimebound:RejuvenatingLick","floor":29,"key":"SMITH"},{"data":"Slimebound:TagTeam","floor":35,"key":"SMITH"},{"floor":54,"key":"REST"}],"circlet_count":0,"master_deck":["Slimebound:Defend_Slimebound","Slimebound:Defend_Slimebound+1","Slimebound:Split","Slimebound:CorrosiveSpit","Slimebound:TongueLash","Slimebound:SplitAcid","Slimebound:SplitLeeching","Slimebound:SplitBruiser","Slimebound:DisruptingSlam","Slimebound:SplitBruiser","Slimebound:ProtectTheBoss","Slimebound:GoopTackle","Slimebound:GrowthPunch","Slimebound:Recycling+1","Slimebound:SamplingLick+1","Slimebound:LeechEnergy","Slimebound:SamplingLick+1","Slimebound:Nibble","Slimebound:RejuvenatingLick+1","Slimebound:LevelUp","Slimebound:TagTeam+1","Slimebound:SamplingLick+1","Slimebound:SlimeSpikes","Slimebound:SamplingLick+1","Slimebound:Recollect","Slimebound:GoopTackle","Pot Of Greed","Pot Of Greed","Pot Of Greed","Slimebound:LevelUp+1","Slimebound:Repurpose+1","Slimebound:LevelUp+1","Slimebound:SlimeBarrage+1","Slimebound:SelfFormingGoo","Slimebound:SlimeBarrage","Slimebound:Recollect+1"],"relics":["Slimebound:AbsorbEndCombat","DaveBox","GuanYuAspect","downfall:HeartsMalice","Kunai","RhineCircuit","downfall:HeartBlessingRed","Dream Catcher","Painkiller Herb","downfall:HeartBlessingGreen","downfall:HeartBlessingBlue","Replay:Rubber Ducky","DollysMirror","Grinning Jar","OriginationStaff","Mirror","ReplayTheSpireMod:Shallot"],"acts_visited":["Exordium","TheCity","TheBeyond","TheEnding"],"potions_floor_usage":[19,33,33,38,50,55],"damage_taken":[{"damage":0,"enemies":"Cultist","floor":2,"turns":1},{"damage":0,"enemies":"Jaw Worm","floor":4,"turns":1},{"damage":0,"enemies":"2 Louse","floor":5,"turns":1},{"damage":3,"enemies":"Blue Slaver","floor":6,"turns":3},{"damage":5,"enemies":"downfall:FleeingMerchant","floor":8,"turns":4},{"damage":5,"enemies":"Large Slime","floor":9,"turns":4},{"damage":12,"enemies":"Lots of Slimes","floor":10,"turns":3},{"damage":3,"enemies":"2 Fungi Beasts","floor":11,"turns":3},{"damage":12,"enemies":"downfall:FleeingMerchant","floor":14,"turns":4},{"damage":8,"enemies":"Blue Slaver","floor":15,"turns":3},{"damage":7,"enemies":"SI_SHIV_ARCHETYPE","floor":16,"turns":7},{"damage":5,"enemies":"Spheric Guardian","floor":19,"turns":3},{"damage":12,"enemies":"downfall:FleeingMerchant","floor":20,"turns":4},{"damage":12,"enemies":"Centurion and Healer","floor":21,"turns":4},{"damage":14,"enemies":"Snake Plant","floor":23,"turns":3},{"damage":4,"enemies":"Book of Stabbing","floor":26,"turns":4},{"damage":0,"enemies":"3 Cultists","floor":30,"turns":4},{"damage":13,"enemies":"Chosen and Byrds","floor":31,"turns":3},{"damage":0,"enemies":"Centurion and Healer","floor":32,"turns":4},{"damage":34,"enemies":"DF_ARCHETYPE_CLAW","floor":33,"turns":7},{"damage":28,"enemies":"3 Darklings","floor":36,"turns":3},{"damage":0,"enemies":"Orb Walker","floor":38,"turns":2},{"damage":0,"enemies":"Sphere and 2 Shapes","floor":39,"turns":4},{"damage":0,"enemies":"downfall:FleeingMerchant","floor":42,"turns":3},{"damage":0,"enemies":"Spire Growth","floor":43,"turns":4},{"damage":0,"enemies":"Jaw Worm Horde","floor":44,"turns":2},{"damage":13,"enemies":"Maw","floor":45,"turns":5},{"damage":16,"enemies":"Giant Head","floor":46,"turns":6},{"damage":0,"enemies":"Sphere and 2 Shapes","floor":49,"turns":3},{"damage":9,"enemies":"WA_ARCHETYPE_DIVINITY","floor":50,"turns":6},{"damage":41,"enemies":"downfall:CharBossMerchant","floor":52,"turns":7},{"damage":12,"enemies":"downfall:NeowBoss","floor":55,"turns":11},{"damage":103,"enemies":"downfall:NeowBossFinal","floor":56,"turns":6}],"seed_played":"455757431895186561","potions_obtained":[{"floor":6,"key":"champ:CounterPotion"},{"floor":9,"key":"DuplicationPotion"},{"floor":10,"key":"BlessingOfTheForge"},{"floor":23,"key":"SpeedPotion"},{"floor":38,"key":"Fruit Juice"},{"floor":39,"key":"Regen Potion"},{"floor":43,"key":"Flashbang"},{"floor":46,"key":"FairyPotion"}],"is_trial":false,"path_per_floor":["R","M","?","M","M","M","T","$","M","M","M","R","?","$","M","B",null,"R","M","$","M","?","M","T","?","E","R","?","R","M","M","M","B",null,"T","?","?","?","?","?","T","T","?","?","?","E","T","?","?","B",null,"E","T","T","B","B"],"character_chosen":"SLIMEBOUND","items_purchased":["Slimebound:DisruptingSlam","Slimebound:SamplingLick","Slimebound:Recollect","DollysMirror","Grinning Jar","Slimebound:SlimeBarrage"],"campfire_rested":1,"item_purchase_floors":[8,20,42,42,42,53],"current_hp_per_floor":[33,33,33,33,33,33,33,33,33,33,33,33,33,33,33,32,33,33,32,32,33,33,25,25,25,33,33,33,33,33,33,33,20,33,38,40,40,46,48,48,48,48,48,48,40,48,48,36,48,48,48,10,10,17,48,0,0,0],"gold":35,"neow_bonus":"THREE_ENEMY_KILL","is_daily":false,"chose_seed":false,"campfire_upgraded":4,"win_rate":0.0,"timestamp":1612458307,"path_taken":["R","M","?","M","M","M","T","?","M","M","?","R","?","$","M","BOSS","R","M","$","M","?","M","T","?","E","R","?","R","M","?","M","BOSS","T","?","?","?","?","?","T","T","?","?","?","E","T","?","?","BOSS","E","T","T","BOSS","BOSS"],"items_purchased_type":["Card","Card","Card","Relic","Relic","Card"],"build_version":"2020-12-22","purchased_purges":3,"victory":false,"max_hp_per_floor":[33,33,33,33,33,33,33,33,33,33,33,33,33,33,33,33,33,33,33,33,33,33,33,33,33,33,33,33,33,33,33,33,33,33,43,43,43,48,48,48,48,48,48,48,48,48,48,48,48,48,48,48,48,48,48,48,48,48],"card_choices":[{"not_picked":["Slimebound:DivideAndConquer","Slimebound:Dissolve"],"picked":"Slimebound:TongueLash","floor":2},{"not_picked":["Slimebound:SlimeBarrage","Slimebound:ForwardTackle"],"picked":"Slimebound:SplitAcid","floor":4},{"not_picked":["Slimebound:Replication","Slimebound:PressTheAttack"],"picked":"Slimebound:SplitLeeching","floor":5},{"not_picked":["Slimebound:Prepare","Slimebound:GoopTackle"],"picked":"Slimebound:SplitBruiser","floor":6},{"not_picked":["Slimebound:FinishingTackle","Slimebound:LivingWall","Slimebound:SelfFormingGoo"],"picked":"SKIP","floor":8},{"not_picked":["Slimebound:SamplingLick","Slimebound:SplitLeeching"],"picked":"Slimebound:SplitBruiser","floor":9},{"not_picked":["Slimebound:Equalize","Slimebound:Schlurp"],"picked":"Slimebound:ProtectTheBoss","floor":10},{"not_picked":["Slimebound:SamplingLick","Slimebound:Prepare"],"picked":"Slimebound:GoopTackle","floor":11},{"not_picked":["Slimebound:SlimeBrawl","Slimebound:Chomp"],"picked":"Slimebound:GrowthPunch","floor":14},{"not_picked":["Slimebound:HauntingLick","Slimebound:SpikyOuterGoop","Slimebound:GoopTackle"],"picked":"SKIP","floor":15},{"not_picked":["Slimebound:PrepareCrush","Slimebound:SelfFormingGoo"],"picked":"Slimebound:Recycling","floor":16},{"not_picked":["Slimebound:HauntingLick","Slimebound:Prepare"],"picked":"Slimebound:SamplingLick+1","floor":19},{"not_picked":["Slimebound:LivingWall+1","Slimebound:ForwardTackle"],"picked":"Slimebound:LeechEnergy","floor":20},{"not_picked":["Slimebound:ComboTackle","Slimebound:ProtectTheBoss"],"picked":"Slimebound:Nibble","floor":21},{"not_picked":["Slimebound:LivingWall+1","Slimebound:FlameTackle+1","Slimebound:GrowthPunch"],"picked":"SKIP","floor":23},{"not_picked":["Slimebound:GoopTackle","Slimebound:Schlurp+1"],"picked":"Slimebound:RejuvenatingLick","floor":26},{"not_picked":["Slimebound:GoopSpray+1","Slimebound:BestDefense","Slimebound:FormOfPuddle"],"picked":"SKIP","floor":30},{"not_picked":["Slimebound:PressTheAttack","Slimebound:SlimeBrawl+1"],"picked":"Slimebound:LevelUp","floor":31},{"not_picked":["Slimebound:LeechEnergy","Slimebound:Replication","Slimebound:LeechingTouch"],"picked":"SKIP","floor":32},{"not_picked":["Slimebound:MassFeed","Slimebound:FirmFortitude"],"picked":"Slimebound:TagTeam","floor":33},{"not_picked":["Slimebound:LivingWall+1","Slimebound:FormOfPuddle+1"],"picked":"Slimebound:SamplingLick+1","floor":36},{"not_picked":["Slimebound:GoopTackle","Slimebound:SplitMire"],"picked":"Slimebound:SlimeSpikes","floor":38},{"not_picked":["Slimebound:SpikyOuterGoop","Slimebound:Dissolve+1"],"picked":"Slimebound:SamplingLick+1","floor":39},{"not_picked":["Slimebound:SplitAcid","Slimebound:DivideAndConquer+1","Slimebound:Chomp"],"picked":"SKIP","floor":42},{"not_picked":["Slimebound:SplitBruiser+1","Slimebound:TongueLash","Slimebound:FinishingTackle+1"],"picked":"SKIP","floor":43},{"not_picked":["Slimebound:FormOfPuddle","Slimebound:FinishingTackle+1"],"picked":"Slimebound:LevelUp+1","floor":44},{"not_picked":["Slimebound:Equalize","Slimebound:SlimeSpikes"],"picked":"Slimebound:Repurpose+1","floor":45},{"not_picked":["Slimebound:ServeAndProtect","Slimebound:LeechingTouch"],"picked":"Slimebound:LevelUp+1","floor":46},{"not_picked":["Slimebound:FormOfPuddle","Slimebound:MegaLick"],"picked":"Slimebound:SlimeBarrage+1","floor":49},{"not_picked":["Slimebound:SplitBruiser+1","Slimebound:DisruptingSlam"],"picked":"Slimebound:SelfFormingGoo","floor":52},{"not_picked":["Slimebound:LeechingTouch+1","Slimebound:RollThrough"],"picked":"Slimebound:Recollect+1","floor":54}],"player_experience":90955,"relics_obtained":[{"floor":7,"key":"Kunai"},{"floor":26,"key":"Dream Catcher"},{"floor":41,"key":"Replay:Rubber Ducky"},{"floor":46,"key":"OriginationStaff"},{"floor":48,"key":"Mirror"},{"floor":52,"key":"ReplayTheSpireMod:Shallot"}],"event_choices":[{"cards_removed":["Slimebound:Strike_Slimebound"],"damage_healed":0,"gold_gain":0,"player_choice":"Card Removal","damage_taken":0,"max_hp_gain":0,"max_hp_loss":0,"event_name":"The Cleric","floor":13,"gold_loss":0},{"damage_healed":0,"gold_gain":0,"player_choice":"Ignored","damage_taken":0,"max_hp_gain":0,"max_hp_loss":0,"event_name":"Ghosts","floor":22,"gold_loss":0},{"cards_removed":["Slimebound:Tackle"],"damage_healed":0,"gold_gain":0,"player_choice":"Removed Attack","damage_taken":0,"max_hp_gain":0,"max_hp_loss":0,"event_name":"Falling","floor":40,"gold_loss":0}],"is_beta":false,"boss_relics":[{"not_picked":["TimeKeys","Coffee Dripper"],"picked":"RhineCircuit"},{"not_picked":["SlaversCollar","NightmareShop"],"picked":"Painkiller Herb"}],"items_purged_floors":[8,14,47],"is_endless":false,"potions_floor_spawned":[6,9,10,15,16,23,26,30,32,38,39,43,46],"killed_by":"downfall:NeowBossFinal","ascension_level":0}}