{"host":"7jl348xfsxr8glry","time":1612450058,"event":{"mods":["AchievementEnabler","BaseMod","Colored Map","Minty Spire (QoL Compilation)","Random Character Button","Unceasing Turn Reminder"],"gold_per_floor":[117,117,192,35,35,35,52,78,78,89,89,101,116,48,48,147,147,163,163,178,189,189,189,217,217,240,267,267,278,297,316,316,420,420,434,434,450,462,462,462,473,473,473,104,204,214,214,262,262,262,262],"floor_reached":50,"language":"ENG","playtime":3465,"items_purged":["Strike_B"],"score":536,"play_id":"f767cb4c-d475-4173-9dc5-b048821aa0bb","local_time":"20210205014738","is_ascension_mode":true,"campfire_choices":[{"data":"Dualcast","floor":6,"key":"SMITH"},{"floor":15,"key":"REST"},{"floor":23,"key":"REST"},{"floor":25,"key":"REST"},{"floor":28,"key":"REST"},{"data":"Sunder","floor":32,"key":"SMITH"},{"floor":40,"key":"REST"},{"floor":42,"key":"REST"},{"floor":47,"key":"REST"},{"data":"Thinking Ahead","floor":49,"key":"SMITH"}],"circlet_count":0,"master_deck":["Strike_B","Defend_B","Defend_B","Defend_B","Defend_B","Zap+1","Dualcast+1","Melter+1","Chill","Ball Lightning","Sunder+1","Electrodynamics","Machine Learning","Beam Cell+1","Ball Lightning","Sweeping Beam","Leap+1","Conserve Battery","Thunder Strike","CurseOfTheBell","Beam Cell+1","Thinking Ahead+1","Rebound+1","Self Repair"],"relics":["Cracked Core","NeowsBlessing","DataDisk","Ornamental Fan","Sundial","Empty Cage","WingedGreaves","Orichalcum","Red Mask","Calling Bell","Emotion Chip","Molten Egg 2","Tiny Chest","Nunchaku","Meat on the Bone","Bronze Scales"],"acts_visited":["Exordium","TheCity","TheBeyond"],"potions_floor_usage":[13,21,24,33,33,50,50,50],"damage_taken":[{"damage":0,"enemies":"Small Slimes","floor":1,"turns":1},{"damage":0,"enemies":"Jaw Worm","floor":7,"turns":1},{"damage":0,"enemies":"Gremlin Nob","floor":8,"turns":1},{"damage":0,"enemies":"2 Louse","floor":10,"turns":2},{"damage":0,"enemies":"2 Fungi Beasts","floor":12,"turns":3},{"damage":11,"enemies":"Gremlin Gang","floor":13,"turns":3},{"damage":44,"enemies":"The Guardian","floor":16,"turns":8},{"damage":27,"enemies":"2 Thieves","floor":18,"turns":3},{"damage":6,"enemies":"3 Byrds","floor":20,"turns":3},{"damage":20,"enemies":"Snecko","floor":21,"turns":5},{"damage":22,"enemies":"Book of Stabbing","floor":24,"turns":5},{"damage":10,"enemies":"Masked Bandits","floor":27,"turns":3},{"damage":4,"enemies":"3 Cultists","floor":29,"turns":4},{"damage":0,"enemies":"Cultist and Chosen","floor":30,"turns":4},{"damage":0,"enemies":"Sentry and Sphere","floor":31,"turns":3},{"damage":44,"enemies":"Champ","floor":33,"turns":9},{"damage":6,"enemies":"3 Shapes","floor":35,"turns":3},{"damage":23,"enemies":"3 Darklings","floor":37,"turns":3},{"damage":10,"enemies":"Sphere and 2 Shapes","floor":38,"turns":2},{"damage":34,"enemies":"Transient","floor":41,"turns":5},{"damage":16,"enemies":"4 Shapes","floor":46,"turns":2},{"damage":73,"enemies":"Awakened One","floor":50,"turns":9}],"seed_played":"6445261563914265448","potions_obtained":[{"floor":7,"key":"PotionOfCapacity"},{"floor":8,"key":"Energy Potion"},{"floor":13,"key":"SpeedPotion"},{"floor":18,"key":"Block Potion"},{"floor":19,"key":"Weak Potion"},{"floor":27,"key":"SteroidPotion"},{"floor":30,"key":"Block Potion"},{"floor":33,"key":"SkillPotion"},{"floor":37,"key":"CultistPotion"},{"floor":41,"key":"AttackPotion"}],"is_trial":false,"path_per_floor":["M","?","?","$","?","R","M","E","T","M","?","M","M","$","R","B",null,"M","?","M","M","?","R","E","R","T","?","R","M","M","M","R","B",null,"M","?","M","M","?","R","M","R","T","$","?","M","R","T","R","B"],"character_chosen":"DEFECT","items_purchased":["DataDisk","Electrodynamics","Self Repair","Meat on the Bone"],"campfire_rested":7,"item_purchase_floors":[4,14,44,44],"current_hp_per_floor":[75,75,64,64,64,64,64,64,64,64,64,64,53,53,75,31,75,48,48,42,22,47,69,47,69,69,59,75,71,71,71,71,27,75,69,69,46,36,36,58,24,46,46,46,46,42,64,64,64,0,0],"gold":262,"neow_bonus":"THREE_ENEMY_KILL","is_daily":false,"chose_seed":false,"campfire_upgraded":3,"win_rate":0.0,"timestamp":1612450058,"path_taken":["M","?","?","?","?","R","M","E","T","M","?","M","?","$","R","BOSS","M","?","M","?","?","R","E","R","T","?","R","M","M","M","R","BOSS","M","?","M","M","?","R","M","R","T","$","?","M","R","?","R","BOSS"],"items_purchased_type":["Relic","Card","Card","Relic"],"build_version":"2020-12-22","purchased_purges":1,"victory":false,"max_hp_per_floor":[75,75,75,75,75,75,75,75,75,75,75,75,75,75,75,75,75,75,75,75,75,75,75,75,75,75,75,75,75,75,75,75,75,75,75,75,75,75,75,75,75,75,75,75,75,75,75,75,75,75,75],"card_choices":[{"not_picked":["Turbo","Steam","Gash"],"picked":"SKIP","floor":1},{"not_picked":["Hologram","Conserve Battery"],"picked":"Melter","floor":7},{"not_picked":["Genetic Algorithm","Auto Shields"],"picked":"Chill","floor":8},{"not_picked":["Loop","Leap"],"picked":"Ball Lightning","floor":10},{"not_picked":["Skim","Chaos","Sunder"],"picked":"SKIP","floor":12},{"not_picked":["Reinforced Body","Consume"],"picked":"Sunder","floor":13},{"not_picked":["Buffer","Fission"],"picked":"Machine Learning","floor":16},{"not_picked":["Cold Snap+1","Reinforced Body"],"picked":"Beam Cell+1","floor":18},{"not_picked":["Recycle+1","Go for the Eyes","Cold Snap"],"picked":"SKIP","floor":20},{"not_picked":["Go for the Eyes","Steam"],"picked":"Ball Lightning","floor":21},{"not_picked":["Fission","Turbo+1","Heatsinks"],"picked":"SKIP","floor":24},{"not_picked":["Barrage","Cold Snap"],"picked":"Sweeping Beam","floor":29},{"not_picked":["Scrape","Barrage+1"],"picked":"Leap+1","floor":30},{"not_picked":["Scrape+1","Hologram"],"picked":"Conserve Battery","floor":31},{"not_picked":["All For One","Core Surge"],"picked":"Thunder Strike","floor":33},{"not_picked":["Recycle","Go for the Eyes+1"],"picked":"Beam Cell+1","floor":35},{"not_picked":["Blind","Secret Technique"],"picked":"Thinking Ahead","floor":36},{"not_picked":["Beam Cell+1","Go for the Eyes+1","Stack"],"picked":"SKIP","floor":37},{"not_picked":["Glacier+1","Coolheaded"],"picked":"Rebound+1","floor":38},{"not_picked":["Rebound+1","Turbo+1","BootSequence+1"],"picked":"SKIP","floor":41},{"not_picked":["Beam Cell+1","Compile Driver+1","Stack+1"],"picked":"SKIP","floor":46}],"player_experience":226190,"relics_obtained":[{"floor":8,"key":"Ornamental Fan"},{"floor":9,"key":"Sundial"},{"floor":24,"key":"WingedGreaves"},{"floor":26,"key":"Orichalcum"},{"floor":27,"key":"Red Mask"},{"floor":34,"key":"Emotion Chip"},{"floor":34,"key":"Molten Egg 2"},{"floor":34,"key":"Tiny Chest"},{"floor":43,"key":"Nunchaku"},{"floor":48,"key":"Bronze Scales"}],"event_choices":[{"damage_healed":0,"gold_gain":0,"player_choice":"Ignored","damage_taken":0,"max_hp_gain":0,"max_hp_loss":0,"event_name":"Golden Wing","floor":2,"gold_loss":0},{"damage_healed":0,"gold_gain":75,"player_choice":"Gather Gold","damage_taken":11,"max_hp_gain":0,"max_hp_loss":0,"event_name":"World of Goop","floor":3,"gold_loss":0},{"damage_healed":0,"gold_gain":0,"player_choice":"Grow","damage_taken":0,"max_hp_gain":0,"max_hp_loss":0,"event_name":"Living Wall","floor":5,"gold_loss":0,"cards_upgraded":["Zap"]},{"damage_healed":0,"gold_gain":0,"player_choice":"Upgraded","damage_taken":0,"max_hp_gain":0,"max_hp_loss":0,"event_name":"Upgrade Shrine","floor":11,"gold_loss":0,"cards_upgraded":["Melter"]},{"damage_healed":0,"gold_gain":0,"player_choice":"Got Potions","damage_taken":0,"max_hp_gain":0,"max_hp_loss":0,"event_name":"Lab","floor":19,"gold_loss":0},{"damage_healed":25,"gold_gain":0,"player_choice":"Heal","damage_taken":0,"max_hp_gain":0,"max_hp_loss":0,"event_name":"The Library","floor":22,"gold_loss":0},{"damage_healed":0,"gold_gain":0,"player_choice":"Fought Bandits","damage_taken":0,"max_hp_gain":0,"max_hp_loss":0,"event_name":"Masked Bandits","floor":27,"gold_loss":0},{"damage_healed":0,"gold_gain":0,"player_choice":"Memory 1","damage_taken":0,"max_hp_gain":0,"max_hp_loss":0,"event_name":"SensoryStone","floor":36,"gold_loss":0},{"damage_healed":0,"gold_gain":0,"player_choice":"Ignored","damage_taken":0,"max_hp_gain":0,"max_hp_loss":0,"event_name":"The Moai Head","floor":39,"gold_loss":0},{"damage_healed":0,"gold_gain":100,"player_choice":"Pray","damage_taken":0,"max_hp_gain":0,"max_hp_loss":0,"event_name":"Golden Shrine","floor":45,"gold_loss":0}],"is_beta":false,"boss_relics":[{"not_picked":["Runic Pyramid","Pandora\u0027s Box"],"picked":"Empty Cage"},{"not_picked":["Snecko Eye","Cursed Key"],"picked":"Calling Bell"}],"items_purged_floors":[44],"is_endless":false,"potions_floor_spawned":[7,8,13,18,20,27,30,33,37,41,46],"killed_by":"Awakened One","ascension_level":2}}