{"host":"mmqs5ul2bvb60kyc","time":1612449835,"event":{"mods":["AchievementEnabler","BaseMod","Colored Map","Colored Powertips","Minty Spire (QoL Compilation)","Quick Restart","StSLib"],"gold_per_floor":[109,129,54,68,87,120,132,132,132,146,157,81,81,81,81,81,81],"floor_reached":16,"language":"ZHS","playtime":532,"items_purged":["Parasite"],"score":211,"play_id":"e0632218-f002-4d7e-9cf5-d8eaed309e27","local_time":"20210204224355","is_ascension_mode":true,"campfire_choices":[{"floor":8.0,"key":"REST"},{"data":"Limit Break","floor":15.0,"key":"SMITH"}],"circlet_count":0,"master_deck":["AscendersBane","Strike_R","Strike_R","Defend_R","Defend_R","Defend_R","Defend_R","Bash","Limit Break+1","Hemokinesis","Body Slam","Bloodletting","Spot Weakness","Berserk","Burning Pact","Rupture","Perfected Strike+1"],"relics":["Burning Blood","Mercury Hourglass","Molten Egg 2"],"acts_visited":["Exordium"],"potions_floor_usage":[16],"damage_taken":[{"damage":9.0,"enemies":"2 Louse","floor":1.0,"turns":4.0},{"damage":8.0,"enemies":"Cultist","floor":2.0,"turns":3.0},{"damage":3.0,"enemies":"Small Slimes","floor":4.0,"turns":4.0},{"damage":22.0,"enemies":"Gremlin Gang","floor":5.0,"turns":6.0},{"damage":41.0,"enemies":"Lagavulin","floor":6.0,"turns":8.0},{"damage":5.0,"enemies":"2 Fungi Beasts","floor":7.0,"turns":3.0},{"damage":18.0,"enemies":"Blue Slaver","floor":10.0,"turns":4.0},{"damage":12.0,"enemies":"Lots of Slimes","floor":11.0,"turns":4.0},{"damage":0.0,"enemies":"3 Sentries","floor":13.0,"turns":1.0},{"damage":42,"enemies":"The Guardian","floor":16,"turns":7}],"seed_played":"1728135004848091775","potions_obtained":[{"floor":2.0,"key":"SmokeBomb"},{"floor":4.0,"key":"BlessingOfTheForge"},{"floor":10.0,"key":"Regen Potion"}],"is_trial":false,"path_per_floor":["M","M","$","M","M","E","M","R","T","M","M","$","E","?","R","B"],"character_chosen":"IRONCLAD","items_purchased":["Rupture"],"campfire_rested":1,"item_purchase_floors":[12],"current_hp_per_floor":[65,63,63,66,50,15,16,37,37,25,19,19,25,25,25,0,0],"gold":81,"neow_bonus":"TRANSFORM_TWO_CARDS","is_daily":false,"chose_seed":false,"campfire_upgraded":1,"win_rate":0.0,"timestamp":1612449835,"path_taken":["M","M","$","M","M","E","M","R","T","M","M","$","E","?","R","BOSS"],"items_purchased_type":["Card"],"build_version":"2020-12-22","purchased_purges":1,"victory":false,"max_hp_per_floor":[75,75,72,72,72,72,72,72,72,72,72,72,72,72,72,72,72],"card_choices":[{"not_picked":["Rampage","Flex"],"picked":"Body Slam","floor":1.0},{"not_picked":["Reckless Charge","Dual Wield","Headbutt"],"picked":"SKIP","floor":2.0},{"not_picked":["Feel No Pain","Entrench"],"picked":"Bloodletting","floor":4.0},{"not_picked":["Havoc","Intimidate"],"picked":"Spot Weakness","floor":5.0},{"not_picked":["Warcry","Clash"],"picked":"Berserk","floor":6.0},{"not_picked":["Carnage","Entrench","Iron Wave"],"picked":"SKIP","floor":7.0},{"not_picked":["Headbutt+1","Inflame"],"picked":"Burning Pact","floor":10.0},{"not_picked":["Thunderclap+1","Warcry","Combust"],"picked":"SKIP","floor":11.0}],"player_experience":330656,"relics_obtained":[{"floor":6.0,"key":"Mercury Hourglass"},{"floor":9.0,"key":"Molten Egg 2"}],"event_choices":[{"damage_healed":0.0,"max_hp_gain":0.0,"max_hp_loss":0.0,"gold_gain":0.0,"cards_transformed":["Strike_R"],"event_name":"Transmorgrifier","player_choice":"Transformed","floor":14.0,"gold_loss":0.0,"damage_taken":0.0,"cards_obtained":["Perfected Strike"]}],"is_beta":false,"boss_relics":[],"items_purged_floors":[3],"is_endless":false,"potions_floor_spawned":[2,4,10,11,13],"killed_by":"The Guardian","ascension_level":17}}