{"host":"hs5g5f0q56ds4vmn","time":1612445203,"event":{"mods":["AchievementEnabler","BaseMod","DeckTracker","Highlight Path","Minty Spire (QoL Compilation)","SuperFastMode","everything is the same but u backflip on backflip"],"gold_per_floor":[13,13,88,112,126,126,167,180,180,219,219,4,4,4,4,128,128,141,126,142,32,32,32,32],"floor_reached":23,"language":"KOR","playtime":1743,"items_purged":["Multi-Cast"],"score":299,"play_id":"5dd15028-7448-4b1e-88c0-9c3308f1b232","local_time":"20210204222643","is_ascension_mode":true,"campfire_choices":[{"floor":6.0,"key":"REST"},{"data":"Chill","floor":11.0,"key":"SMITH"},{"data":"Self Repair","floor":13.0,"key":"SMITH"},{"data":"White Noise","floor":15.0,"key":"SMITH"}],"circlet_count":0,"master_deck":["AscendersBane","Strike_B","Strike_B","Strike_B","Strike_B","Defend_B","Defend_B","Defend_B","Defend_B","Zap","Dualcast","Echo Form","Chill+1","White Noise+1","Coolheaded","Capacitor","Self Repair+1","Conserve Battery+1","Double Energy","Chill","Melter+1"],"relics":["Cracked Core","Golden Idol","InkBottle","White Beast Statue","Bottled Tornado","Membership Card","Black Star","PreservedInsect","Enchiridion"],"acts_visited":["Exordium","TheCity"],"potions_floor_usage":[20],"damage_taken":[{"damage":12.0,"enemies":"Jaw Worm","floor":1.0,"turns":3.0},{"damage":7.0,"enemies":"Small Slimes","floor":4.0,"turns":3.0},{"damage":0.0,"enemies":"Cultist","floor":5.0,"turns":4.0},{"damage":8.0,"enemies":"3 Sentries","floor":7.0,"turns":8.0},{"damage":12.0,"enemies":"2 Fungi Beasts","floor":8.0,"turns":3.0},{"damage":4.0,"enemies":"Lagavulin","floor":10.0,"turns":6.0},{"damage":4.0,"enemies":"Hexaghost","floor":16.0,"turns":10.0},{"damage":22.0,"enemies":"Spheric Guardian","floor":18.0,"turns":6.0},{"damage":23.0,"enemies":"2 Thieves","floor":19.0,"turns":5.0},{"damage":38,"enemies":"Centurion and Healer","floor":20,"turns":14},{"damage":23,"enemies":"Slavers","floor":23,"turns":1}],"seed_played":"8833747274483249475","potions_obtained":[{"floor":4.0,"key":"FocusPotion"},{"floor":8.0,"key":"PowerPotion"},{"floor":10.0,"key":"Ancient Potion"},{"floor":16.0,"key":"SkillPotion"},{"floor":18.0,"key":"SpeedPotion"},{"floor":19.0,"key":"Fruit Juice"},{"floor":20,"key":"PotionOfCapacity"}],"is_trial":false,"path_per_floor":["M","?","?","M","M","R","E","M","T","E","R","$","R","?","R","B",null,"M","M","M","$","?","E"],"character_chosen":"DEFECT","items_purchased":["Membership Card","Self Repair","Conserve Battery","PreservedInsect"],"campfire_rested":1,"item_purchase_floors":[12,12,12,21],"current_hp_per_floor":[56,38,31,24,24,46,38,26,26,22,22,22,22,22,22,38,66,64,56,38,38,22,0,0],"gold":32,"neow_bonus":"THREE_RARE_CARDS","is_daily":false,"chose_seed":false,"campfire_upgraded":3,"win_rate":0.0,"timestamp":1612445203,"path_taken":["M","?","?","M","?","R","E","M","T","E","R","$","R","?","R","BOSS","M","M","M","$","?","E"],"items_purchased_type":["Relic","Card","Card","Relic"],"build_version":"2020-12-22","purchased_purges":1,"victory":false,"max_hp_per_floor":[75,75,75,75,75,75,75,75,75,75,75,75,75,75,75,75,75,75,80,80,80,80,80,80],"card_choices":[{"not_picked":["Meteor Strike","Fission"],"picked":"Echo Form","floor":0.0},{"not_picked":["Gash","Hello World"],"picked":"Chill","floor":1.0},{"not_picked":["Go for the Eyes","Auto Shields"],"picked":"White Noise","floor":4.0},{"not_picked":["Compile Driver","Heatsinks","Gash"],"picked":"SKIP","floor":5.0},{"not_picked":["Sweeping Beam","Darkness","Gash"],"picked":"SKIP","floor":7.0},{"not_picked":["Rebound","Cold Snap"],"picked":"Coolheaded","floor":8.0},{"not_picked":["Chill","Gash"],"picked":"Capacitor","floor":10.0},{"not_picked":["Hyperbeam","Buffer"],"picked":"Multi-Cast","floor":16.0},{"not_picked":["Reprogram+1","Go for the Eyes"],"picked":"Double Energy","floor":18.0},{"not_picked":["Steam","FTL"],"picked":"Chill","floor":19.0},{"not_picked":["Redo","Stack+1"],"picked":"Melter+1","floor":20}],"player_experience":571315,"relics_obtained":[{"floor":7.0,"key":"InkBottle"},{"floor":9.0,"key":"White Beast Statue"},{"floor":10.0,"key":"Bottled Tornado"},{"floor":22,"key":"Enchiridion"}],"event_choices":[{"damage_healed":0.0,"max_hp_gain":0.0,"max_hp_loss":0.0,"gold_gain":0.0,"event_name":"Golden Idol","player_choice":"Take Damage","floor":2.0,"gold_loss":0.0,"damage_taken":18.0,"relics_obtained":["Golden Idol"]},{"damage_healed":0.0,"max_hp_gain":0.0,"max_hp_loss":0.0,"gold_gain":75.0,"event_name":"FaceTrader","player_choice":"Touch","floor":3.0,"gold_loss":0.0,"damage_taken":7.0},{"damage_healed":0.0,"max_hp_gain":0.0,"max_hp_loss":0.0,"gold_gain":0.0,"event_name":"Living Wall","player_choice":"Grow","floor":14.0,"gold_loss":0.0,"damage_taken":0.0,"cards_upgraded":["Conserve Battery"]},{"damage_healed":0,"gold_gain":0,"player_choice":"Obtained Book","damage_taken":16,"max_hp_gain":0,"max_hp_loss":0,"event_name":"Cursed Tome","floor":22,"gold_loss":0}],"is_beta":false,"boss_relics":[{"not_picked":["FrozenCore","SacredBark"],"picked":"Black Star"}],"items_purged_floors":[21],"is_endless":false,"potions_floor_spawned":[4,8,10,16,18,19,20],"killed_by":"Slavers","ascension_level":10}}