{"host":"i73ch23exsqar74a","time":1612467751,"event":{"mods":["AchievementEnabler","Arknights","Aspiration","Astrologer","Bard","Bartender","BaseMod","Beaked The Cultist","Better Sensory Stone","CCEM2","CapriCore","Challenge The Spire","ChefMod","Chen","Colored Map","Colored Powertips","Conjunction","Conspire","Downfall","Fireblade Mod","FutureSeer","GifTheSpireLib","Glutton Mod","Gremlin Mod","Halation","Hermit","Highlight Path","HololiveMod","Hubris","Infinite Spire","Jedi Mod","Lobotomy","LobotomyExtend","Luminous","Marked Mod","Minty Spire (QoL Compilation)","Prisma Mod","Quarter Circle Forward PUNCH!","Quick Restart","Random Character Button","RatMod","Relic Sorter","Reliquary","Replay The Spire","SOS???????","Shade Mod","Spicy Shops","Spikes Relics","Spire Arcade","StSLib","Stuff the Spire","The Alterego","The Animator","The Bug Knight","The Construct","The Cursed","The Druid","The Exalted","The Immortal","The Judge","The Poker Player","The Sage","The Wild Card","TheHero","TheSwordswoman","TheVacant","TheVelvet","Thieving Mod","Yuri Mod","???Mod??????Boss","???mod?????"],"gold_per_floor":[119,14,14,27,27,27,22,22,47,47,47,59,86,106,106,209,209,225,225,244,254,254,254,284,294,294,294,305,305,333,346,346,446,446,465,565,576,40,40,40],"floor_reached":39,"language":"ENG","playtime":1398,"items_purged":["theextravagant:SlyStrike"],"score":444,"play_id":"897e7046-d82d-4627-9693-b771d8f5f806","local_time":"20210204234231","is_ascension_mode":false,"campfire_choices":[{"data":"ReplayTheSpireMod:Book of Names","floor":6,"key":"SMITH"},{"data":"theextravagant:GlyphOfTime","floor":8,"key":"SMITH"},{"floor":15,"key":"REST"},{"data":"theextravagant:Twitch","floor":23,"key":"SMITH"},{"data":"theextravagant:Ambush","floor":27,"key":"SMITH"},{"floor":32,"key":"REST"}],"circlet_count":0,"master_deck":["theextravagant:SlyStrike","theextravagant:SlyStrike","theextravagant:SlyStrike","theextravagant:Fence","theextravagant:Fence","theextravagant:Fence","theextravagant:Fence","theextravagant:QuickAttack","theextravagant:Triumph","Assess","theextravagant:Aggression+1","theextravagant:Urgency+1","theextravagant:Cutthroat+1","ReplayTheSpireMod:Book of Names+1","theextravagant:GlyphOfChoice+1","theextravagant:GlyphOfTime+1","theextravagant:CuttingEdge+1","theextravagant:Shake","theextravagant:Drift","theextravagant:SharpTalons","theextravagant:SnakeEyes","theextravagant:Firework","theextravagant:Twitch+1","theextravagant:Shove","theextravagant:Cutthroat+1","theextravagant:Ambush+1","theextravagant:Thrill","theextravagant:GustOfWind+1","theextravagant:Pushthrough+1","theextravagant:SnakeEyes","theextravagant:GlyphOfSight+1","theextravagant:SharpTalons+1","theextravagant:RisingPhoenix"],"relics":["theextravagant:TranscendedFeather","LetterFromLob","halation:PrussianBluePaint","aspiration:BabyByrd","StuffTheSpire:ForceGauntlet","Honey Jar","Runic Dome","StuffTheSpire:Barrel","qcfpunch:Not_Strongest_Fighting_Style_Guidebook","Gremlin Horn","reliquary:Buckler","ReplayTheSpireMod:Shallot"],"acts_visited":["Exordium","TheCity","TheBeyond"],"potions_floor_usage":[31,33,33],"damage_taken":[{"damage":0.0,"enemies":"conspire:RoseBush","floor":1.0,"turns":3.0},{"damage":0,"enemies":"2 Louse","floor":4,"turns":1},{"damage":6,"enemies":"Jaw Worm","floor":12,"turns":3},{"damage":12,"enemies":"Gremlin Nob","floor":13,"turns":3},{"damage":0,"enemies":"Lots of Slimes","floor":14,"turns":1},{"damage":7,"enemies":"Fading Forest","floor":16,"turns":11},{"damage":0,"enemies":"Spheric Guardian","floor":18,"turns":3},{"damage":7,"enemies":"3 Byrds","floor":20,"turns":3},{"damage":7,"enemies":"Centurion and Healer","floor":21,"turns":5},{"damage":0,"enemies":"conspire:Head Lice","floor":24,"turns":4},{"damage":2,"enemies":"Snecko","floor":25,"turns":3},{"damage":6,"enemies":"Shelled Parasite and Fungi","floor":28,"turns":3},{"damage":32,"enemies":"Slavers","floor":30,"turns":2},{"damage":0,"enemies":"Centurion and Healer","floor":31,"turns":2},{"damage":19,"enemies":"Automaton","floor":33,"turns":5},{"damage":10,"enemies":"Orb Walker","floor":35,"turns":2},{"damage":16,"enemies":"3 Shapes","floor":37,"turns":3}],"seed_played":"254894061291455926","potions_obtained":[{"floor":4,"key":"DuplicationPotion"},{"floor":14,"key":"Energy Potion"},{"floor":18,"key":"Conjunction:LightningMarble"},{"floor":24,"key":"Energy Potion"},{"floor":28,"key":"BlessingOfTheForge"},{"floor":33,"key":"Languid Potion"},{"floor":35,"key":"GamblersBrew"},{"floor":37,"key":"PowerPotion"}],"is_trial":false,"path_per_floor":["M","$","?","M","?","R","$","R","T","?","?","M","E","M","R","B",null,"M","?","M","M","AVR","R","E","M","T","R","M","?","E","M","R","B",null,"M","?","M","$","?"],"character_chosen":"THE_EXTRAVAGANT","items_purchased":["theextravagant:Urgency","theextravagant:Cutthroat","theextravagant:CuttingEdge+1","ReplayTheSpireMod:Shallot","theextravagant:RisingPhoenix"],"campfire_rested":2,"item_purchase_floors":[2,2,7,38,38],"current_hp_per_floor":[75,75,58,58,58,58,58,58,58,58,58,52,40,40,62,65,75,75,75,68,61,61,61,61,59,59,59,53,39,7,7,31,12,80,70,70,54,54,0,0],"gold":40,"neow_bonus":"RANDOM_COLORLESS","is_daily":false,"chose_seed":false,"campfire_upgraded":4,"win_rate":0.0,"timestamp":1612467751,"path_taken":["M","$","?","M","?","R","$","R","T","?","?","M","E","M","R","BOSS","M","?","M","M","AVR","R","E","M","T","R","M","?","E","M","R","BOSS","M","?","?","$","?"],"items_purchased_type":["Card","Card","Card","Relic","Card"],"build_version":"2020-12-22","purchased_purges":1,"victory":false,"max_hp_per_floor":[75,75,75,75,75,75,75,75,75,75,75,75,75,75,75,75,75,75,75,75,75,75,75,75,75,75,75,75,80,80,80,80,80,80,80,80,80,80,80,80],"card_choices":[{"not_picked":["Madness","Good Instincts"],"picked":"Assess","floor":0.0},{"not_picked":["theextravagant:Flashback","theextravagant:StepBack"],"picked":"theextravagant:Aggression","floor":1.0},{"not_picked":["ReplayTheSpireMod:??????????????????????","ReplayTheSpireMod:Black Plague"],"picked":"ReplayTheSpireMod:Book of Names","floor":3},{"not_picked":["theextravagant:SkillfullDodge","theextravagant:Drift"],"picked":"theextravagant:GlyphOfChoice","floor":4},{"not_picked":["theextravagant:Cutthroat","theextravagant:PuffUp"],"picked":"theextravagant:Shake","floor":12},{"not_picked":["theextravagant:Masquerade","theextravagant:CuttingEdge"],"picked":"theextravagant:Drift","floor":13},{"not_picked":["theextravagant:Shake","theextravagant:Shove"],"picked":"theextravagant:SharpTalons","floor":14},{"not_picked":["theextravagant:AuroraForm","theextravagant:WhiffOfMagic"],"picked":"theextravagant:SnakeEyes","floor":16},{"not_picked":["theextravagant:Ravage","theextravagant:Twitch","theextravagant:Drift"],"picked":"theextravagant:Firework","floor":18},{"not_picked":["theextravagant:StepBack","theextravagant:GarbageCannon","theextravagant:CuttingEdge+1"],"picked":"theextravagant:Twitch","floor":20},{"not_picked":["theextravagant:PuffUp+1","theextravagant:HeavyBlows","theextravagant:Twitch"],"picked":"theextravagant:Shove","floor":21},{"not_picked":["theextravagant:Swirl","theextravagant:HeavyBlows","theextravagant:Supersonic+1"],"picked":"theextravagant:Cutthroat+1","floor":24},{"not_picked":["theextravagant:Riot+1","theextravagant:CuttingEdge+1","theextravagant:GarbageCannon"],"picked":"theextravagant:Ambush","floor":25},{"not_picked":["theextravagant:Vintage","theextravagant:RiskyStrike","theextravagant:Swirl"],"picked":"theextravagant:Thrill","floor":28},{"not_picked":["theextravagant:SharpTalons","theextravagant:PerfectTheBasics","theextravagant:SpiritBolt"],"picked":"theextravagant:GustOfWind+1","floor":30},{"not_picked":["theextravagant:Shove+1","theextravagant:Cutthroat+1","theextravagant:Swirl"],"picked":"theextravagant:Pushthrough+1","floor":31},{"not_picked":["theextravagant:SnakeOil","theextravagant:ShieldCharm","theextravagant:Nihil"],"picked":"theextravagant:SnakeEyes","floor":33},{"not_picked":["theextravagant:GlyphOfPower+1","theextravagant:Defy+1","theextravagant:Firework+1"],"picked":"theextravagant:GlyphOfSight+1","floor":35},{"not_picked":["theextravagant:Comeback+1","theextravagant:Supersonic+1","theextravagant:Drift"],"picked":"theextravagant:SharpTalons+1","floor":37}],"player_experience":1402969,"relics_obtained":[{"floor":1.0,"key":"LetterFromLob"},{"floor":9,"key":"halation:PrussianBluePaint"},{"floor":13,"key":"StuffTheSpire:ForceGauntlet"},{"floor":24,"key":"qcfpunch:Not_Strongest_Fighting_Style_Guidebook"},{"floor":26,"key":"Gremlin Horn"},{"floor":30,"key":"reliquary:Buckler"}],"event_choices":[{"damage_healed":0,"gold_gain":0,"player_choice":"Ignored","damage_taken":0,"max_hp_gain":0,"max_hp_loss":0,"event_name":"Vampires","floor":19,"gold_loss":0},{"damage_healed":0,"gold_gain":0,"player_choice":"Shed Blood","damage_taken":19,"max_hp_gain":5,"max_hp_loss":0,"event_name":"Forgotten Altar","floor":29,"gold_loss":0},{"damage_healed":0,"gold_gain":100,"player_choice":"Pray","damage_taken":0,"max_hp_gain":0,"max_hp_loss":0,"event_name":"Golden Shrine","floor":36,"gold_loss":0}],"is_beta":false,"boss_relics":[{"not_picked":["reliquary:KinkedSpring","ReplayTheSpireMod:DimensionalGlitch"],"picked":"Honey Jar"},{"not_picked":["halation:PinkAlligatorPlush","halation:CatFaceCupcake"],"picked":"theextravagant:TranscendedFeather"}],"items_purged_floors":[38],"is_endless":false,"potions_floor_spawned":[4,14,18,24,28,33,35,37],"ascension_level":0}}