{"host":"06x7ibqulglyn97c","time":1612437521,"event":{"mods":["AchievementEnabler","BaseMod","Minty Spire (QoL Compilation)","Rare Cards Sparkle","Relic Sorter","Relic Stats","StSLib","The Awakened One except there are too many feathers"],"gold_per_floor":[119,119,131,206,226,226,254,254,254,273,448,448,448,482,482,584,584,603,616,81,93,93,93,25,44,44,60,80,80,95,105,105,201,201,214,214,264,264,277,277,289,289,289,289,289,0,16,28,28,28,28],"floor_reached":50,"language":"ENG","playtime":2329,"items_purged":["Doubt"],"score":695,"play_id":"f8407c45-d587-472a-96c6-528fb8d28881","local_time":"20210204111841","is_ascension_mode":true,"campfire_choices":[{"data":"Darkness","floor":6.0,"key":"SMITH"},{"data":"Redo","floor":8.0,"key":"SMITH"},{"floor":13.0,"key":"REST"},{"data":"Biased Cognition","floor":15.0,"key":"SMITH"},{"floor":23.0,"key":"REST"},{"floor":29.0,"key":"REST"},{"floor":32.0,"key":"REST"},{"floor":40.0,"key":"REST"},{"data":"Multi-Cast","floor":42.0,"key":"SMITH"},{"data":"Redo","floor":44.0,"key":"SMITH"},{"floor":49.0,"key":"REST"}],"circlet_count":0,"master_deck":["Zap+1","Dualcast","Darkness+1","Leap","Redo+1","Steam Power","Biased Cognition+1","Multi-Cast+1","Reboot","Reboot","Hyperbeam","Ball Lightning","Steam","Glacier","Reboot","Conserve Battery","Auto Shields","Lockon","Redo+1"],"relics":["Cracked Core","PreservedInsect","Lizard Tail","Mummified Hand","Blood Vial","Pandora\u0027s Box","HandDrill","Incense Burner","Bottled Tornado","Black Star","Torii","Toxic Egg 2","Singing Bowl","Red Mask"],"acts_visited":["Exordium","TheCity","TheBeyond"],"potions_floor_usage":[50,50],"damage_taken":[{"damage":3.0,"enemies":"2 Louse","floor":1.0,"turns":2.0},{"damage":0.0,"enemies":"Cultist","floor":3.0,"turns":3.0},{"damage":0.0,"enemies":"Small Slimes","floor":5.0,"turns":3.0},{"damage":0.0,"enemies":"Lagavulin","floor":7.0,"turns":4.0},{"damage":6.0,"enemies":"Looter","floor":10.0,"turns":3.0},{"damage":6.0,"enemies":"3 Sentries","floor":14.0,"turns":5.0},{"damage":40.0,"enemies":"Hexaghost","floor":16.0,"turns":7.0},{"damage":0.0,"enemies":"Chosen","floor":18.0,"turns":3.0},{"damage":0.0,"enemies":"Shell Parasite","floor":19.0,"turns":4.0},{"damage":12.0,"enemies":"Chosen and Byrds","floor":21.0,"turns":4.0},{"damage":0.0,"enemies":"Centurion and Healer","floor":25.0,"turns":4.0},{"damage":10.0,"enemies":"Snecko","floor":27.0,"turns":4.0},{"damage":15.0,"enemies":"Snake Plant","floor":28.0,"turns":2.0},{"damage":1.0,"enemies":"Chosen and Byrds","floor":30.0,"turns":4.0},{"damage":36.0,"enemies":"Shelled Parasite and Fungi","floor":31.0,"turns":4.0},{"damage":86.0,"enemies":"Collector","floor":33.0,"turns":11.0},{"damage":0.0,"enemies":"3 Shapes","floor":35.0,"turns":3.0},{"damage":0.0,"enemies":"Mind Bloom Boss Battle","floor":37.0,"turns":5.0},{"damage":10.0,"enemies":"Orb Walker","floor":39.0,"turns":3.0},{"damage":10.0,"enemies":"Transient","floor":41.0,"turns":5.0},{"damage":22.0,"enemies":"3 Darklings","floor":47.0,"turns":3.0},{"damage":36.0,"enemies":"Sphere and 2 Shapes","floor":48.0,"turns":4.0},{"damage":40,"enemies":"Time Eater","floor":50,"turns":2}],"seed_played":"8697006750674831333","potions_obtained":[{"floor":1.0,"key":"Block Potion"},{"floor":3.0,"key":"EntropicBrew"},{"floor":5.0,"key":"DistilledChaos"},{"floor":16.0,"key":"FocusPotion"},{"floor":18.0,"key":"Dexterity Potion"},{"floor":27.0,"key":"Explosive Potion"},{"floor":33.0,"key":"PowerPotion"},{"floor":35.0,"key":"Dexterity Potion"},{"floor":48.0,"key":"AttackPotion"}],"is_trial":false,"path_per_floor":["M","?","M","?","M","R","E","R","T","M","?","?","R","E","R","B",null,"M","M","$","M","$","R","$","M","T","M","M","R","M","M","R","B",null,"M","?","?","?","M","R","M","R","T","R","T","?","M","M","R","B"],"character_chosen":"DEFECT","items_purchased":["HandDrill","Incense Burner","Lockon"],"campfire_rested":6,"item_purchase_floors":[20,20,24],"current_hp_per_floor":[65,65,65,54,54,54,54,54,54,48,48,48,70,64,64,26,63,65,67,67,57,57,75,75,75,75,65,52,74,74,39,61,15,60,62,62,64,64,56,75,65,65,65,65,65,65,47,15,38,0,0],"gold":28,"neow_bonus":"RANDOM_COMMON_RELIC","is_daily":false,"chose_seed":false,"campfire_upgraded":5,"win_rate":0.0,"timestamp":1612437521,"path_taken":["M","?","?","?","M","R","E","R","T","M","?","?","R","E","R","BOSS","M","M","$","M","$","R","$","M","T","?","M","R","M","?","R","BOSS","M","?","?","?","M","R","M","R","T","R","?","?","M","?","R","BOSS"],"items_purchased_type":["Relic","Relic","Card"],"build_version":"2020-12-22","purchased_purges":1,"victory":false,"max_hp_per_floor":[75,75,75,75,75,75,75,75,75,75,75,75,75,75,75,75,75,75,75,75,75,75,75,75,75,75,75,75,75,75,75,75,75,75,75,75,75,75,75,75,75,75,75,75,75,75,77,79,79,79,79],"relic_stats":{"Blood Vial":26,"Lizard Tail":37,"Torii":0,"Singing Bowl":4,"counters":[23,92],"Mummified Hand":[22],"Pandora\u0027s Box":["Reboot","Reboot","Hyperbeam","Ball Lightning","Steam","Glacier","Reboot"],"PreservedInsect":62,"HandDrill":[22],"Black Star":0,"obtain_stats":[{"Torii":37,"Singing Bowl":45,"PreservedInsect":0,"Incense Burner":20,"Bottled Tornado":26,"Blood Vial":14,"Lizard Tail":7,"Mummified Hand":9,"Pandora\u0027s Box":17,"HandDrill":20,"Black Star":34,"Red Mask":46,"Toxic Egg 2":43,"Cracked Core":0},{"Torii":18,"Singing Bowl":20,"PreservedInsect":0,"Incense Burner":9,"Bottled Tornado":11,"Blood Vial":6,"Lizard Tail":4,"Mummified Hand":4,"Pandora\u0027s Box":7,"HandDrill":9,"Black Star":16,"Red Mask":20,"Toxic Egg 2":20,"Cracked Core":0},{"Torii":75,"Singing Bowl":83,"PreservedInsect":0,"Incense Burner":34,"Bottled Tornado":42,"Blood Vial":20,"Lizard Tail":12,"Mummified Hand":12,"Pandora\u0027s Box":27,"HandDrill":34,"Black Star":67,"Red Mask":83,"Toxic Egg 2":83,"Cracked Core":0}]},"card_choices":[{"not_picked":["Blizzard","Coolheaded"],"picked":"Darkness","floor":1.0},{"not_picked":["Capacitor","Beam Cell"],"picked":"Leap","floor":3.0},{"not_picked":["Cold Snap","Gash","Turbo"],"picked":"SKIP","floor":5.0},{"not_picked":["Ball Lightning","Self Repair"],"picked":"Redo","floor":7.0},{"not_picked":["Steam","Fusion","Undo"],"picked":"SKIP","floor":10.0},{"not_picked":["Hologram","Steam"],"picked":"Biased Cognition","floor":14.0},{"not_picked":["Fission","Core Surge"],"picked":"Multi-Cast","floor":16.0},{"not_picked":["Coolheaded+1","Sweeping Beam+1"],"picked":"Sunder","floor":18.0},{"not_picked":["Hologram","Compile Driver+1"],"picked":"Conserve Battery","floor":19.0},{"not_picked":["Cold Snap","Gash+1"],"picked":"Auto Shields","floor":21.0},{"not_picked":["Compile Driver","Barrage+1","Doom and Gloom"],"picked":"SKIP","floor":25.0},{"not_picked":["Chill","Go for the Eyes","Stack"],"picked":"SKIP","floor":27.0},{"not_picked":["FTL","Compile Driver","Self Repair"],"picked":"SKIP","floor":28.0},{"not_picked":["Compile Driver+1","Ball Lightning","Auto Shields"],"picked":"SKIP","floor":30.0},{"not_picked":["Self Repair","Capacitor","Hologram"],"picked":"SKIP","floor":31.0},{"not_picked":["Ball Lightning","Rebound"],"picked":"Redo","floor":35.0},{"not_picked":["Streamline+1","Ball Lightning+1","Compile Driver"],"picked":"SKIP","floor":39.0},{"not_picked":["Streamline","Beam Cell","Self Repair+1"],"picked":"SKIP","floor":41.0},{"not_picked":["Creative AI","Cold Snap+1","Beam Cell+1"],"picked":"Singing Bowl","floor":47.0},{"not_picked":["Conserve Battery+1","Steam Power+1","Ball Lightning"],"picked":"Singing Bowl","floor":48.0}],"player_experience":674650,"relics_obtained":[{"floor":7.0,"key":"Lizard Tail"},{"floor":9.0,"key":"Mummified Hand"},{"floor":14.0,"key":"Blood Vial"},{"floor":26.0,"key":"Bottled Tornado"},{"floor":37.0,"key":"Torii"},{"floor":43.0,"key":"Toxic Egg 2"},{"floor":45.0,"key":"Singing Bowl"}],"event_choices":[{"damage_healed":0.0,"max_hp_gain":0.0,"max_hp_loss":0.0,"gold_gain":0.0,"event_name":"Accursed Blacksmith","player_choice":"Forge","floor":2.0,"gold_loss":0.0,"damage_taken":0.0,"cards_upgraded":["Zap"]},{"damage_healed":0.0,"max_hp_gain":0.0,"max_hp_loss":0.0,"gold_gain":75.0,"event_name":"World of Goop","player_choice":"Gather Gold","floor":4.0,"gold_loss":0.0,"damage_taken":11.0},{"damage_healed":0.0,"max_hp_gain":0.0,"max_hp_loss":0.0,"gold_gain":175.0,"event_name":"Liars Game","player_choice":"AGREE","floor":11.0,"gold_loss":0.0,"damage_taken":0.0,"cards_obtained":["Doubt"]},{"damage_healed":0.0,"max_hp_gain":0.0,"max_hp_loss":0.0,"gold_gain":0.0,"cards_transformed":["Strike_B"],"event_name":"Transmorgrifier","player_choice":"Transformed","floor":12.0,"gold_loss":0.0,"damage_taken":0.0,"cards_obtained":["Steam Power"]},{"cards_removed":["Sunder"],"damage_healed":0.0,"max_hp_gain":0.0,"max_hp_loss":0.0,"gold_gain":0.0,"event_name":"Falling","player_choice":"Removed Attack","floor":36.0,"gold_loss":0.0,"damage_taken":0.0},{"damage_healed":0.0,"max_hp_gain":0.0,"max_hp_loss":0.0,"gold_gain":0.0,"event_name":"MindBloom","player_choice":"Fight","floor":37.0,"gold_loss":0.0,"damage_taken":0.0},{"damage_healed":0.0,"max_hp_gain":0.0,"max_hp_loss":0.0,"gold_gain":0.0,"event_name":"SensoryStone","player_choice":"Memory 1","floor":38.0,"gold_loss":0.0,"damage_taken":0.0},{"damage_healed":0.0,"max_hp_gain":0.0,"max_hp_loss":0.0,"gold_gain":0.0,"event_name":"Tomb of Lord Red Mask","player_choice":"Paid","floor":46.0,"gold_loss":289.0,"damage_taken":0.0,"relics_obtained":["Red Mask"]}],"is_beta":false,"boss_relics":[{"not_picked":["Inserter","Sozu"],"picked":"Pandora\u0027s Box"},{"not_picked":["Runic Dome","Busted Crown"],"picked":"Black Star"}],"items_purged_floors":[20],"is_endless":false,"potions_floor_spawned":[1,3,5,16,18,27,30,33,35,48],"killed_by":"Time Eater","ascension_level":9}}