{"host":"ad59wuc8ynh8u2z6","time":1612470530,"event":{"mods":["AchievementEnabler","BaseMod","Colored Powertips","DeckTracker","Highlight Path","Minty Spire (QoL Compilation)","Permanent Neow"],"gold_per_floor":[116,134,59,72,72,106,119,153,153,153,181,181,181,210,210,306,306,324,334,234,251,263,263,289,306,306,306,339,339,356,271,271,367,367,383,394,394,413,429,429,455,455,480,494,525,525,525,561,570,570,570,570,36,72,72],"floor_reached":56,"language":"ENG","playtime":2167,"items_purged":["Strike_G","Strike_G","Strike_G"],"score":1746,"play_id":"916e8a28-2445-492d-aa33-256141910c63","local_time":"20210204212850","is_ascension_mode":true,"campfire_choices":[{"data":"Blade Dance","floor":12.0,"key":"SMITH"},{"data":"Accuracy","floor":15.0,"key":"SMITH"},{"data":"Neutralize","floor":23,"key":"SMITH"},{"floor":27,"key":"REST"},{"data":"Adrenaline","floor":29,"key":"SMITH"},{"data":"Blade Dance","floor":32,"key":"SMITH"},{"data":"Storm of Steel","floor":40,"key":"SMITH"},{"floor":47,"key":"RECALL"},{"floor":49,"key":"REST"},{"data":"Backflip","floor":52,"key":"SMITH"}],"circlet_count":0,"master_deck":["Strike_G","Defend_G","Defend_G","Defend_G","Defend_G","Defend_G","Survivor","Neutralize+1","Backflip","Blade Dance+1","Dagger Throw","Accuracy+1","A Thousand Cuts+1","Accuracy+1","A Thousand Cuts+1","Slice","Blade Dance+1","Backstab","Adrenaline+1","Storm of Steel+1","Endless Agony","Expertise+1","Terror+1","Blade Dance+1","Infinite Blades+1","Backflip+1","Reflex","Finisher+1"],"relics":["HoveringKite","Pantograph","Frozen Egg 2","Ornamental Fan","Mercury Hourglass","Orichalcum","WristBlade","Shuriken","Mummified Hand","Kunai","Question Card","SlaversCollar","Matryoshka","Dream Catcher","Pen Nib","Bottled Lightning","CeramicFish","Paper Crane","Pocketwatch"],"acts_visited":["Exordium","TheCity","TheBeyond","TheEnding"],"potions_floor_usage":[24,28,55,55],"damage_taken":[{"damage":0.0,"enemies":"Jaw Worm","floor":1.0,"turns":4.0},{"damage":0.0,"enemies":"2 Louse","floor":2.0,"turns":3.0},{"damage":0.0,"enemies":"Cultist","floor":4.0,"turns":4.0},{"damage":30.0,"enemies":"Lagavulin","floor":6.0,"turns":9.0},{"damage":0.0,"enemies":"3 Louse","floor":7.0,"turns":4.0},{"damage":5.0,"enemies":"3 Sentries","floor":8.0,"turns":8.0},{"damage":0.0,"enemies":"Lagavulin","floor":11.0,"turns":4.0},{"damage":16.0,"enemies":"Gremlin Nob","floor":14.0,"turns":4.0},{"damage":0.0,"enemies":"Slime Boss","floor":16.0,"turns":4.0},{"damage":7,"enemies":"2 Thieves","floor":18,"turns":2},{"damage":0,"enemies":"Spheric Guardian","floor":19,"turns":2},{"damage":7,"enemies":"Chosen and Byrds","floor":21,"turns":3},{"damage":19,"enemies":"Snake Plant","floor":22,"turns":3},{"damage":28,"enemies":"Slavers","floor":24,"turns":3},{"damage":5,"enemies":"Shelled Parasite and Fungi","floor":25,"turns":3},{"damage":13,"enemies":"Book of Stabbing","floor":28,"turns":3},{"damage":0,"enemies":"Sentry and Sphere","floor":30,"turns":2},{"damage":0,"enemies":"Automaton","floor":33,"turns":5},{"damage":5,"enemies":"3 Shapes","floor":35,"turns":3},{"damage":3,"enemies":"Orb Walker","floor":36,"turns":2},{"damage":18,"enemies":"4 Shapes","floor":38,"turns":5},{"damage":0,"enemies":"3 Darklings","floor":39,"turns":2},{"damage":0,"enemies":"Reptomancer","floor":41,"turns":3},{"damage":8,"enemies":"Spire Growth","floor":44,"turns":4},{"damage":0,"enemies":"Giant Head","floor":45,"turns":2},{"damage":0,"enemies":"Nemesis","floor":48,"turns":2},{"damage":45,"enemies":"Awakened One","floor":50,"turns":6},{"damage":24,"enemies":"Shield and Spear","floor":54,"turns":4},{"damage":46,"enemies":"The Heart","floor":55,"turns":5}],"seed_played":"4546436478482924654","potions_obtained":[{"floor":2.0,"key":"PowerPotion"},{"floor":4.0,"key":"SmokeBomb"},{"floor":7.0,"key":"Fire Potion"},{"floor":16.0,"key":"Block Potion"},{"floor":19,"key":"GhostInAJar"},{"floor":24,"key":"SpeedPotion"},{"floor":33,"key":"Explosive Potion"},{"floor":38,"key":"Strength Potion"},{"floor":41,"key":"FearPotion"},{"floor":45,"key":"Dexterity Potion"}],"is_trial":false,"path_per_floor":["M","M","$","M","?","E","M","E","T","?","E","R","?","E","R","B",null,"M","M","$","M","M","R","E","M","T","R","E","R","M","?","R","B",null,"M","M","?","M","M","R","E","?","T","M","E","?","R","E","R","B",null,"R","$","E","B",null],"character_chosen":"THE_SILENT","items_purchased":["CultistPotion","Paper Crane","Reflex"],"campfire_rested":2,"item_purchase_floors":[53,53,53],"current_hp_per_floor":[70,70,70,70,63,33,33,28,28,28,28,28,70,54,54,70,70,63,63,63,56,37,37,9,4,4,25,12,12,12,12,12,37,70,65,62,62,44,44,44,44,44,44,36,36,36,36,36,55,21,66,66,66,42,20],"gold":72,"neow_bonus":"BOSS_RELIC","is_daily":false,"chose_seed":false,"campfire_upgraded":7,"win_rate":0.0,"timestamp":1612470530,"path_taken":["M","M","$","M","?","E","M","E","T","?","E","R","?","E","R","BOSS","M","M","$","M","M","R","E","M","T","R","E","R","M","?","R","BOSS","M","M","?","?","M","R","E","?","T","M","E","?","R","E","R","BOSS","R","$","E","BOSS"],"items_purchased_type":["Potion","Relic","Card"],"build_version":"2020-12-22","purchased_purges":3,"victory":true,"max_hp_per_floor":[70,70,70,70,70,70,70,70,70,70,70,70,70,70,70,70,70,70,70,70,70,70,70,70,70,70,70,70,70,70,70,70,70,70,70,70,70,70,70,70,70,66,66,66,66,66,66,66,66,66,66,66,66,66,66],"card_choices":[{"not_picked":["Expertise","Endless Agony"],"picked":"Backflip","floor":1.0},{"not_picked":["Cloak And Dagger","Choke"],"picked":"Blade Dance","floor":2.0},{"not_picked":["Bane","Cloak And Dagger"],"picked":"Dagger Throw","floor":4.0},{"not_picked":["Quick Slash","Tactician","Well Laid Plans"],"picked":"SKIP","floor":6.0},{"not_picked":["Slice","Eviscerate"],"picked":"Accuracy","floor":7.0},{"not_picked":["Caltrops+1","Dodge and Roll"],"picked":"A Thousand Cuts+1","floor":8.0},{"not_picked":["Bane","Acrobatics"],"picked":"Accuracy+1","floor":11.0},{"not_picked":["Dash","Flying Knee","Blur"],"picked":"SKIP","floor":14.0},{"not_picked":["Doppelganger","Unload"],"picked":"A Thousand Cuts+1","floor":16.0},{"not_picked":["Deadly Poison","Acrobatics","Bane+1"],"picked":"SKIP","floor":18},{"not_picked":["All Out Attack+1","Malaise"],"picked":"Slice","floor":19},{"not_picked":["Deflect+1","Calculated Gamble","Flying Knee"],"picked":"SKIP","floor":21},{"not_picked":["Dagger Spray+1","Leg Sweep","Backflip"],"picked":"SKIP","floor":22},{"not_picked":["Quick Slash","Bouncing Flask"],"picked":"Blade Dance","floor":24},{"not_picked":["Backflip","Predator"],"picked":"Backstab","floor":25},{"not_picked":["Backflip","Acrobatics"],"picked":"Adrenaline","floor":28},{"not_picked":["Outmaneuver","Distraction","Dodge and Roll"],"picked":"SKIP","floor":30},{"not_picked":["Corpse Explosion","Bullet Time","Unload"],"picked":"Storm of Steel","floor":33},{"not_picked":["Dagger Throw","Poisoned Stab","Tactician+1"],"picked":"Endless Agony","floor":35},{"not_picked":["Deadly Poison","Heel Hook+1","Flying Knee+1"],"picked":"Expertise+1","floor":36},{"not_picked":["Well Laid Plans+1","Escape Plan","Outmaneuver"],"picked":"Terror+1","floor":38},{"not_picked":["Slice","Blade Dance","Calculated Gamble","Flechettes+1"],"picked":"SKIP","floor":39},{"not_picked":["Eviscerate+1","PiercingWail+1","Noxious Fumes+1","Doppelganger"],"picked":"SKIP","floor":41},{"not_picked":["Tactician+1","Slice+1","Deflect"],"picked":"Blade Dance+1","floor":44},{"not_picked":["Reflex","Dagger Spray","Caltrops+1","Well Laid Plans+1"],"picked":"SKIP","floor":45},{"not_picked":["Expertise","Flechettes+1","All Out Attack+1"],"picked":"Infinite Blades+1","floor":48},{"not_picked":["Quick Slash","Poisoned Stab+1","Backstab+1"],"picked":"Backflip","floor":49},{"not_picked":["Venomology","Deflect+1","Sucker Punch+1"],"picked":"Finisher+1","floor":54}],"player_experience":76033,"relics_obtained":[{"floor":6.0,"key":"Pantograph"},{"floor":8.0,"key":"Frozen Egg 2"},{"floor":9.0,"key":"Ornamental Fan"},{"floor":11.0,"key":"Mercury Hourglass"},{"floor":14.0,"key":"Orichalcum"},{"floor":24,"key":"Shuriken"},{"floor":26,"key":"Mummified Hand"},{"floor":28,"key":"Kunai"},{"floor":41,"key":"Dream Catcher"},{"floor":43,"key":"Pen Nib"},{"floor":45,"key":"Bottled Lightning"},{"floor":48,"key":"CeramicFish"},{"floor":54,"key":"Pocketwatch"}],"event_choices":[{"cards_removed":["Strike_G"],"damage_healed":0.0,"max_hp_gain":0.0,"max_hp_loss":0.0,"gold_gain":0.0,"event_name":"Golden Wing","player_choice":"Card Removal","floor":5.0,"gold_loss":0.0,"damage_taken":7.0},{"damage_healed":0.0,"max_hp_gain":0.0,"max_hp_loss":0.0,"gold_gain":0.0,"event_name":"Liars Game","player_choice":"Ignored","floor":10.0,"gold_loss":0.0,"damage_taken":0.0},{"damage_healed":42.0,"max_hp_gain":0.0,"max_hp_loss":0.0,"gold_gain":0.0,"event_name":"Wheel of Change","player_choice":"Full Heal","floor":13.0,"gold_loss":0.0,"damage_taken":0.0},{"damage_healed":0,"gold_gain":0,"player_choice":"Obtained Relic","damage_taken":0,"relics_obtained":["Question Card"],"max_hp_gain":0,"max_hp_loss":0,"event_name":"Addict","floor":31,"gold_loss":85},{"damage_healed":0,"gold_gain":0,"player_choice":"Gave Potion","damage_taken":0,"relics_obtained":["Matryoshka"],"max_hp_gain":0,"max_hp_loss":0,"event_name":"WeMeetAgain","floor":37,"gold_loss":0},{"damage_healed":0,"gold_gain":0,"player_choice":"Max HP","damage_taken":0,"max_hp_gain":0,"max_hp_loss":4,"event_name":"Winding Halls","floor":42,"gold_loss":0},{"damage_healed":0,"gold_gain":0,"player_choice":"Memory 1","damage_taken":0,"max_hp_gain":0,"max_hp_loss":0,"event_name":"SensoryStone","floor":46,"gold_loss":0}],"is_beta":false,"boss_relics":[{"not_picked":["Astrolabe","Runic Pyramid"],"picked":"WristBlade"},{"not_picked":["Black Star","Empty Cage"],"picked":"SlaversCollar"}],"items_purged_floors":[3,20,53],"is_endless":false,"potions_floor_spawned":[2,4,7,16,19,24,33,38,39,41,45],"ascension_level":4}}