{"host":"2wp95sdfrgw3k439","time":1612465588,"event":{"mods":["BaseMod","Better Altar","Better Skull","Better Third Choice","Curses Come First","Minty Spire (QoL Compilation)","Permanent Neow","StSLib"],"gold_per_floor":[117,137,212,212,212,212,243,255,255,288,288,322,332,21,21,121,121,139,139,139,151,163,163,177,209,209,209,223,233,249,262,262,262,262],"floor_reached":33,"language":"ENG","playtime":1181,"items_purged":["Strike_R"],"score":469,"play_id":"8a24edbd-24c6-4c19-a8ba-89cc016622a4","local_time":"20210204120628","is_ascension_mode":true,"campfire_choices":[{"data":"Twin Strike","floor":6,"key":"SMITH"},{"floor":11,"key":"REST"},{"floor":15,"key":"REST"},{"floor":23,"key":"REST"},{"floor":27,"key":"REST"},{"floor":32,"key":"REST"}],"circlet_count":0,"master_deck":["Strike_R","Strike_R","Strike_R+1","Defend_R","Defend_R","Defend_R","Bash","Twin Strike+1","Clothesline+1","Headbutt","Carnage","Metallicize","Dropkick","Dramatic Entrance","Feed","Iron Wave+1","Dropkick","True Grit+1","Body Slam+1","Headbutt+1","Berserk","Pommel Strike+1","Dropkick+1"],"relics":["Burning Blood","Ginger","Blue Candle","Strawberry","Pear","Toolbox","Sozu","MutagenicStrength","Bronze Scales","Happy Flower"],"acts_visited":["Exordium","TheCity"],"potions_floor_usage":[10,12,16],"damage_taken":[{"damage":6,"enemies":"Jaw Worm","floor":1,"turns":5},{"damage":0,"enemies":"Small Slimes","floor":2,"turns":3},{"damage":6,"enemies":"Gremlin Nob","floor":7,"turns":3},{"damage":6,"enemies":"2 Louse","floor":8,"turns":2},{"damage":50,"enemies":"Lagavulin","floor":10,"turns":8},{"damage":29,"enemies":"3 Sentries","floor":12,"turns":6},{"damage":13,"enemies":"Exordium Thugs","floor":13,"turns":3},{"damage":45,"enemies":"Hexaghost","floor":16,"turns":9},{"damage":13,"enemies":"3 Byrds","floor":18,"turns":3},{"damage":12,"enemies":"Chosen","floor":21,"turns":3},{"damage":19,"enemies":"Snake Plant","floor":22,"turns":3},{"damage":25,"enemies":"Shelled Parasite and Fungi","floor":24,"turns":6},{"damage":38,"enemies":"Slavers","floor":25,"turns":3},{"damage":4,"enemies":"Chosen and Byrds","floor":28,"turns":5},{"damage":12,"enemies":"Cultist and Chosen","floor":29,"turns":4},{"damage":42,"enemies":"Shelled Parasite and Fungi","floor":30,"turns":4},{"damage":9,"enemies":"Snecko","floor":31,"turns":3},{"damage":65,"enemies":"Champ","floor":33,"turns":8}],"seed_played":"2575086893143803755","potions_obtained":[{"floor":1,"key":"SpeedPotion"},{"floor":8,"key":"Regen Potion"},{"floor":10,"key":"LiquidBronze"}],"is_trial":false,"path_per_floor":["M","M","?","?","?","R","E","M","T","E","R","E","M","$","R","B",null,"M","?","?","M","M","R","M","E","T","R","M","M","M","M","R","B"],"character_chosen":"IRONCLAD","items_purchased":["Toolbox","Dramatic Entrance"],"campfire_rested":5,"item_purchase_floors":[14,14],"current_hp_per_floor":[72,72,61,47,52,52,52,52,52,30,55,42,35,35,63,24,77,73,73,64,61,48,78,62,33,33,64,66,63,27,27,60,0,0],"gold":262,"neow_bonus":"REMOVE_TWO","is_daily":false,"chose_seed":false,"campfire_upgraded":1,"win_rate":0.0,"timestamp":1612465588,"path_taken":["M","M","?","?","?","R","E","M","T","E","R","E","M","$","R","BOSS","M","?","?","?","?","R","M","E","T","R","M","M","M","M","R","BOSS"],"items_purchased_type":["Relic","Card"],"build_version":"2020-12-22","purchased_purges":1,"victory":false,"max_hp_per_floor":[72,72,72,72,77,77,77,77,77,84,84,94,94,94,94,94,94,97,97,97,100,100,100,103,106,106,106,106,109,109,112,112,112,112],"card_choices":[{"not_picked":["Feel No Pain","Iron Wave"],"picked":"Twin Strike","floor":1},{"not_picked":["Dark Embrace","Anger"],"picked":"Clothesline","floor":2},{"not_picked":["Wild Strike","Demon Form"],"picked":"Headbutt","floor":7},{"not_picked":["Body Slam","Twin Strike"],"picked":"Carnage","floor":8},{"not_picked":["Pummel","Carnage"],"picked":"Metallicize","floor":10},{"not_picked":["Perfected Strike","Searing Blow","True Grit"],"picked":"SKIP","floor":12},{"not_picked":["Shrug It Off","Thunderclap"],"picked":"Dropkick","floor":13},{"not_picked":["Juggernaut","Demon Form"],"picked":"Feed","floor":16},{"not_picked":["Clash","Armaments"],"picked":"Iron Wave+1","floor":18},{"not_picked":["Rage","Sentinel"],"picked":"Dropkick","floor":21},{"not_picked":["Wild Strike","Sever Soul"],"picked":"True Grit+1","floor":22},{"not_picked":["Headbutt","Havoc"],"picked":"Body Slam+1","floor":24},{"not_picked":["Evolve","Sever Soul"],"picked":"Headbutt+1","floor":25},{"not_picked":["Perfected Strike","Heavy Blade"],"picked":"Berserk","floor":28},{"not_picked":["Headbutt","Wild Strike","Perfected Strike+1"],"picked":"SKIP","floor":29},{"not_picked":["Infernal Blade","Shrug It Off+1"],"picked":"Pommel Strike+1","floor":30},{"not_picked":["True Grit","Searing Blow+1"],"picked":"Dropkick+1","floor":31}],"player_experience":535797,"relics_obtained":[{"floor":7,"key":"Ginger"},{"floor":9,"key":"Blue Candle"},{"floor":10,"key":"Strawberry"},{"floor":12,"key":"Pear"},{"floor":25,"key":"Bronze Scales"},{"floor":26,"key":"Happy Flower"}],"event_choices":[{"damage_healed":0,"gold_gain":75,"player_choice":"Gold","damage_taken":11,"max_hp_gain":0,"max_hp_loss":0,"event_name":"betterThird:BetterGoop","floor":3,"gold_loss":0},{"damage_healed":61,"gold_gain":0,"player_choice":"Upgrade","damage_taken":14,"max_hp_gain":0,"max_hp_loss":72,"event_name":"betterThird:BetterShining","floor":4,"gold_loss":0,"cards_upgraded":["Strike_R","Clothesline"]},{"damage_healed":0,"gold_gain":0,"player_choice":"Donut","damage_taken":0,"max_hp_gain":5,"max_hp_loss":0,"event_name":"Big Fish","floor":5,"gold_loss":0},{"damage_healed":0,"gold_gain":0,"player_choice":"Inject Mutagens","damage_taken":0,"relics_obtained":["MutagenicStrength"],"max_hp_gain":0,"max_hp_loss":0,"event_name":"Drug Dealer","floor":19,"gold_loss":0},{"damage_healed":0,"gold_gain":0,"player_choice":"Damaged","damage_taken":9,"max_hp_gain":0,"max_hp_loss":0,"event_name":"Wheel of Change","floor":20,"gold_loss":0}],"is_beta":false,"boss_relics":[{"not_picked":["Runic Dome","SacredBark"],"picked":"Sozu"}],"items_purged_floors":[14],"is_endless":false,"potions_floor_spawned":[1,8,10,18,24,25,29,30,31],"killed_by":"Champ","ascension_level":9}}