{"host":"rm0ctv8qd8mnbkg1","time":1612446891,"event":{"mods":["BaseMod","BetterRewards","Colored Map","DNKmod","Dark Map","Defuse TimeMaze Blight","Friendly Minions","Hubris","Hunter ??","Infinite Spire","Minty Spire (QoL Compilation)","MostiFishMod","Permanent Neow","Quarter Circle Forward PUNCH!","RRrroohrrRGHHhhh!!","Rare Cards Sparkle","Relic Sorter","Reliquary","Replay The Spire","RumiaBox-????????","Shade Mod","Shop Mod","Spicy Shops","Spire Arcade","StS++","StSLib","The Dragon Tamer","The Poker Player","The Servant 0.9.4","Wandering Minibosses","[IsaacMod]????","??????REMEMod"],"gold_per_floor":[10119,10119,10119,10171,10285,10285,10312,10328,10328,10447,10461,10636,10636,10636,10636,10745,10745,10758,10758,10782,10782,10782,10782,10807,10807,10807,10807,10842,10592,10619,10653,10653,10750,10750,10780,10780,10780],"floor_reached":36,"language":"ENG","playtime":887,"items_purged":["Clumsy","Regret"],"score":870,"play_id":"057a88d8-3568-4f9e-b5ac-745dbed4dd2e","local_time":"20210204135451","is_ascension_mode":true,"campfire_choices":[{"data":"rorgmod:Storm","floor":6,"key":"SMITH"},{"data":"StSpp:Igniter","floor":15,"key":"SMITH"},{"data":"StSpp:Igniter","floor":23,"key":"SMITH"},{"data":"Crystallizer","floor":25,"key":"SMITH"},{"data":"hubris:PowerSurge","floor":27,"key":"SMITH"},{"data":"rorgmod:Fusion","floor":32,"key":"SMITH"}],"circlet_count":0,"master_deck":["Strike_B","Strike_B","Strike_B","Strike_B","Defend_B","Defend_B","Defend_B","Defend_B","Zap","Dualcast","BloodyBrimstone","SignatureMove","rorgmod:Refrigerate","rorgmod:Storm+1","hubris:PowerSurge+1","Crystallizer+1","StSpp:Igniter+1","Sweeping Beam","Doubt","MostiFishMod:ActiveDefenseSystem","rorgmod:LRU Cache","StSpp:Igniter+1","Barrage","MostiFishMod:PushDownKick+1","Static Discharge","GremboGang","rorgmod:LRU Cache","rorgmod:Fusion+1","REME_Shoggoth","StSpp:Saturation","Ball Lightning","hubris:NaturalOne"],"relics":["Cracked Core","REME_ComplimentaryCards","HushsDoor","DaveBox","DiscerningMonocle","SalivaCoin","Oddly Smooth Stone","infinitespire:Lucky Rock","Cables","SynthV:C4","hubris:Icosahedron","Ancient Tea Set","reliquary:Conveyor","reliquary:ExpiredCoupon","Snecko Heart","GuppysHead","Juzu Bracelet","TheBean","Blood Vial","reliquary:ShortFuse","reliquary:Knoch","Chemical X","rorgmod:The Boot","hubris:CuriousFeather","DataDisk","Red Mask","wanderingMiniBosses:ThiefScarf","Black Star","qcfpunch:Red_Gi","BirthdayGift-Tetrahedron"],"acts_visited":["Exordium","TheCity","TheBeyond"],"potions_floor_usage":[],"damage_taken":[{"damage":0,"enemies":"Jaw Worm","floor":1,"turns":3},{"damage":0,"enemies":"2 Louse","floor":5,"turns":2},{"damage":0,"enemies":"Lagavulin","floor":7,"turns":3},{"damage":0,"enemies":"Cultist","floor":8,"turns":2},{"damage":0,"enemies":"3 Louse","floor":10,"turns":1},{"damage":0,"enemies":"Large Slime","floor":11,"turns":2},{"damage":3,"enemies":"The Guardian","floor":16,"turns":6},{"damage":0,"enemies":"Spheric Guardian","floor":18,"turns":3},{"damage":13,"enemies":"Chosen","floor":20,"turns":3},{"damage":0,"enemies":"Book of Stabbing","floor":24,"turns":3},{"damage":0,"enemies":"Masked Bandits","floor":28,"turns":2},{"damage":10,"enemies":"Snecko","floor":30,"turns":5},{"damage":0,"enemies":"Gremlin Leader","floor":31,"turns":3},{"damage":0,"enemies":"Collector","floor":33,"turns":6},{"damage":13,"enemies":"3 Darklings","floor":35,"turns":3},{"damage":0,"enemies":"Mind Bloom Boss Battle","floor":36,"turns":3}],"seed_played":"-2722008482502145492","potions_obtained":[{"floor":1,"key":"SteroidPotion"},{"floor":7,"key":"Strength Potion"},{"floor":10,"key":"Dexterity Potion"},{"floor":20,"key":"FairyPotion"},{"floor":33,"key":"Death Potion"},{"floor":35,"key":"Explosive Potion"}],"is_trial":false,"path_per_floor":["M","$","?","?","M","R","E","M","T","M","M","?","?","?","R","B",null,"M","$","M","$","?","R","E","R","T","R","?","?","M","E","R","B",null,"M","?"],"character_chosen":"DEFECT","items_purchased":["rorgmod:Storm","Oddly Smooth Stone","infinitespire:Lucky Rock","Cables","SynthV:C4","GuppysHead","Juzu Bracelet","StSpp:Igniter","TheBean","Blood Vial","Barrage","reliquary:ShortFuse","reliquary:Knoch","Chemical X","rorgmod:The Boot","StSpp:Saturation"],"campfire_rested":0,"item_purchase_floors":[2,2,2,2,2,17,19,19,19,19,19,21,21,21,21,34],"current_hp_per_floor":[1000,1000,1000,1000,1000,1000,1000,1000,1000,1000,1000,1000,1000,1000,1000,997,990,990,990,977,977,977,977,979,979,979,979,990,990,980,982,982,984,980,969,971,971],"gold":10780,"neow_bonus":"HUNDRED_GOLD","is_daily":false,"chose_seed":false,"campfire_upgraded":6,"win_rate":0.0,"timestamp":1612446891,"path_taken":["M","$","?","?","M","R","E","M","T","M","?","?","?","?","R","BOSS","M","$","M","$","?","R","E","R","T","R","?","?","M","E","R","BOSS","M","?"],"items_purchased_type":["Card","Relic","Relic","Relic","Relic","Relic","Relic","Card","Relic","Relic","Card","Relic","Relic","Relic","Relic","Card"],"build_version":"2020-12-22","purchased_purges":2,"victory":false,"max_hp_per_floor":[1000,1000,1000,1000,1000,1000,1000,1000,1000,1000,1000,1000,1000,1000,1000,1000,990,990,990,990,990,990,990,990,990,990,990,990,990,987,984,984,984,980,980,980,980],"card_choices":[{"not_picked":[],"picked":"BloodyBrimstone","floor":0},{"not_picked":["rorgmod:Hot Sockets","Rebound"],"picked":"rorgmod:Refrigerate","floor":1},{"not_picked":["Self Repair","Lockon"],"picked":"hubris:PowerSurge","floor":5},{"not_picked":["ReplayGash","rorgmod:Biogeneration"],"picked":"Crystallizer","floor":7},{"not_picked":["rorgmod:Fragmentation","Barrage"],"picked":"StSpp:Igniter","floor":8},{"not_picked":["rorgmod:LRU Cache","MostiFishMod:LinkProtocol"],"picked":"Sweeping Beam","floor":10},{"not_picked":["Compile Driver","rorgmod:Refrigerate","StSpp:TargetLocked"],"picked":"SKIP","floor":11},{"not_picked":["Core Surge","StSpp:MemoryLeak"],"picked":"MostiFishMod:ActiveDefenseSystem","floor":16},{"not_picked":["Turbo","rorgmod:Antivirus+1"],"picked":"rorgmod:LRU Cache","floor":18},{"not_picked":["Streamline","rorgmod:Antivirus"],"picked":"MostiFishMod:PushDownKick+1","floor":20},{"not_picked":["Cold Snap","Coolheaded","Panic Button+1"],"picked":"SKIP","floor":24},{"not_picked":["rorgmod:Overcurrent","Time Bomb"],"picked":"Static Discharge","floor":28},{"not_picked":["Time Bomb+1","rorgmod:Leap+1"],"picked":"rorgmod:LRU Cache","floor":30},{"not_picked":["Conserve Battery","MostiFishMod:FluxCapactior"],"picked":"rorgmod:Fusion","floor":31},{"not_picked":["MostiFishMod:Hijack","MostiFishMod:TalkingToTheRain"],"picked":"REME_Shoggoth","floor":33},{"not_picked":["Panic Button","REME_Whirling"],"picked":"Ball Lightning","floor":35}],"player_experience":213894,"relics_obtained":[{"floor":7,"key":"Ancient Tea Set"},{"floor":9,"key":"reliquary:Conveyor"},{"floor":24,"key":"hubris:CuriousFeather"},{"floor":26,"key":"DataDisk"},{"floor":28,"key":"Red Mask"},{"floor":30,"key":"wanderingMiniBosses:ThiefScarf"}],"event_choices":[{"damage_healed":0,"gold_gain":52,"player_choice":"Gained Gold","damage_taken":0,"max_hp_gain":0,"max_hp_loss":0,"event_name":"Golden Wing","floor":4,"gold_loss":0},{"damage_healed":0,"gold_gain":175,"player_choice":"AGREE","damage_taken":0,"max_hp_gain":0,"max_hp_loss":0,"event_name":"Liars Game","floor":12,"gold_loss":0,"cards_obtained":["Doubt"]},{"damage_healed":0,"gold_gain":0,"player_choice":"Box","damage_taken":0,"relics_obtained":["reliquary:ExpiredCoupon"],"max_hp_gain":0,"max_hp_loss":0,"event_name":"Big Fish","floor":14,"gold_loss":0,"cards_obtained":["Regret"]},{"damage_healed":0,"gold_gain":0,"player_choice":"Fought Bandits","damage_taken":0,"max_hp_gain":0,"max_hp_loss":0,"event_name":"Masked Bandits","floor":28,"gold_loss":0},{"damage_healed":0,"gold_gain":0,"player_choice":"Fight","damage_taken":0,"max_hp_gain":0,"max_hp_loss":0,"event_name":"MindBloom","floor":36,"gold_loss":0}],"is_beta":false,"boss_relics":[{"not_picked":["Honey Jar","Painkiller Herb"],"picked":"Snecko Heart"},{"not_picked":[]},{"not_picked":["rorgmod:Empty Cage","hubris:GrandSneckoEye"],"picked":"Black Star"},{"not_picked":[]}],"items_purged_floors":[2,21],"is_endless":false,"potions_floor_spawned":[1,7,10,20,28,33,35],"killed_by":"Mind Bloom Boss Battle","ascension_level":6}}