{"host":"oor112x12afcc54z","time":1612406812,"event":{"mods":["AchievementEnabler","BaseMod","DeckTracker","Keyboard Shortcuts","Minty Spire (QoL Compilation)","SuperFastMode"],"gold_per_floor":[117,130,55,55,69,69,102,122,122,122,142,142,186,216,216,216,216],"floor_reached":16,"language":"KOR","playtime":283,"items_purged":["Vigilance"],"score":174,"play_id":"8e70eef3-ecc7-425f-96f4-38e26d84ecee","local_time":"20210204114652","is_ascension_mode":true,"campfire_choices":[{"data":"Eruption","floor":6.0,"key":"SMITH"},{"data":"FlurryOfBlows","floor":15,"key":"SMITH"}],"circlet_count":0,"master_deck":["AscendersBane","Strike_P","Strike_P","Strike_P","Strike_P","Defend_P","Defend_P","Defend_P","Defend_P","Eruption+1","InnerPeace","FearNoEvil","FlurryOfBlows+1"],"relics":["SacredBark","Orichalcum","Strawberry","Gremlin Horn","Golden Idol","CeramicFish"],"acts_visited":["Exordium"],"potions_floor_usage":[7],"damage_taken":[{"damage":0.0,"enemies":"Cultist","floor":1.0,"turns":2.0},{"damage":0.0,"enemies":"Small Slimes","floor":2.0,"turns":3.0},{"damage":0.0,"enemies":"2 Louse","floor":5.0,"turns":1.0},{"damage":10,"enemies":"Lagavulin","floor":7,"turns":6},{"damage":7,"enemies":"2 Fungi Beasts","floor":8,"turns":2},{"damage":10,"enemies":"Blue Slaver","floor":11,"turns":3},{"damage":18,"enemies":"3 Sentries","floor":13,"turns":7},{"damage":18,"enemies":"Red Slaver","floor":14,"turns":4},{"damage":30,"enemies":"The Guardian","floor":16,"turns":2}],"seed_played":"7561309909966307619","potions_obtained":[{"floor":1.0,"key":"ColorlessPotion"},{"floor":5.0,"key":"PowerPotion"},{"floor":8,"key":"FearPotion"},{"floor":11,"key":"DuplicationPotion"}],"is_trial":false,"path_per_floor":["M","M","$","?","M","R","E","M","T","?","M","?","E","M","R","B"],"character_chosen":"WATCHER","items_purchased":[],"campfire_rested":0,"item_purchase_floors":[],"current_hp_per_floor":[65,65,65,70,70,70,60,53,60,60,50,50,32,14,14,0,0],"gold":216,"neow_bonus":"BOSS_RELIC","is_daily":false,"chose_seed":false,"campfire_upgraded":2,"win_rate":0.0,"timestamp":1612406812,"path_taken":["M","M","$","?","M","R","E","M","T","?","?","?","E","M","R","BOSS"],"items_purchased_type":[],"build_version":"2020-12-22","purchased_purges":1,"victory":false,"max_hp_per_floor":[72,72,72,77,77,77,77,77,84,84,84,78,78,78,78,78,78],"card_choices":[{"not_picked":["Halt","Wallop"],"picked":"InnerPeace","floor":1.0},{"not_picked":["Prostrate","FlyingSleeves"],"picked":"FearNoEvil","floor":2.0},{"not_picked":["EmptyFist","ClearTheMind","FlyingSleeves"],"picked":"SKIP","floor":5.0},{"not_picked":["Vengeance","Prostrate","Study"],"picked":"SKIP","floor":7},{"not_picked":["Swivel","Halt","EmptyBody"],"picked":"SKIP","floor":8},{"not_picked":["Wallop","Collect","SashWhip"],"picked":"SKIP","floor":11},{"not_picked":["FlyingSleeves","Protect","EmptyFist"],"picked":"SKIP","floor":13},{"not_picked":["EmptyBody","LikeWater"],"picked":"FlurryOfBlows","floor":14}],"player_experience":440059,"relics_obtained":[{"floor":7,"key":"Orichalcum"},{"floor":9,"key":"Strawberry"},{"floor":13,"key":"CeramicFish"}],"event_choices":[{"damage_healed":0.0,"max_hp_gain":5.0,"max_hp_loss":0.0,"gold_gain":0.0,"event_name":"Big Fish","player_choice":"Donut","floor":4.0,"gold_loss":0.0,"damage_taken":0.0},{"damage_healed":0,"gold_gain":0,"player_choice":"Gave Potion","damage_taken":0,"relics_obtained":["Gremlin Horn"],"max_hp_gain":0,"max_hp_loss":0,"event_name":"WeMeetAgain","floor":10,"gold_loss":0},{"damage_healed":0,"gold_gain":0,"player_choice":"Lose Max HP","damage_taken":0,"relics_obtained":["Golden Idol"],"max_hp_gain":0,"max_hp_loss":6,"event_name":"Golden Idol","floor":12,"gold_loss":0}],"is_beta":false,"boss_relics":[],"items_purged_floors":[3],"is_endless":false,"potions_floor_spawned":[1,5,8,11],"killed_by":"The Guardian","ascension_level":11}}