{"host":"g1qzxxy7a24sg3a3","time":1612418106,"event":{"mods":["ATMod(阿瑾Mod)","Act Like it!","Arknights","BaseMod","Custom Start","Gensokyo","GungeonMod","Hallownest","Lobotomy","LobotomyExtend","Minty Spire (QoL Compilation)","MostiFishMod","Pale of the Ancients","Replay The Spire","SOS（斯巴达之子）","Shop Mod","Spicy Shops","StSLib","TestMod","The Administrix","The Bug Knight","Waifu the Spire","WarShipGirlsR/战舰少女R mod","【遗物卡牌】REMEMod","残留之物"],"gold_per_floor":[-1290,-1290,-1290,-1272,-1224,-1224,-1145,-1145],"floor_reached":7,"language":"ZHS","playtime":271,"items_purged":[],"score":78,"play_id":"1937db9e-e1ac-444f-8fb9-a123e3a013bf","local_time":"20210204135506","is_ascension_mode":true,"campfire_choices":[{"data":"AT_FamilyPortrait","floor":6,"key":"SMITH"}],"circlet_count":0,"master_deck":["ats:Strike C","ats:Strike G","ats:Strike S","ats:Strike V","ats:Armor Crushing Shot","ats:Defend","ats:Defend","ats:Defend","ats:Defend","ats:Emotion Absorption","AT_FamilyPortrait","ats:Charging Defense","AT_FamilyPortrait+1","ats:Apocalypse","SpiderBud","ats:Calcification"],"relics":["ats:Sanity","AT_ATBox","DaveBox","testmod-TestBox","REME_ComplimentaryCards","SynthV:MejaisSoulstealer","testmod-BloodSacrificeSpiritualization","CogitoBucket","SynthV:TestCard","LetterFromLob","REME_ArchaeologicalTools","ats:Originium","DemoMod:GlassGuonStoneRelic","Frozen Egg 2"],"acts_visited":["Exordium"],"potions_floor_usage":[4],"damage_taken":[{"damage":13,"enemies":"Jaw Worm","floor":1,"turns":5},{"damage":12,"enemies":"Cultist","floor":4,"turns":3},{"damage":7,"enemies":"Replay:BlueRogue","floor":7,"turns":2}],"seed_played":"-4777701635062866861","potions_obtained":[{"floor":2,"key":"Death Potion"},{"floor":2,"key":"Death Potion"},{"floor":2,"key":"Weak Potion"},{"floor":7,"key":"Weak Potion"}],"is_trial":false,"path_per_floor":["M","?","$","M","?","R","E"],"character_chosen":"DOCTOR_CLASS","items_purchased":[],"campfire_rested":0,"item_purchase_floors":[],"current_hp_per_floor":[59,59,59,47,47,47,44,44],"gold":-1145,"neow_bonus":"","is_daily":false,"chose_seed":false,"campfire_upgraded":1,"win_rate":0.0,"timestamp":1612418106,"path_taken":["M","?","$","?","?","R","E"],"items_purchased_type":[],"build_version":"2020-12-22","purchased_purges":0,"victory":false,"max_hp_per_floor":[72,72,72,72,72,72,72,72],"card_choices":[{"not_picked":["ats:Blood Oath","ats:Counter Healing Mode"],"picked":"ats:Charging Defense","floor":1},{"not_picked":["SpiderBud","VoidDream","LaLuna"],"picked":"Singing Bowl","floor":1},{"not_picked":["ShyLook","Murderer","SnowQueen"],"picked":"Singing Bowl","floor":4},{"not_picked":["ats:Leaping Hammer","ats:Blood Oath","ats:Revitalization","ats:Rapid Magazine","ats:Chain Hook"],"picked":"SKIP","floor":4},{"not_picked":["ats:Fractured Body","ats:Powerful Strike","ats:Ignite","ats:Revitalization"],"picked":"ats:Apocalypse","floor":5},{"not_picked":["DespairKnight","LongBird"],"picked":"SpiderBud","floor":7},{"not_picked":["ats:Magnetic Hammer","ats:Automatic Cover","ats:Very Hot Blade","ats:Ambush+1"],"picked":"ats:Calcification","floor":7}],"player_experience":70917,"relics_obtained":[{"floor":1,"key":"SynthV:TestCard"},{"floor":4,"key":"LetterFromLob"},{"floor":5,"key":"REME_ArchaeologicalTools"},{"floor":7,"key":"ats:Originium"},{"floor":7,"key":"Frozen Egg 2"}],"event_choices":[{"damage_healed":0,"gold_gain":0,"player_choice":"Got Potions","damage_taken":0,"max_hp_gain":0,"max_hp_loss":0,"event_name":"Lab","floor":2,"gold_loss":0}],"is_beta":false,"boss_relics":[],"items_purged_floors":[],"is_endless":false,"potions_floor_spawned":[7],"killed_by":"Replay:BlueRogue","ascension_level":1}}