{"host":"jpcy2bclvs7juczu","time":1612411000,"event":{"mods":["Alarm Clock","BaseMod","Bestiary","Block Reminder","Colored Map","Colored Powertips","Curses Come First","Dark Map","Filter the Spire","Minty Spire (QoL Compilation)","Quick Restart","RNG Fix","Relic Stats","Slay the Relics Exporter","Smile Girya","StSLib","everything is the same but u backflip on backflip","ojb\u0027s Better Paths Mod","ojb\u0027s Info Mod","slay the spire mod where everything is the same but ironclad has a cowboy hat"],"gold_per_floor":[216,233,33,50,68,99,99,129,182,182,211,229,10,23,23,97,97,114,127,127,138,94,125,125,142,142,168,186,186,18,51,51,125,125,136,152,169,1168,1188,1221,1231,1231,1231,1243,1270,1270,616,632,632,632,632,632],"floor_reached":51,"language":"ENG","playtime":2377,"items_purged":["Normality"],"score":1632,"play_id":"c4336602-7484-421f-b3bc-754e34d4c2e5","local_time":"20210203225640","is_ascension_mode":true,"campfire_choices":[{"data":"Whirlwind","floor":7,"key":"SMITH"},{"data":"Bash","floor":10,"key":"SMITH"},{"data":"Heavy Blade","floor":15,"key":"SMITH"},{"data":"Armaments","floor":24,"key":"SMITH"},{"data":"1","floor":29,"key":"LIFT"},{"data":"Pummel","floor":32,"key":"SMITH"},{"data":"2","floor":42,"key":"LIFT"},{"floor":49,"key":"RECALL"}],"circlet_count":0,"master_deck":["AscendersBane","Strike_R","Strike_R","Strike_R","Strike_R+1","Defend_R","Defend_R","Defend_R","Defend_R","Bash+1","Power Through","Wild Strike","Feel No Pain","Anger","Whirlwind+1","Ghostly Armor+1","Infernal Blade","Reaper","Heavy Blade+1","Armaments+1","Impervious","Shockwave+1","Reckless Charge+1","Headbutt","Shrug It Off+1","Evolve","Feel No Pain+1","Bloodletting","Pummel+1","Cleave","Intimidate","Disarm","Reaper","Heavy Blade","Normality","Heavy Blade+1","Sword Boomerang","Barricade","Writhe","Battle Trance","Evolve","Evolve+1"],"relics":["Burning Blood","Brimstone","Centennial Puzzle","Bag of Marbles","Pear","Medical Kit","Mark of Pain","Blue Candle","Girya","PreservedInsect","Orrery","Sundial","Fusion Hammer","Nunchaku","War Paint","Whetstone","Pen Nib","OrangePellets"],"acts_visited":["Exordium","TheCity","TheBeyond"],"potions_floor_usage":[16,21,31,40,44,45,45,50,51],"damage_taken":[{"damage":6,"enemies":"Cultist","floor":1,"turns":3},{"damage":8,"enemies":"Small Slimes","floor":2,"turns":5},{"damage":8,"enemies":"Jaw Worm","floor":4,"turns":3},{"damage":12,"enemies":"3 Louse","floor":5,"turns":3},{"damage":10,"enemies":"Gremlin Nob","floor":6,"turns":3},{"damage":13,"enemies":"3 Sentries","floor":8,"turns":3},{"damage":0,"enemies":"Gremlin Nob","floor":11,"turns":2},{"damage":13,"enemies":"Exordium Wildlife","floor":12,"turns":3},{"damage":10,"enemies":"2 Fungi Beasts","floor":14,"turns":2},{"damage":48,"enemies":"The Guardian","floor":16,"turns":7},{"damage":4,"enemies":"Chosen","floor":18,"turns":3},{"damage":22,"enemies":"Shell Parasite","floor":19,"turns":2},{"damage":4,"enemies":"Shelled Parasite and Fungi","floor":21,"turns":4},{"damage":54,"enemies":"Gremlin Leader","floor":23,"turns":6},{"damage":3,"enemies":"Snecko","floor":25,"turns":4},{"damage":12,"enemies":"Slavers","floor":27,"turns":4},{"damage":20,"enemies":"Cultist and Chosen","floor":28,"turns":7},{"damage":16,"enemies":"Book of Stabbing","floor":31,"turns":3},{"damage":28,"enemies":"Collector","floor":33,"turns":6},{"damage":8,"enemies":"3 Shapes","floor":35,"turns":4},{"damage":0,"enemies":"3 Darklings","floor":36,"turns":1},{"damage":22,"enemies":"Spire Growth","floor":37,"turns":3},{"damage":0,"enemies":"4 Shapes","floor":39,"turns":1},{"damage":36,"enemies":"Nemesis","floor":40,"turns":3},{"damage":16,"enemies":"Jaw Worm Horde","floor":41,"turns":4},{"damage":35,"enemies":"Spire Growth","floor":44,"turns":3},{"damage":8,"enemies":"Giant Head","floor":45,"turns":4},{"damage":18,"enemies":"Sphere and 2 Shapes","floor":48,"turns":3},{"damage":88,"enemies":"Awakened One","floor":50,"turns":10},{"damage":77,"enemies":"Donu and Deca","floor":51,"turns":5}],"seed_played":"-6965183981182720957","potions_obtained":[{"floor":4,"key":"ColorlessPotion"},{"floor":12,"key":"Explosive Potion"},{"floor":14,"key":"LiquidBronze"},{"floor":19,"key":"Block Potion"},{"floor":23,"key":"CultistPotion"},{"floor":28,"key":"AttackPotion"},{"floor":37,"key":"DistilledChaos"},{"floor":39,"key":"Fruit Juice"},{"floor":40,"key":"LiquidMemories"},{"floor":44,"key":"LiquidMemories"}],"is_trial":false,"path_per_floor":["M","M","$","M","M","E","R","E","T","R","E","M","$","M","R","B",null,"M","M","?","M","$","E","R","M","T","E","M","R","$","E","R","B",null,"M","M","M","?","M","E","M","R","T","M","E","?","$","M","R","B","B"],"character_chosen":"IRONCLAD","items_purchased":["Feel No Pain","Brimstone","Medical Kit","SpeedPotion","Evolve","Orrery","PowerPotion","Pen Nib","Battle Trance","OrangePellets","Weak Potion","Evolve"],"campfire_rested":0,"item_purchase_floors":[3,3,13,13,22,30,47,47,47,47,47,47],"current_hp_per_floor":[68,66,66,64,58,54,54,47,47,47,63,72,72,81,81,63,80,82,66,66,85,85,69,69,81,81,85,85,85,85,75,75,53,77,85,85,85,85,85,55,79,79,79,55,76,90,90,83,83,64,0,0],"gold":632,"neow_bonus":"HUNDRED_GOLD","is_daily":false,"chose_seed":false,"campfire_upgraded":5,"win_rate":0.0,"timestamp":1612411000,"path_taken":["M","M","$","M","M","E","R","E","T","R","E","M","$","M","R","BOSS","M","M","?","M","$","E","R","M","T","E","M","R","$","E","R","BOSS","M","M","M","?","?","E","M","R","T","M","E","?","$","M","R","BOSS","BOSS"],"items_purchased_type":["Card","Relic","Relic","Potion","Card","Relic","Potion","Relic","Card","Relic","Potion","Card"],"build_version":"2020-12-22","purchased_purges":1,"victory":false,"max_hp_per_floor":[75,75,75,75,75,75,75,75,75,75,85,85,85,85,85,85,85,85,85,85,85,85,85,85,85,85,85,85,85,85,85,85,85,85,85,85,85,85,85,85,85,85,85,90,90,90,90,90,90,90,90,90],"relic_stats":{"counters":[30,114],"Blue Candle":[8],"PreservedInsect":223,"Pen Nib":[4],"Whetstone":["Strike_R","Heavy Blade"],"War Paint":["Ghostly Armor","Shockwave"],"Medical Kit":[52],"Burning Blood":147,"OrangePellets":[2],"Centennial Puzzle":[66],"Nunchaku":[6],"Sundial":[0],"obtain_stats":[{"Girya":26,"Pear":11,"Blue Candle":23,"PreservedInsect":27,"Pen Nib":47,"Whetstone":45,"War Paint":43,"Medical Kit":13,"Burning Blood":0,"OrangePellets":47,"Centennial Puzzle":6,"Nunchaku":40,"Brimstone":3,"Sundial":31,"Orrery":30,"Mark of Pain":17,"Fusion Hammer":34,"Bag of Marbles":8},{"Girya":15,"Pear":7,"Blue Candle":14,"PreservedInsect":16,"Pen Nib":27,"Whetstone":27,"War Paint":25,"Medical Kit":8,"Burning Blood":0,"OrangePellets":27,"Centennial Puzzle":5,"Nunchaku":24,"Brimstone":2,"Sundial":18,"Orrery":17,"Mark of Pain":10,"Fusion Hammer":19,"Bag of Marbles":6},{"Girya":53,"Pear":22,"Blue Candle":49,"PreservedInsect":57,"Pen Nib":96,"Whetstone":96,"War Paint":89,"Medical Kit":25,"Burning Blood":0,"OrangePellets":96,"Centennial Puzzle":17,"Nunchaku":85,"Brimstone":8,"Sundial":67,"Orrery":64,"Mark of Pain":34,"Fusion Hammer":73,"Bag of Marbles":20}]},"card_choices":[{"not_picked":["Disarm","Clash"],"picked":"Power Through","floor":1},{"not_picked":["Sword Boomerang","Bloodletting"],"picked":"Wild Strike","floor":2},{"not_picked":["Armaments","Shrug It Off"],"picked":"Anger","floor":4},{"not_picked":["Seeing Red","Metallicize"],"picked":"Whirlwind","floor":5},{"not_picked":["Sentinel","Combust"],"picked":"Ghostly Armor","floor":6},{"not_picked":["Rupture","Warcry"],"picked":"Infernal Blade","floor":8},{"not_picked":["Blood for Blood","Perfected Strike"],"picked":"Reaper","floor":11},{"not_picked":["Cleave","Clash"],"picked":"Heavy Blade","floor":12},{"not_picked":["Thunderclap","Perfected Strike"],"picked":"Armaments","floor":14},{"not_picked":["Berserk","Feed"],"picked":"Impervious","floor":16},{"not_picked":["True Grit+1","Armaments"],"picked":"Shockwave","floor":18},{"not_picked":["Clash","Pommel Strike"],"picked":"Reckless Charge+1","floor":19},{"not_picked":["Wild Strike","Metallicize"],"picked":"Shrug It Off+1","floor":21},{"not_picked":["Searing Blow","Flex","Sever Soul"],"picked":"SKIP","floor":23},{"not_picked":["Havoc","Armaments"],"picked":"Feel No Pain+1","floor":25},{"not_picked":["Rupture","Flex"],"picked":"Bloodletting","floor":27},{"not_picked":["Cleave","Headbutt","Blood for Blood"],"picked":"SKIP","floor":28},{"not_picked":["Clash","Fire Breathing"],"picked":"Pummel","floor":30},{"not_picked":["Entrench","Flex"],"picked":"Cleave","floor":30},{"not_picked":["Warcry","Evolve"],"picked":"Intimidate","floor":30},{"not_picked":["Rampage","Iron Wave"],"picked":"Disarm","floor":31},{"not_picked":["Berserk","Bludgeon"],"picked":"Reaper","floor":33},{"not_picked":["Flex+1","Ghostly Armor","Perfected Strike"],"picked":"SKIP","floor":35},{"not_picked":["Armaments","Headbutt","Thunderclap"],"picked":"SKIP","floor":36},{"not_picked":["Inflame","Cleave+1"],"picked":"Heavy Blade","floor":37},{"not_picked":["Perfected Strike","Havoc+1"],"picked":"Heavy Blade","floor":39},{"not_picked":["Shrug It Off","Brutality","Flex+1"],"picked":"SKIP","floor":40},{"not_picked":["Shrug It Off","Flex","Thunderclap"],"picked":"SKIP","floor":41},{"not_picked":["True Grit+1","Clash+1"],"picked":"Sword Boomerang","floor":44},{"not_picked":["Shrug It Off+1","Spot Weakness"],"picked":"Barricade","floor":45},{"not_picked":["Clash","Anger"],"picked":"Evolve+1","floor":48}],"player_experience":1568161,"relics_obtained":[{"floor":6,"key":"Centennial Puzzle"},{"floor":8,"key":"Bag of Marbles"},{"floor":11,"key":"Pear"},{"floor":23,"key":"Blue Candle"},{"floor":26,"key":"Girya"},{"floor":27,"key":"PreservedInsect"},{"floor":31,"key":"Sundial"},{"floor":40,"key":"Nunchaku"},{"floor":43,"key":"War Paint"},{"floor":45,"key":"Whetstone"}],"event_choices":[{"damage_healed":0,"gold_gain":0,"cards_transformed":["Strike_R"],"player_choice":"Transformed","damage_taken":0,"max_hp_gain":0,"max_hp_loss":0,"event_name":"Transmorgrifier","floor":20,"gold_loss":0,"cards_obtained":["Headbutt"]},{"damage_healed":0,"gold_gain":999,"player_choice":"Gold","damage_taken":0,"max_hp_gain":0,"max_hp_loss":0,"event_name":"MindBloom","floor":38,"gold_loss":0,"cards_obtained":["Normality","Normality"]},{"damage_healed":18,"gold_gain":0,"player_choice":"Writhe","damage_taken":0,"max_hp_gain":0,"max_hp_loss":0,"event_name":"Winding Halls","floor":46,"gold_loss":0,"cards_obtained":["Writhe"]}],"is_beta":false,"boss_relics":[{"not_picked":["Black Blood","Busted Crown"],"picked":"Mark of Pain"},{"not_picked":["Runic Cube","Velvet Choker"],"picked":"Fusion Hammer"}],"items_purged_floors":[47],"is_endless":false,"potions_floor_spawned":[4,12,14,19,23,27,28,37,39,40,44],"killed_by":"Donu and Deca","ascension_level":20}}