{"host":"sc0o2qwpf9j16a4i","time":1612451526,"event":{"mods":["AchievementEnabler","BaseMod","BetterRewards","Block Reminder","Colored Map","Colored Powertips","Custom Start","Highlight Path","Minty Spire (QoL Compilation)","Relic Stats"],"gold_per_floor":[113,73,88,88,98,130,144,144,190,221,250,291,332,358,370,484,496,528,455,467,509,541,582,693,730,795,822,854,23,56,74,74,177,177,190,235,15,33,50,82,97,131,154,166,166,197,211,242,242,242],"floor_reached":51,"language":"ENG","playtime":2129,"items_purged":[],"score":1346,"play_id":"e90a83d7-968b-4a31-8306-dc0423ba6410","local_time":"20210204171206","daily_mods":["Shiny","ControlledChaos","DeadlyEvents"],"is_ascension_mode":false,"campfire_choices":[{"floor":8,"key":"REST"},{"data":"Barricade","floor":15,"key":"SMITH"},{"data":"Limit Break","floor":32,"key":"SMITH"},{"data":"Corruption","floor":45,"key":"SMITH"},{"data":"Limit Break","floor":49,"key":"SMITH"}],"circlet_count":0,"master_deck":["Double Tap","Demon Form","Bludgeon+1","Feed+1","Limit Break+1","Corruption+1","Barricade+1","Fiend Fire","Berserk","Impervious","Juggernaut","Brutality","Reaper","Exhume","Offering","Immolate","Pommel Strike","Pommel Strike","Rupture","Spot Weakness","Feed","Ghostly Armor","Shockwave","Disarm","Headbutt","Sentinel","Whirlwind","Battle Trance","Power Through","Shockwave","Rupture","Dark Embrace","Evolve","Seeing Red","Power Through","Reaper","Burning Pact","Battle Trance+1","Fiend Fire","Limit Break+1","Rupture+1","Heavy Blade+1","Dark Embrace+1","Heavy Blade+1","Power Through","Infernal Blade+1"],"relics":["Burning Blood","Frozen Eye","Pear","MawBank","Nunchaku","The Courier","Mark of Pain","Bronze Scales","CaptainsWheel","Charon\u0027s Ashes","Bag of Preparation","Eternal Feather","Whetstone","ClockworkSouvenir","PreservedInsect","Pen Nib","Bag of Marbles","White Beast Statue","Anchor","Coffee Dripper","FossilizedHelix","Membership Card","Self Forming Clay","TungstenRod","StoneCalendar","Regal Pillow","Gremlin Horn","Strawberry"],"acts_visited":["Exordium","TheCity","TheBeyond"],"potions_floor_usage":[12,13,13,21,28,39,39,39,42,48,48,48,50,50],"damage_taken":[{"damage":11,"enemies":"Jaw Worm","floor":1,"turns":3},{"damage":11,"enemies":"2 Louse","floor":3,"turns":2},{"damage":0,"enemies":"Small Slimes","floor":5,"turns":5},{"damage":6,"enemies":"Gremlin Nob","floor":6,"turns":2},{"damage":60,"enemies":"Blue Slaver","floor":7,"turns":8},{"damage":10,"enemies":"Looter","floor":10,"turns":4},{"damage":0,"enemies":"Lots of Slimes","floor":11,"turns":1},{"damage":6,"enemies":"3 Sentries","floor":12,"turns":3},{"damage":2,"enemies":"Lagavulin","floor":13,"turns":4},{"damage":11,"enemies":"Blue Slaver","floor":14,"turns":2},{"damage":36,"enemies":"The Guardian","floor":16,"turns":15},{"damage":29,"enemies":"Spheric Guardian","floor":18,"turns":4},{"damage":38,"enemies":"Gremlin Leader","floor":21,"turns":6},{"damage":8,"enemies":"2 Thieves","floor":22,"turns":3},{"damage":9,"enemies":"Book of Stabbing","floor":23,"turns":5},{"damage":12,"enemies":"Slavers","floor":25,"turns":3},{"damage":26,"enemies":"3 Cultists","floor":27,"turns":4},{"damage":9,"enemies":"Snake Plant","floor":28,"turns":3},{"damage":12,"enemies":"Gremlin Leader","floor":30,"turns":3},{"damage":0,"enemies":"Cultist and Chosen","floor":31,"turns":4},{"damage":14,"enemies":"Champ","floor":33,"turns":3},{"damage":12,"enemies":"3 Darklings","floor":35,"turns":4},{"damage":25,"enemies":"2 Orb Walkers","floor":36,"turns":3},{"damage":0,"enemies":"Orb Walker","floor":38,"turns":1},{"damage":0,"enemies":"4 Shapes","floor":39,"turns":3},{"damage":2,"enemies":"Nemesis","floor":40,"turns":5},{"damage":0,"enemies":"Spire Growth","floor":41,"turns":4},{"damage":13,"enemies":"Reptomancer","floor":42,"turns":5},{"damage":5,"enemies":"Sphere and 2 Shapes","floor":44,"turns":3},{"damage":0,"enemies":"Giant Head","floor":46,"turns":3},{"damage":6,"enemies":"Writhing Mass","floor":47,"turns":2},{"damage":0,"enemies":"Nemesis","floor":48,"turns":3},{"damage":5,"enemies":"Time Eater","floor":50,"turns":5}],"seed_played":"-2262845761268913990","potions_obtained":[{"floor":2,"key":"Energy Potion"},{"floor":2,"key":"FearPotion"},{"floor":2,"key":"Fire Potion"},{"floor":3,"key":"LiquidMemories"},{"floor":12,"key":"SkillPotion"},{"floor":21,"key":"ElixirPotion"},{"floor":22,"key":"BlessingOfTheForge"},{"floor":28,"key":"EntropicBrew"},{"floor":30,"key":"DuplicationPotion"},{"floor":38,"key":"DistilledChaos"},{"floor":39,"key":"SpeedPotion"},{"floor":40,"key":"DuplicationPotion"},{"floor":42,"key":"Fire Potion"},{"floor":46,"key":"EntropicBrew"},{"floor":48,"key":"Ancient Potion"}],"is_trial":true,"path_per_floor":["M","?","M","?","M","E","M","R","T","M","M","E","E","M","R","B",null,"M","?","T","E","M","E","?","E","T","M","M","$","E","M","R","B",null,"M","?","$","M","M","E","M","E","T","M","R","E","M","E","R","B",null],"character_chosen":"IRONCLAD","items_purchased":["ClockworkSouvenir","PreservedInsect","Pen Nib","Bag of Marbles","Rupture","White Beast Statue","Dark Embrace","Evolve","Membership Card","Self Forming Clay"],"campfire_rested":1,"item_purchase_floors":[29,29,29,29,29,29,29,29,37,37],"current_hp_per_floor":[75,75,80,80,92,105,55,86,86,89,95,98,102,100,100,70,111,91,91,91,89,90,87,87,86,86,69,70,70,73,93,114,110,135,138,134,134,138,146,146,146,139,139,150,150,153,157,164,164,164],"gold":242,"neow_bonus":"","is_daily":false,"chose_seed":false,"campfire_upgraded":4,"win_rate":0.0,"timestamp":1612451526,"path_taken":["M","?","?","?","M","E","?","R","T","M","M","?","E","M","R","BOSS","M","?","?","?","M","E","?","?","T","M","?","?","E","M","R","BOSS","M","?","$","M","M","E","?","E","T","M","R","E","M","?","R","BOSS"],"items_purchased_type":["Relic","Relic","Relic","Relic","Card","Relic","Card","Card","Relic","Relic"],"build_version":"2020-12-22","purchased_purges":0,"victory":true,"max_hp_per_floor":[80,80,86,86,92,105,105,105,105,105,105,108,108,111,111,111,111,114,114,114,114,117,117,117,117,117,120,124,124,127,131,131,135,135,138,138,138,138,146,146,146,146,146,150,150,153,157,164,164,164],"relic_stats":{"Regal Pillow":0,"Gremlin Horn":[0,0],"counters":[33,128],"Self Forming Clay":[12],"Eternal Feather":21,"StoneCalendar":[0],"Charon\u0027s Ashes":[799],"PreservedInsect":324,"Pen Nib":[5],"Bag of Preparation":[36],"Whetstone":["Feed","Bludgeon"],"MawBank":240,"Burning Blood":160,"Nunchaku":[10],"Bronze Scales":[233],"obtain_stats":[{"Regal Pillow":43,"Gremlin Horn":46,"StoneCalendar":42,"Bag of Preparation":23,"Whetstone":26,"Burning Blood":0,"ClockworkSouvenir":29,"Frozen Eye":0,"Nunchaku":12,"Strawberry":48,"Pear":6,"Self Forming Clay":37,"Eternal Feather":25,"The Courier":13,"Charon\u0027s Ashes":21,"PreservedInsect":29,"Pen Nib":29,"MawBank":9,"White Beast Statue":29,"CaptainsWheel":20,"Anchor":30,"Bronze Scales":19,"Mark of Pain":17,"Bag of Marbles":29,"Coffee Dripper":34,"Membership Card":37,"FossilizedHelix":36,"TungstenRod":40},{"Regal Pillow":28,"Gremlin Horn":30,"StoneCalendar":28,"Bag of Preparation":15,"Whetstone":16,"Burning Blood":0,"ClockworkSouvenir":18,"Frozen Eye":0,"Nunchaku":8,"Strawberry":32,"Pear":4,"Self Forming Clay":23,"Eternal Feather":16,"The Courier":9,"Charon\u0027s Ashes":13,"PreservedInsect":18,"Pen Nib":18,"MawBank":5,"White Beast Statue":18,"CaptainsWheel":12,"Anchor":19,"Bronze Scales":12,"Mark of Pain":11,"Bag of Marbles":18,"Coffee Dripper":21,"Membership Card":23,"FossilizedHelix":23,"TungstenRod":26},{"Regal Pillow":112,"Gremlin Horn":118,"StoneCalendar":112,"Bag of Preparation":67,"Whetstone":70,"Burning Blood":0,"ClockworkSouvenir":77,"Frozen Eye":0,"Nunchaku":28,"Strawberry":123,"Pear":12,"Self Forming Clay":94,"Eternal Feather":70,"The Courier":32,"Charon\u0027s Ashes":59,"PreservedInsect":77,"Pen Nib":77,"MawBank":20,"White Beast Statue":77,"CaptainsWheel":53,"Anchor":80,"Bronze Scales":53,"Mark of Pain":49,"Bag of Marbles":77,"Coffee Dripper":87,"Membership Card":94,"FossilizedHelix":94,"TungstenRod":103}],"TungstenRod":7},"card_choices":[{"not_picked":["Pummel","Bloodletting"],"picked":"Pommel Strike","floor":1},{"not_picked":["Twin Strike","Anger","Wild Strike"],"picked":"SKIP","floor":3},{"not_picked":["Reckless Charge","Searing Blow"],"picked":"Pommel Strike","floor":5},{"not_picked":["Bloodletting","Flex"],"picked":"Rupture","floor":6},{"not_picked":["Shrug It Off","Second Wind"],"picked":"Spot Weakness","floor":7},{"not_picked":["Bloodletting","Sword Boomerang","Second Wind"],"picked":"SKIP","floor":10},{"not_picked":["Spot Weakness","Hemokinesis"],"picked":"Feed","floor":11},{"not_picked":["Perfected Strike","Havoc"],"picked":"Ghostly Armor","floor":12},{"not_picked":["Flex","Demon Form"],"picked":"Shockwave","floor":13},{"not_picked":["Clash","Seeing Red"],"picked":"Disarm","floor":14},{"not_picked":["Clothesline+1","Clash"],"picked":"Headbutt","floor":18},{"not_picked":["Heavy Blade","Sever Soul+1"],"picked":"Sentinel","floor":21},{"not_picked":["Sword Boomerang+1","Warcry","Wild Strike+1"],"picked":"SKIP","floor":22},{"not_picked":["Warcry","Iron Wave"],"picked":"Whirlwind","floor":23},{"not_picked":["Corruption","Uppercut"],"picked":"Battle Trance","floor":25},{"not_picked":["Sword Boomerang","Whirlwind"],"picked":"Power Through","floor":27},{"not_picked":["Clash","Sword Boomerang"],"picked":"Shockwave","floor":28},{"not_picked":["Flame Barrier","Thunderclap+1"],"picked":"Seeing Red","floor":30},{"not_picked":["Evolve","Body Slam"],"picked":"Power Through","floor":31},{"not_picked":["Feed","Limit Break"],"picked":"Reaper","floor":33},{"not_picked":["Clothesline","Intimidate+1"],"picked":"Burning Pact","floor":35},{"not_picked":["Flex+1","Searing Blow"],"picked":"Battle Trance+1","floor":38},{"not_picked":["Clothesline","Twin Strike"],"picked":"Fiend Fire","floor":39},{"not_picked":["True Grit+1","Metallicize+1"],"picked":"Limit Break","floor":40},{"not_picked":["Searing Blow+1","Thunderclap+1"],"picked":"Rupture+1","floor":41},{"not_picked":["Cleave","Iron Wave+1"],"picked":"Heavy Blade+1","floor":42},{"not_picked":["Seeing Red","Thunderclap"],"picked":"Dark Embrace+1","floor":44},{"not_picked":["Perfected Strike+1","Sword Boomerang"],"picked":"Heavy Blade+1","floor":46},{"not_picked":["Perfected Strike+1","Sword Boomerang"],"picked":"Power Through","floor":47},{"not_picked":["Flex","Thunderclap+1"],"picked":"Infernal Blade+1","floor":48}],"player_experience":1187073,"relics_obtained":[{"floor":6,"key":"Pear"},{"floor":9,"key":"MawBank"},{"floor":12,"key":"Nunchaku"},{"floor":13,"key":"The Courier"},{"floor":20,"key":"CaptainsWheel"},{"floor":21,"key":"Charon\u0027s Ashes"},{"floor":23,"key":"Bag of Preparation"},{"floor":25,"key":"Eternal Feather"},{"floor":26,"key":"Whetstone"},{"floor":30,"key":"Anchor"},{"floor":36,"key":"FossilizedHelix"},{"floor":40,"key":"TungstenRod"},{"floor":42,"key":"StoneCalendar"},{"floor":43,"key":"Regal Pillow"},{"floor":46,"key":"Gremlin Horn"},{"floor":48,"key":"Strawberry"}],"event_choices":[{"damage_healed":0,"gold_gain":0,"player_choice":"Bought 3 Potions","damage_taken":0,"max_hp_gain":0,"max_hp_loss":0,"event_name":"The Woman in Blue","floor":2,"gold_loss":0},{"damage_healed":0,"gold_gain":0,"player_choice":"Leave","damage_taken":0,"max_hp_gain":0,"max_hp_loss":0,"event_name":"The Cleric","floor":4,"gold_loss":0},{"damage_healed":0,"gold_gain":0,"player_choice":"Obtained Relic","damage_taken":0,"relics_obtained":["Bronze Scales"],"max_hp_gain":0,"max_hp_loss":0,"event_name":"Addict","floor":19,"gold_loss":85},{"damage_healed":0,"gold_gain":99,"player_choice":"Stole From Cult","damage_taken":0,"max_hp_gain":0,"max_hp_loss":0,"event_name":"Nest","floor":24,"gold_loss":0},{"damage_healed":0,"gold_gain":0,"player_choice":"Fight","damage_taken":0,"max_hp_gain":0,"max_hp_loss":0,"event_name":"Mysterious Sphere","floor":36,"gold_loss":0}],"is_beta":false,"boss_relics":[{"not_picked":["Cursed Key","Ectoplasm"],"picked":"Mark of Pain"},{"not_picked":["Astrolabe","Tiny House"],"picked":"Coffee Dripper"}],"items_purged_floors":[],"is_endless":false,"potions_floor_spawned":[3,5,7,10,12,21,22,28,30,31,33,35,36,38,39,40,41,42,44,46,47,48],"ascension_level":0}}