{"host":"eebsr5bfap1y39p2","time":1612411695,"event":{"mods":["AchievementEnabler","BaseMod","Colored Map","Minty Spire (QoL Compilation)","StSLib","SuperFastMode"],"gold_per_floor":[109,123,133,55,74,74,88,88,88,88,13,41,97,114,114,217,217,234,234,261,10,24,24,53,53,53,53,81,81,81,95,95,195,195,212,222,232,107,118,118,149,149,202,212,212,312,162,172,172,172,172,172,172,206,206],"floor_reached":56,"language":"KOR","playtime":3432,"items_purged":["Strike_P","Nirvana","CarveReality+1","LessonLearned+1"],"score":1869,"play_id":"98154326-e885-4f38-8964-05034400a8cf","local_time":"20210203230815","is_ascension_mode":true,"campfire_choices":[{"data":"Eruption","floor":6.0,"key":"SMITH"},{"data":"Adaptation","floor":10.0,"key":"SMITH"},{"floor":15.0,"key":"REST"},{"data":"Scrawl","floor":23.0,"key":"SMITH"},{"data":"TalkToTheHand","floor":25.0,"key":"SMITH"},{"floor":27.0,"key":"RECALL"},{"data":"FearNoEvil","floor":29.0,"key":"SMITH"},{"data":"SpiritShield","floor":32.0,"key":"SMITH"},{"floor":40.0,"key":"REST"},{"floor":45.0,"key":"REST"},{"floor":49.0,"key":"REST"},{"floor":52,"key":"REST"}],"circlet_count":0,"master_deck":["Eruption+1","Vigilance+1","Adaptation+1","MentalFortress+1","Scrawl+1","SpiritShield+1","BattleHymn+1","TalkToTheHand+1","Weave+1","Adaptation+1","FearNoEvil+1","Establishment+1"],"relics":["HolyWater","CloakClasp","TeardropLocket","GoldenEye","Pandora\u0027s Box","Red Mask","Lee\u0027s Waffle","Singing Bowl","Mercury Hourglass","Shuriken","Happy Flower","Strawberry"],"acts_visited":["Exordium","TheCity","TheBeyond","TheEnding"],"potions_floor_usage":[],"damage_taken":[{"damage":2.0,"enemies":"Cultist","floor":1.0,"turns":3.0},{"damage":0.0,"enemies":"2 Louse","floor":2.0,"turns":2.0},{"damage":2.0,"enemies":"Small Slimes","floor":3.0,"turns":2.0},{"damage":11.0,"enemies":"Gremlin Gang","floor":5.0,"turns":7.0},{"damage":8.0,"enemies":"Looter","floor":7.0,"turns":3.0},{"damage":17.0,"enemies":"Lagavulin","floor":12.0,"turns":7.0},{"damage":9.0,"enemies":"Gremlin Nob","floor":13.0,"turns":3.0},{"damage":0.0,"enemies":"2 Fungi Beasts","floor":14.0,"turns":3.0},{"damage":6.0,"enemies":"Slime Boss","floor":16.0,"turns":10.0},{"damage":10.0,"enemies":"Shell Parasite","floor":18.0,"turns":4.0},{"damage":12.0,"enemies":"Masked Bandits","floor":20.0,"turns":3.0},{"damage":0.0,"enemies":"Chosen","floor":22.0,"turns":3.0},{"damage":0.0,"enemies":"Gremlin Leader","floor":24.0,"turns":3.0},{"damage":0.0,"enemies":"Book of Stabbing","floor":28.0,"turns":2.0},{"damage":0.0,"enemies":"Sentry and Sphere","floor":31.0,"turns":2.0},{"damage":0.0,"enemies":"Collector","floor":33.0,"turns":2.0},{"damage":0.0,"enemies":"3 Shapes","floor":35.0,"turns":1.0},{"damage":31.0,"enemies":"3 Darklings","floor":36.0,"turns":3.0},{"damage":0.0,"enemies":"Spire Growth","floor":37.0,"turns":3.0},{"damage":0.0,"enemies":"Writhing Mass","floor":39.0,"turns":1.0},{"damage":0.0,"enemies":"Giant Head","floor":41.0,"turns":2.0},{"damage":0.0,"enemies":"Maw","floor":44.0,"turns":4.0},{"damage":12.0,"enemies":"Transient","floor":48.0,"turns":2.0},{"damage":2,"enemies":"Time Eater","floor":50,"turns":8},{"damage":0,"enemies":"Shield and Spear","floor":54,"turns":1},{"damage":28,"enemies":"The Heart","floor":55,"turns":6}],"seed_played":"-3026472797827107040","potions_obtained":[{"floor":1.0,"key":"FearPotion"},{"floor":3.0,"key":"Ancient Potion"},{"floor":13.0,"key":"Block Potion"},{"floor":16.0,"key":"FairyPotion"},{"floor":22.0,"key":"Energy Potion"}],"is_trial":false,"path_per_floor":["M","M","M","$","M","R","M","?","T","R","$","E","?","M","R","B",null,"M","?","?","$","M","R","E","R","T","R","E","R","?","M","R","B",null,"M","M","M","$","M","R","E","?","T","M","R","?","$","M","R","B",null,"R","$","E","B",null],"character_chosen":"WATCHER","items_purchased":["MentalFortress","Lee\u0027s Waffle"],"campfire_rested":5,"item_purchase_floors":[4,21],"current_hp_per_floor":[63,63,61,61,50,50,42,42,42,42,42,25,16,16,37,31,62,52,52,40,79,79,79,81,81,81,81,83,83,75,77,77,77,83,85,56,58,58,60,87,89,95,95,97,97,97,97,87,99,97,99,99,99,108,80],"gold":206,"neow_bonus":"ONE_RANDOM_RARE_CARD","is_daily":false,"chose_seed":false,"campfire_upgraded":6,"win_rate":0.0,"timestamp":1612411695,"path_taken":["M","?","M","$","M","R","?","?","T","R","?","E","?","M","R","BOSS","M","?","?","$","M","R","E","R","T","R","E","R","?","?","R","BOSS","M","M","M","$","M","R","E","?","T","?","R","?","$","M","R","BOSS","R","$","E","BOSS"],"items_purchased_type":["Card","Relic"],"build_version":"2020-12-22","purchased_purges":4,"victory":true,"max_hp_per_floor":[72,72,72,72,72,72,72,72,72,72,72,72,72,72,72,72,72,72,72,72,79,79,79,81,81,81,81,83,83,83,85,85,85,85,87,89,91,91,93,93,95,95,95,97,97,97,97,99,99,99,99,99,99,108,108],"card_choices":[{"not_picked":["WreathOfFlame","Consecrate"],"picked":"Adaptation","floor":1.0},{"not_picked":["JustLucky","BowlingBash","CutThroughFate"],"picked":"SKIP","floor":2.0},{"not_picked":["Indignation","BowlingBash","Adaptation"],"picked":"SKIP","floor":3.0},{"not_picked":["FollowUp","Indignation","CutThroughFate"],"picked":"SKIP","floor":5.0},{"not_picked":["SignatureMove","FollowUp","Indignation"],"picked":"SKIP","floor":7.0},{"not_picked":["FlurryOfBlows","Swivel","LessonLearned"],"picked":"SKIP","floor":12.0},{"not_picked":["CrushJoints","Indignation","WheelKick"],"picked":"SKIP","floor":14.0},{"not_picked":["SpiritShield","DeusExMachina"],"picked":"Scrawl","floor":16.0},{"not_picked":["ClearTheMind","Collect"],"picked":"Adaptation+1","floor":18.0},{"not_picked":["Prostrate","FearNoEvil","CrushJoints+1"],"picked":"SKIP","floor":22.0},{"not_picked":["DeusExMachina","FollowUp+1","FlyingSleeves+1"],"picked":"Singing Bowl","floor":24.0},{"not_picked":["Evaluate","Protect","Conclude"],"picked":"Singing Bowl","floor":28.0},{"not_picked":["Tantrum","ClearTheMind+1","CrushJoints"],"picked":"Singing Bowl","floor":31.0},{"not_picked":["Judgement","Wish"],"picked":"Establishment","floor":33.0},{"not_picked":["Vengeance","Nirvana","CutThroughFate+1"],"picked":"Singing Bowl","floor":35.0},{"not_picked":["ThirdEye","Protect","SandsOfTime"],"picked":"Singing Bowl","floor":36.0},{"not_picked":["Halt+1","FollowUp+1","EmptyFist+1"],"picked":"Singing Bowl","floor":37.0},{"not_picked":["SashWhip+1","Evaluate+1","Sanctity"],"picked":"Singing Bowl","floor":39.0},{"not_picked":["Alpha","FollowUp+1","Fasting2"],"picked":"Singing Bowl","floor":41.0},{"not_picked":["PathToVictory","Conclude+1","Collect"],"picked":"Singing Bowl","floor":44.0},{"not_picked":["EmptyBody+1","WheelKick+1","CutThroughFate+1"],"picked":"Singing Bowl","floor":48.0},{"not_picked":["Sanctity","SignatureMove+1","ForeignInfluence"],"picked":"Singing Bowl","floor":54}],"player_experience":399768,"relics_obtained":[{"floor":9.0,"key":"CloakClasp"},{"floor":12.0,"key":"TeardropLocket"},{"floor":13.0,"key":"GoldenEye"},{"floor":20.0,"key":"Red Mask"},{"floor":24.0,"key":"Singing Bowl"},{"floor":28.0,"key":"Mercury Hourglass"},{"floor":41.0,"key":"Shuriken"},{"floor":43.0,"key":"Happy Flower"},{"floor":54,"key":"Strawberry"}],"event_choices":[{"cards_removed":["Defend_P"],"damage_healed":0.0,"max_hp_gain":0.0,"max_hp_loss":0.0,"gold_gain":0.0,"event_name":"Bonfire Elementals","player_choice":"Offered Basic","floor":8.0,"gold_loss":0.0,"damage_taken":0.0},{"damage_healed":0.0,"max_hp_gain":0.0,"max_hp_loss":0.0,"gold_gain":0.0,"event_name":"Dead Adventurer","player_choice":"Searched \u00271\u0027 times","floor":13.0,"gold_loss":0.0,"damage_taken":0.0},{"damage_healed":0.0,"max_hp_gain":0.0,"max_hp_loss":0.0,"gold_gain":0.0,"event_name":"The Library","player_choice":"Read","floor":19.0,"gold_loss":0.0,"damage_taken":0.0,"cards_obtained":["FearNoEvil"]},{"damage_healed":0.0,"max_hp_gain":0.0,"max_hp_loss":0.0,"gold_gain":0.0,"event_name":"Masked Bandits","player_choice":"Fought Bandits","floor":20.0,"gold_loss":0.0,"damage_taken":0.0},{"damage_healed":0.0,"max_hp_gain":0.0,"max_hp_loss":0.0,"gold_gain":0.0,"event_name":"Wheel of Change","player_choice":"Damaged","floor":30.0,"gold_loss":0.0,"damage_taken":8.0},{"damage_healed":6.0,"max_hp_gain":0.0,"max_hp_loss":0.0,"gold_gain":0.0,"event_name":"Wheel of Change","player_choice":"Full Heal","floor":42.0,"gold_loss":0.0,"damage_taken":0.0},{"damage_healed":0.0,"max_hp_gain":0.0,"max_hp_loss":0.0,"gold_gain":100.0,"event_name":"Golden Shrine","player_choice":"Pray","floor":46.0,"gold_loss":0.0,"damage_taken":0.0}],"is_beta":false,"boss_relics":[{"not_picked":["Philosopher\u0027s Stone","Coffee Dripper"],"picked":"Pandora\u0027s Box"},{"not_picked":["SacredBark","Sozu"],"picked":"HolyWater"}],"items_purged_floors":[11,21,38,47],"is_endless":false,"potions_floor_spawned":[1,3,13,14,16,18,22,28,31,36,37,44,48],"ascension_level":9}}