{"host":"p7j7o00jacnw7qzt","time":1612412558,"event":{"mods":["BaseMod","Colored Map","Colored Powertips","DeckTracker","Highlight Path","Minty Spire (QoL Compilation)","Relic Stats"],"gold_per_floor":[119,119,137,152,167,167,442,442,467,477,477,477,496,421,421,421,421],"floor_reached":16,"language":"ZHS","playtime":652,"items_purged":["Regret"],"score":184,"play_id":"6e6ee12d-3e7b-47e5-965c-d0bc6639efb0","local_time":"20210203232238","is_ascension_mode":true,"campfire_choices":[{"data":"Prepared","floor":6.0,"key":"SMITH"},{"data":"Neutralize","floor":8.0,"key":"SMITH"},{"data":"Underhanded Strike","floor":11,"key":"SMITH"},{"data":"Tactician","floor":15,"key":"SMITH"}],"circlet_count":0,"master_deck":["AscendersBane","Strike_G","Strike_G","Strike_G","Defend_G","Defend_G","Defend_G","Defend_G","Survivor","Neutralize+1","Prepared+1","Dagger Spray","Underhanded Strike+1","Leg Sweep","Tactician+1"],"relics":["Ring of the Snake","Bag of Preparation","Golden Idol"],"acts_visited":["Exordium"],"potions_floor_usage":[16],"damage_taken":[{"damage":4.0,"enemies":"Cultist","floor":1.0,"turns":5.0},{"damage":0.0,"enemies":"Small Slimes","floor":3.0,"turns":5.0},{"damage":2.0,"enemies":"Jaw Worm","floor":4.0,"turns":8.0},{"damage":3.0,"enemies":"Looter","floor":5.0,"turns":4.0},{"damage":0.0,"enemies":"Exordium Thugs","floor":10.0,"turns":2.0},{"damage":6,"enemies":"Blue Slaver","floor":13,"turns":4},{"damage":46,"enemies":"The Guardian","floor":16,"turns":18}],"seed_played":"-6622670265349542519","potions_obtained":[{"floor":1.0,"key":"EssenceOfSteel"},{"floor":4.0,"key":"SteroidPotion"},{"floor":13,"key":"Strength Potion"}],"is_trial":false,"path_per_floor":["M","?","M","M","M","R","?","R","T","M","R","?","M","$","R","B"],"character_chosen":"THE_SILENT","items_purchased":[],"campfire_rested":0,"item_purchase_floors":[],"current_hp_per_floor":[55,48,48,46,43,43,43,43,43,43,43,43,37,37,37,0,0],"gold":421,"neow_bonus":"REMOVE_TWO","is_daily":false,"chose_seed":false,"campfire_upgraded":4,"win_rate":0.0,"timestamp":1612412558,"path_taken":["M","?","M","M","M","R","?","R","T","?","R","?","M","$","R","BOSS"],"items_purchased_type":[],"build_version":"2020-12-22","purchased_purges":1,"victory":false,"max_hp_per_floor":[60,60,60,60,60,60,60,60,60,60,60,54,54,54,54,54,54],"relic_stats":{"counters":[7,46],"Golden Idol":4,"Bag of Preparation":[6],"obtain_stats":[{"Golden Idol":12,"Bag of Preparation":9,"Ring of the Snake":0},{"Golden Idol":5,"Bag of Preparation":4,"Ring of the Snake":0},{"Golden Idol":24,"Bag of Preparation":22,"Ring of the Snake":0}],"Ring of the Snake":[14]},"card_choices":[{"not_picked":["Setup","Cloak And Dagger"],"picked":"Prepared","floor":1.0},{"not_picked":["Deadly Poison","Heel Hook","Poisoned Stab"],"picked":"SKIP","floor":3.0},{"not_picked":["Deadly Poison","Caltrops"],"picked":"Dagger Spray","floor":4.0},{"not_picked":["Wraith Form v2","Caltrops"],"picked":"Underhanded Strike","floor":5.0},{"not_picked":["Well Laid Plans","Backflip"],"picked":"Leg Sweep","floor":10.0},{"not_picked":["Blur","Dodge and Roll"],"picked":"Tactician","floor":13}],"player_experience":1073951,"relics_obtained":[{"floor":9.0,"key":"Bag of Preparation"}],"event_choices":[{"cards_removed":["Strike_G"],"damage_healed":0.0,"max_hp_gain":0.0,"max_hp_loss":0.0,"gold_gain":0.0,"event_name":"Golden Wing","player_choice":"Card Removal","floor":2.0,"gold_loss":0.0,"damage_taken":7.0},{"damage_healed":0.0,"max_hp_gain":0.0,"max_hp_loss":0.0,"gold_gain":275.0,"event_name":"Golden Shrine","player_choice":"Desecrate","floor":7.0,"gold_loss":0.0,"damage_taken":0.0,"cards_obtained":["Regret"]},{"damage_healed":0,"gold_gain":0,"player_choice":"Lose Max HP","damage_taken":0,"relics_obtained":["Golden Idol"],"max_hp_gain":0,"max_hp_loss":6,"event_name":"Golden Idol","floor":12,"gold_loss":0}],"is_beta":false,"boss_relics":[],"items_purged_floors":[14],"is_endless":false,"potions_floor_spawned":[1,4,13],"killed_by":"The Guardian","ascension_level":20}}