{"host":"jjobdbtkl3y7u1ei","time":1612418075,"event":{"mods":["BaseMod","Colored Map","Colored Powertips","Gremlin Mod","Hermit","Highlight Path","Hubris","Infinite Spire","Marisa????????","Mimic Mod","Minty Spire (QoL Compilation)","Replay The Spire","StSLib","The Cursed","The Death Knight","The Disciple","The Mystic","The Necromancer","The Runesmith","The Servant 0.9.4"],"gold_per_floor":[110,35,35,46,60,60,60],"floor_reached":6,"language":"ENG","playtime":430,"items_purged":["Defend_Br"],"score":36,"play_id":"1fe6dc2f-89b6-4b30-bcda-5a5fee2f5b76","local_time":"20210204005435","is_ascension_mode":false,"campfire_choices":[],"circlet_count":0,"master_deck":["Strike_Br","Strike_Br","Strike_Br","Defend_Br","Defend_Br","Defend_Br","SecondHand","PatternShift","AlternateTimeline","Facsimile","LockedScales","Moderato"],"relics":["Chronometer","NeowsBlessing"],"acts_visited":["Exordium"],"potions_floor_usage":[],"damage_taken":[{"damage":0,"enemies":"Small Slimes","floor":1,"turns":1},{"damage":0,"enemies":"infinitespire:Voidling","floor":4,"turns":1},{"damage":0,"enemies":"Cultist","floor":5,"turns":1},{"damage":70,"enemies":"Gremlin Nob","floor":6,"turns":5}],"seed_played":"-9050326687444614800","potions_obtained":[{"floor":4,"key":"AttackPotion"},{"floor":5,"key":"SpeedPotion"}],"is_trial":false,"path_per_floor":["M","$","?","M","M","E"],"character_chosen":"CHRONO_CLASS","items_purchased":[],"campfire_rested":0,"item_purchase_floors":[],"current_hp_per_floor":[65,65,65,65,65,0,0],"gold":60,"neow_bonus":"THREE_ENEMY_KILL","is_daily":false,"chose_seed":false,"campfire_upgraded":0,"win_rate":0.0,"timestamp":1612418075,"path_taken":["M","$","?","?","M","E"],"items_purchased_type":[],"build_version":"2020-12-22","purchased_purges":1,"victory":false,"max_hp_per_floor":[65,65,65,65,65,65,65],"card_choices":[{"not_picked":["LockedMedicine","FormalWear"],"picked":"AlternateTimeline","floor":1},{"not_picked":["PrimeTime","AlternateTimeline"],"picked":"Tempo","floor":4},{"not_picked":["HandsUpC","BlueShift"],"picked":"LockedScales","floor":5}],"player_experience":320534,"relics_obtained":[],"event_choices":[{"damage_healed":0,"gold_gain":0,"cards_transformed":["Strike_Br"],"player_choice":"Transformed","damage_taken":0,"max_hp_gain":0,"max_hp_loss":0,"event_name":"Transmorgrifier","floor":3,"gold_loss":0,"cards_obtained":["Facsimile"]}],"is_beta":false,"boss_relics":[],"items_purged_floors":[2],"is_endless":false,"potions_floor_spawned":[4,5],"killed_by":"Gremlin Nob","ascension_level":0}}