{"host":"vyiqbz5w606ur92t","time":1612458587,"event":{"mods":["BaseMod","Downfall","Minty Spire (QoL Compilation)","StSLib"],"gold_per_floor":[0,20,20,95,113,140,140,140,140,153,39,64,83,112,132,233,233,233,252,265,265,265,295,320,338,369,388,188,204,217,234,254,356,356,356,369,435,447,462,490,514,524,544,570,570,670,704,604,619,619,619,646,51,51,51,51],"floor_reached":57,"language":"ENG","playtime":8346,"items_purged":["Slimebound:Strike_Slimebound","Slimebound:Defend_Slimebound","Slimebound:Defend_Slimebound"],"score":1920,"play_id":"7e149d6a-d79e-4aa9-a053-47af5d5a53b7","local_time":"20210204170947","is_ascension_mode":true,"campfire_choices":[{"data":"Slimebound:CorrosiveSpit","floor":1,"key":"SMITH"},{"floor":9,"key":"REST"},{"floor":18,"key":"RECALL"},{"data":"Slimebound:Recycling","floor":28,"key":"SMITH"},{"data":"Slimebound:HauntingLick","floor":35,"key":"SMITH"},{"data":"Slimebound:WasteNot","floor":45,"key":"SMITH"},{"data":"Slimebound:SpikyOuterGoop","floor":48,"key":"SMITH"},{"data":"Sadistic Nature","floor":54,"key":"SMITH"}],"circlet_count":0,"master_deck":["Slimebound:Tackle","Slimebound:Defend_Slimebound+1","Slimebound:Defend_Slimebound","Slimebound:Split","Slimebound:CorrosiveSpit+1","Panache","Slimebound:LeechEnergy","Slimebound:BestDefense","Slimebound:LivingWall","Slimebound:HungryTackle","Slimebound:HungryTackle","Slimebound:Schlurp","Slimebound:HauntingLick+1","Slimebound:SpikyOuterGoop+1","Slimebound:SlimeTap","Slimebound:TongueLash","Slimebound:TagTeam","Slimebound:LivingWall+1","Slimebound:Gluttony","Slimebound:Grow","Slimebound:SplitMire","Slimebound:Recycling+1","Slimebound:SplitMire","Slimebound:RollThrough","Slimebound:SamplingLick","Slimebound:Schlurp","Slimebound:TongueLash+1","Slimebound:WasteNot+1","Slimebound:Recollect","Slimebound:Replication+1","Slimebound:SamplingLick+1","Slimebound:SpikyOuterGoop+1","Slimebound:SplitMire+1","Slimebound:Grow","Slimebound:Schlurp+1","Slimebound:Recollect+1","Slimebound:ItLooksTasty+1","Slimebound:BestDefense+1","Sadistic Nature+1"],"relics":["Slimebound:AbsorbEndCombat","downfall:ShatteredFragment","Gremlin Horn","InkBottle","champ:DuelingGlove","Mango","Ornamental Fan","Sozu","Matryoshka","Strawberry","Ancient Tea Set","downfall:HeartBlessingRed","downfall:HeartBlessingBlue","expansioncontent:StudyCardRelic","Slimebound:AggressiveSlimeRelic","HornCleat","Bag of Marbles","Omamori","Toy Ornithopter","downfall:ExtraCursedKey","Orichalcum","downfall:HeartBlessingGreen","PreservedInsect","Torii"],"acts_visited":["Exordium","TheCity","TheBeyond","TheEnding"],"potions_floor_usage":[14,20,56],"damage_taken":[{"damage":3,"enemies":"Jaw Worm","floor":2,"turns":4},{"damage":9,"enemies":"Small Slimes","floor":5,"turns":3},{"damage":24,"enemies":"3 Sentries","floor":6,"turns":7},{"damage":0,"enemies":"2 Louse","floor":10,"turns":1},{"damage":0,"enemies":"downfall:FleeingMerchant","floor":11,"turns":4},{"damage":0,"enemies":"Lagavulin","floor":12,"turns":3},{"damage":0,"enemies":"Gremlin Gang","floor":13,"turns":1},{"damage":8,"enemies":"Gremlin Nob","floor":14,"turns":2},{"damage":3,"enemies":"3 Louse","floor":15,"turns":2},{"damage":11,"enemies":"WA_ARCHETYPE_RETAIN","floor":16,"turns":6},{"damage":4,"enemies":"Shell Parasite","floor":19,"turns":2},{"damage":0,"enemies":"Centurion and Healer","floor":20,"turns":4},{"damage":6,"enemies":"Gremlin Leader","floor":23,"turns":4},{"damage":5,"enemies":"Shelled Parasite and Fungi","floor":25,"turns":3},{"damage":25,"enemies":"Slavers","floor":26,"turns":4},{"damage":16,"enemies":"Chosen and Byrds","floor":27,"turns":5},{"damage":0,"enemies":"3 Cultists","floor":29,"turns":3},{"damage":5,"enemies":"Snecko","floor":30,"turns":4},{"damage":13,"enemies":"Centurion and Healer","floor":31,"turns":4},{"damage":18,"enemies":"Shelled Parasite and Fungi","floor":32,"turns":3},{"damage":5,"enemies":"DF_ARCHETYPE_CLAW","floor":33,"turns":5},{"damage":0,"enemies":"3 Darklings","floor":36,"turns":2},{"damage":0,"enemies":"downfall:FleeingMerchant","floor":37,"turns":4},{"damage":0,"enemies":"3 Shapes","floor":38,"turns":2},{"damage":4,"enemies":"Sphere and 2 Shapes","floor":39,"turns":2},{"damage":9,"enemies":"Nemesis","floor":40,"turns":5},{"damage":8,"enemies":"Transient","floor":42,"turns":5},{"damage":0,"enemies":"Maw","floor":43,"turns":4},{"damage":5,"enemies":"Giant Head","floor":44,"turns":5},{"damage":13,"enemies":"Nemesis","floor":47,"turns":5},{"damage":11,"enemies":"4 Shapes","floor":49,"turns":2},{"damage":9,"enemies":"SI_POISON_ARCHETYPE","floor":50,"turns":7},{"damage":10,"enemies":"downfall:CharBossMerchant","floor":52,"turns":6},{"damage":6,"enemies":"downfall:NeowBoss","floor":55,"turns":8},{"damage":91,"enemies":"downfall:NeowBossFinal","floor":56,"turns":9}],"seed_played":"3514106768954262878","potions_obtained":[{"floor":10,"key":"Slimebound:SlimedPotion"},{"floor":13,"key":"Weak Potion"},{"floor":14,"key":"LiquidMemories"},{"floor":16,"key":"Regen Potion"}],"is_trial":false,"path_per_floor":["R","M","?","?","M","E","T","T","R","M","$","E","M","E","M","B",null,"R","M","M","?","?","E","T","M","E","M","R","M","M","M","M","B",null,"R","M","$","M","M","E","T","M","M","E","R","?","E","R","M","B",null,"E","$","R","B","B",null],"character_chosen":"SLIMEBOUND","items_purchased":["Slimebound:Schlurp","Slimebound:AggressiveSlimeRelic","Sadistic Nature","Torii"],"campfire_rested":1,"item_purchase_floors":[11,37,53,53],"current_hp_per_floor":[59,64,46,46,41,17,17,17,36,36,44,64,72,66,69,66,76,76,76,79,79,71,73,80,83,66,58,68,76,77,72,60,63,88,88,96,96,96,96,89,89,89,96,96,96,101,96,96,92,91,99,91,91,91,93,20],"gold":51,"neow_bonus":"RANDOM_COLORLESS_2","is_daily":false,"chose_seed":false,"campfire_upgraded":6,"win_rate":0.0,"timestamp":1612458587,"path_taken":["R","M","?","?","M","E","T","?","R","M","$","E","M","E","M","BOSS","R","M","M","?","?","E","T","M","E","?","R","M","M","M","M","BOSS","R","M","$","M","M","E","T","M","M","E","R","?","E","R","M","BOSS","E","$","R","BOSS","BOSS"],"items_purchased_type":["Card","Relic","Card","Relic"],"build_version":"2020-12-22","purchased_purges":3,"victory":true,"max_hp_per_floor":[65,65,65,65,65,65,65,65,65,65,65,79,79,79,79,79,79,79,79,79,79,79,79,86,86,86,86,96,96,96,96,96,96,96,96,96,96,96,96,96,96,96,96,96,96,101,101,101,101,101,101,101,101,101,101,101],"card_choices":[{"not_picked":["Magnetism","Master of Strategy"],"picked":"Panache","floor":0},{"not_picked":["Slimebound:GoopTackle","Slimebound:SplitMire"],"picked":"Slimebound:LeechEnergy","floor":2},{"not_picked":["Slimebound:AcidTongue","Slimebound:SlimeBarrage"],"picked":"Slimebound:BestDefense","floor":5},{"not_picked":["Slimebound:SlimeSpikes","Slimebound:LeechEnergy"],"picked":"Slimebound:LivingWall","floor":6},{"not_picked":["Slimebound:RainOfGoop","Slimebound:HauntingLick"],"picked":"Slimebound:HungryTackle","floor":10},{"not_picked":["Slimebound:Replication","Slimebound:ViciousTackle"],"picked":"Slimebound:HungryTackle","floor":11},{"not_picked":["Slimebound:SlimeSpikes","Slimebound:FinishingTackle"],"picked":"Slimebound:HauntingLick","floor":12},{"not_picked":["Slimebound:Prepare","Slimebound:FinishingTackle"],"picked":"Slimebound:SpikyOuterGoop","floor":13},{"not_picked":["Slimebound:LeadByExample","Slimebound:SplitLeeching"],"picked":"Slimebound:SlimeTap","floor":14},{"not_picked":["Slimebound:Prepare","Slimebound:ProtectTheBoss"],"picked":"Slimebound:TongueLash","floor":15},{"not_picked":["Slimebound:SelfFormingGoo","Slimebound:OozeBath"],"picked":"Slimebound:TagTeam","floor":16},{"not_picked":["Slimebound:ForwardTackle+1","Slimebound:SamplingLick"],"picked":"Slimebound:LivingWall+1","floor":19},{"not_picked":["Slimebound:SplitMire","Slimebound:Prepare+1"],"picked":"Slimebound:Gluttony","floor":20},{"not_picked":["Slimebound:SlimeSpikes","Slimebound:SplitMire"],"picked":"Slimebound:Grow","floor":23},{"not_picked":["Slimebound:SlimeBrawl","Slimebound:SlimeSpikes"],"picked":"Slimebound:SplitMire","floor":25},{"not_picked":["Slimebound:SplitAcid","Slimebound:AcidTongue+1"],"picked":"Slimebound:Recycling","floor":26},{"not_picked":["Slimebound:AcidTongue+1","Slimebound:Prepare"],"picked":"Slimebound:SplitMire","floor":27},{"not_picked":["Slimebound:FlameTackle+1","Slimebound:ItLooksTasty+1"],"picked":"Slimebound:RollThrough","floor":29},{"not_picked":["Slimebound:Repurpose","Slimebound:MinionMaster"],"picked":"Slimebound:SamplingLick","floor":30},{"not_picked":["Slimebound:LeechingTouch","Slimebound:ComboTackle"],"picked":"Slimebound:Schlurp","floor":31},{"not_picked":["Slimebound:ProtectTheBoss","Slimebound:SplitMire+1"],"picked":"Slimebound:TongueLash+1","floor":32},{"not_picked":["Slimebound:Teamwork","Slimebound:MassRepurpose"],"picked":"Slimebound:WasteNot","floor":33},{"not_picked":["Slimebound:LivingWall+1","Slimebound:RollThrough"],"picked":"Slimebound:Recollect","floor":36},{"not_picked":["Slimebound:SplitLeeching","Slimebound:LeadByExample"],"picked":"Slimebound:Replication+1","floor":37},{"not_picked":["Slimebound:SplitBruiser","Slimebound:SlimeSpikes+1"],"picked":"Slimebound:SamplingLick+1","floor":38},{"not_picked":["Slimebound:RainOfGoop+1","Slimebound:SplitAcid+1"],"picked":"Slimebound:SpikyOuterGoop+1","floor":39},{"not_picked":["Slimebound:Equalize+1","Slimebound:SamplingLick"],"picked":"Slimebound:SplitMire+1","floor":40},{"not_picked":["Slimebound:Equalize+1","Slimebound:Replication"],"picked":"Slimebound:Grow","floor":42},{"not_picked":["Slimebound:DouseInSlime","Slimebound:Nibble","Slimebound:SpikyOuterGoop"],"picked":"SKIP","floor":43},{"not_picked":["Slimebound:Prepare","Slimebound:LeechingTouch+1"],"picked":"Slimebound:Schlurp+1","floor":44},{"not_picked":["Slimebound:ViciousTackle","Slimebound:GoopTackle"],"picked":"Slimebound:Recollect+1","floor":47},{"not_picked":["Slimebound:SplitAcid+1","Slimebound:FlameTackle"],"picked":"Slimebound:ItLooksTasty+1","floor":49},{"not_picked":["Slimebound:SlimeBarrage+1","Slimebound:ServeAndProtect"],"picked":"Slimebound:BestDefense+1","floor":52}],"player_experience":1474389,"relics_obtained":[{"floor":6,"key":"Gremlin Horn"},{"floor":7,"key":"InkBottle"},{"floor":8,"key":"champ:DuelingGlove"},{"floor":12,"key":"Mango"},{"floor":14,"key":"Ornamental Fan"},{"floor":23,"key":"Matryoshka"},{"floor":24,"key":"Strawberry"},{"floor":26,"key":"Ancient Tea Set"},{"floor":40,"key":"HornCleat"},{"floor":41,"key":"Bag of Marbles"},{"floor":41,"key":"Omamori"},{"floor":44,"key":"Toy Ornithopter"},{"floor":47,"key":"Orichalcum"},{"floor":52,"key":"PreservedInsect"}],"event_choices":[],"is_beta":false,"boss_relics":[{"not_picked":["Runic Dome","Snecko Eye"],"picked":"Sozu"},{"not_picked":["Tiny House","Velvet Choker"],"picked":"expansioncontent:StudyCardRelic"}],"items_purged_floors":[11,37,53],"is_endless":false,"potions_floor_spawned":[10,13,14,16,19,23,30,31,38,40,44,49],"ascension_level":9}}