{"host":"rc0y5s0pznrxft0n","time":1612463008,"event":{"mods":["BaseMod","Downfall","Hermit","Minty Spire (QoL Compilation)","StSLib"],"gold_per_floor":[199,213,228,240,2,12,12,32,32,57,70,245,262,294,314,417,417,417,436,436,452,452,487,487,487,572,572,62,75,75,93,109,213,213,213,233,333,66,66,95,95,129,140,33,33,33,53,53,68,68],"floor_reached":51,"language":"ENG","playtime":3549,"items_purged":["hexamod:Strike","Doubt"],"score":1011,"play_id":"52f20f1e-c35a-4963-a6e7-7eb077c88574","local_time":"20210204132328","is_ascension_mode":true,"campfire_choices":[{"data":"hexamod:Sear","floor":1,"key":"SMITH"},{"data":"hexamod:SoulSteal","floor":18,"key":"SMITH"},{"floor":25,"key":"REST"},{"data":"hexamod:HeatShield","floor":27,"key":"SMITH"},{"floor":30,"key":"REST"},{"data":"hexamod:Float","floor":35,"key":"SMITH"},{"floor":45,"key":"REST"}],"circlet_count":0,"master_deck":["hexamod:Strike","hexamod:Strike","hexamod:Strike","hexamod:Defend","hexamod:Defend","hexamod:Defend","hexamod:Defend","hexamod:Sear+1","hexamod:Float+1","hexamod:ThermalTransfer","hexamod:Firestarter","hexamod:NightmareGuise","hexamod:PhantomCloak","expansioncontent:DashGenerateEvil+1","hexamod:InspiringFlames","hexamod:SpectersWail","hexamod:ChargedBarrage","hexamod:EmpoweredFlame","hexamod:SoulSteal+1","hexamod:HeatShield+1","hexamod:ApocalypseNow","hexamod:TimeOfNeed","hexamod:RecurringNightmare","Necronomicurse","hexamod:Incineration+1","hexamod:WildfireWeapon+1","hexamod:FirstSeal","hexamod:RetreatToShadows","hexamod:ApocalypticArmor+1","hexamod:ThermalTransfer+1","hexamod:HeatMetal","hexamod:Toasty","hexamod:AdvancingGuard+1","hexamod:FlamesFromBeyond","hexamod:SpectralAdrenaline+1","hexamod:ThermalTransfer+1","hexamod:ExtraCrispy+1","hexamod:Hexaguard","hexamod:GhostShield+1"],"relics":["hexamod:SpiritBrand","Oddly Smooth Stone","Question Card","Anchor","hexamod:BolsterEngine","SlaversCollar","Necronomicon","Frozen Egg 2","Pear","hexamod:CandleOfCauterizing","Black Star","HandDrill","InkBottle","Mercury Hourglass","Dream Catcher","Ornamental Fan","Gremlin Horn","Bottled Lightning","Gambling Chip"],"acts_visited":["Exordium","TheCity","TheBeyond"],"potions_floor_usage":[5,8,10,13,14,16,16,33,33,38,40,47,49,50,50],"damage_taken":[{"damage":1,"enemies":"Cultist","floor":2,"turns":3},{"damage":0,"enemies":"Small Slimes","floor":3,"turns":3},{"damage":5,"enemies":"2 Louse","floor":4,"turns":2},{"damage":5,"enemies":"downfall:FleeingMerchant","floor":5,"turns":4},{"damage":0,"enemies":"Blue Slaver","floor":6,"turns":3},{"damage":8,"enemies":"Exordium Thugs","floor":8,"turns":6},{"damage":0,"enemies":"Lagavulin","floor":10,"turns":7},{"damage":0,"enemies":"Large Slime","floor":11,"turns":3},{"damage":0,"enemies":"Gremlin Gang","floor":13,"turns":5},{"damage":0,"enemies":"3 Sentries","floor":14,"turns":4},{"damage":0,"enemies":"Exordium Wildlife","floor":15,"turns":3},{"damage":12,"enemies":"IC_STATUS_ARCHETYPE","floor":16,"turns":9},{"damage":0,"enemies":"Spheric Guardian","floor":19,"turns":3},{"damage":7,"enemies":"3 Byrds","floor":21,"turns":6},{"damage":23,"enemies":"Book of Stabbing","floor":23,"turns":5},{"damage":0,"enemies":"downfall:FleeingMerchant","floor":28,"turns":4},{"damage":6,"enemies":"Cultist and Chosen","floor":29,"turns":3},{"damage":2,"enemies":"Chosen and Byrds","floor":31,"turns":3},{"damage":6,"enemies":"Snake Plant","floor":32,"turns":4},{"damage":60,"enemies":"DF_ARCHETYPE_CLAW","floor":33,"turns":8},{"damage":22,"enemies":"3 Shapes","floor":36,"turns":5},{"damage":0,"enemies":"downfall:FleeingMerchant","floor":38,"turns":4},{"damage":62,"enemies":"Reptomancer","floor":40,"turns":7},{"damage":8,"enemies":"Nemesis","floor":42,"turns":6},{"damage":6,"enemies":"3 Darklings","floor":43,"turns":5},{"damage":0,"enemies":"downfall:FleeingMerchant","floor":44,"turns":1},{"damage":0,"enemies":"4 Shapes","floor":47,"turns":4},{"damage":0,"enemies":"Sphere and 2 Shapes","floor":49,"turns":3},{"damage":3,"enemies":"SI_POISON_ARCHETYPE","floor":50,"turns":7}],"seed_played":"-4736797090614069752","potions_obtained":[{"floor":3,"key":"AttackPotion"},{"floor":6,"key":"hexamod:SoulburnPotion"},{"floor":10,"key":"sneckomod:MuddlingPotion"},{"floor":11,"key":"Regen Potion"},{"floor":13,"key":"Swift Potion"},{"floor":14,"key":"Weak Potion"},{"floor":21,"key":"Ancient Potion"},{"floor":31,"key":"Weak Potion"},{"floor":33,"key":"ColorlessPotion"},{"floor":36,"key":"EssenceOfSteel"},{"floor":42,"key":"Weak Potion"},{"floor":47,"key":"LiquidMemories"}],"is_trial":false,"path_per_floor":["R","M","M","M","$","M","T","M","?","E","M","?","M","E","M","B",null,"R","M","?","M","?","E","T","R","?","R","$","M","R","M","M","B",null,"R","M","?","$","T","E","T","E","M","$","R","?","M","?","M","B",null],"character_chosen":"THE_SPIRIT","items_purchased":["expansioncontent:DashGenerateEvil","Block Potion","hexamod:CandleOfCauterizing","hexamod:FirstSeal","Weak Potion","hexamod:RetreatToShadows","HandDrill","EssenceOfSteel","Gambling Chip","hexamod:ExtraCrispy+1"],"campfire_rested":3,"item_purchase_floors":[5,5,28,28,28,28,38,44,44,44],"current_hp_per_floor":[70,69,69,64,59,59,59,51,44,44,44,44,58,58,58,46,70,70,70,54,47,47,24,34,58,44,44,44,38,62,60,61,8,80,80,58,58,65,65,10,10,9,10,10,34,34,41,41,41,38],"gold":68,"neow_bonus":"HUNDRED_GOLD","is_daily":false,"chose_seed":false,"campfire_upgraded":4,"win_rate":0.0,"timestamp":1612463008,"path_taken":["R","M","M","M","?","M","T","?","?","E","M","?","M","E","M","BOSS","R","M","?","M","?","E","T","R","?","R","$","M","R","M","M","BOSS","R","M","?","$","?","E","T","E","M","$","R","?","?","?","M","BOSS"],"items_purchased_type":["Card","Potion","Relic","Card","Potion","Card","Relic","Potion","Relic","Card"],"build_version":"2020-12-22","purchased_purges":2,"victory":true,"max_hp_per_floor":[70,70,70,70,70,70,70,70,70,70,70,70,70,70,70,70,70,70,70,70,70,70,70,80,80,80,80,80,80,80,80,80,80,80,80,80,80,80,80,80,80,80,80,80,80,80,80,80,80,80],"card_choices":[{"not_picked":["hexamod:NightmareGuise","hexamod:FlamesFromBeyond"],"picked":"hexamod:ThermalTransfer","floor":2},{"not_picked":["hexamod:ThermalTransfer","hexamod:PowerFromBeyond"],"picked":"hexamod:Firestarter","floor":3},{"not_picked":["hexamod:HauntingEcho","hexamod:PowerFromBeyond"],"picked":"hexamod:NightmareGuise","floor":4},{"not_picked":["hexamod:HauntingEcho","hexamod:ThermalTransfer"],"picked":"hexamod:PhantomCloak","floor":5},{"not_picked":["hexamod:Haunt","hexamod:TurnItUp"],"picked":"hexamod:InspiringFlames","floor":6},{"not_picked":["hexamod:NightmareGuise","hexamod:HauntingEcho"],"picked":"hexamod:SpectersWail","floor":8},{"not_picked":["hexamod:HauntingEcho","hexamod:ShieldOfDarkness","hexamod:SwordOfDarkness"],"picked":"hexamod:ChargedBarrage","floor":10},{"not_picked":["hexamod:Hexaguard","hexamod:AdvancingGuard","hexamod:Again"],"picked":"hexamod:EmpoweredFlame","floor":11},{"not_picked":["hexamod:FlamesFromBeyond","hexamod:AdvancingGuard","hexamod:ThirdSeal"],"picked":"hexamod:SoulSteal","floor":13},{"not_picked":["hexamod:Hexaguard","hexamod:NecessarySacrifice","hexamod:FourthSeal"],"picked":"hexamod:HeatShield","floor":14},{"not_picked":["hexamod:FastForward","hexamod:HeatCrush","hexamod:RetreatToShadows"],"picked":"hexamod:ApocalypseNow","floor":15},{"not_picked":["hexamod:ParanormalForm","hexamod:TimeWarp","hexamod:GhostflameInferno"],"picked":"hexamod:TimeOfNeed","floor":16},{"not_picked":["hexamod:ChargedBarrage","hexamod:GhostLash","hexamod:CatchUp"],"picked":"hexamod:RecurringNightmare","floor":19},{"not_picked":["hexamod:FastForward","hexamod:HauntingEcho","hexamod:Firestarter","hexamod:SpectersWail"],"picked":"SKIP","floor":21},{"not_picked":["hexamod:HeatCrush","hexamod:CatchUp+1","hexamod:Firestarter"],"picked":"hexamod:Incineration+1","floor":23},{"not_picked":["hexamod:CatchUp","hexamod:GhostOfSpirePast+1","hexamod:HauntingEcho"],"picked":"hexamod:WildfireWeapon+1","floor":28},{"not_picked":["hexamod:ThermalTransfer","hexamod:GhostLash+1","hexamod:Incineration"],"picked":"hexamod:ApocalypticArmor+1","floor":29},{"not_picked":["hexamod:NecessarySacrifice","hexamod:GhostLash+1","hexamod:Haunt"],"picked":"hexamod:ThermalTransfer","floor":31},{"not_picked":["hexamod:ShieldOfDarkness","hexamod:FastForward+1","hexamod:Firestarter"],"picked":"hexamod:HeatMetal","floor":32},{"not_picked":["hexamod:ForkedFlame","hexamod:ApocalypticArmor+1","hexamod:SearingWound"],"picked":"hexamod:Toasty","floor":33},{"not_picked":["hexamod:BacktrackSmack+1","hexamod:InspiringFlames","hexamod:PowerFromBeyond"],"picked":"hexamod:AdvancingGuard+1","floor":36},{"not_picked":["hexamod:BurningTouch+1","hexamod:RadiantFlame+1","hexamod:GhostLash+1"],"picked":"hexamod:FlamesFromBeyond","floor":38},{"not_picked":["hexamod:TimeOfNeed","hexamod:PhantomFireball","hexamod:FlamesFromBeyond+1","hexamod:BacktrackSmack+1"],"picked":"SKIP","floor":40},{"not_picked":["hexamod:EmpoweredFlame+1","hexamod:RainOfEmbers","hexamod:FastForward+1"],"picked":"hexamod:SpectralAdrenaline+1","floor":42},{"not_picked":["hexamod:WildfireWeapon+1","hexamod:BurningTouch","hexamod:GhostOfSpirePast+1"],"picked":"hexamod:ThermalTransfer+1","floor":43},{"not_picked":["hexamod:SpectersWail+1","hexamod:DynamicBlow+1","hexamod:PhantomFireball+1","hexamod:GhostShield"],"picked":"SKIP","floor":44},{"not_picked":["hexamod:GhostLash+1","hexamod:SpectersWail","hexamod:SwordOfDarkness"],"picked":"hexamod:Hexaguard","floor":45},{"not_picked":["hexamod:SpectralAdrenaline+1","hexamod:SecondSeal","hexamod:Incineration","hexamod:FastForward+1"],"picked":"SKIP","floor":47},{"not_picked":["hexamod:HeatMetal+1","hexamod:InspiringFlames","hexamod:BurningTouch"],"picked":"hexamod:GhostShield+1","floor":49}],"player_experience":860173,"relics_obtained":[{"floor":7,"key":"Oddly Smooth Stone"},{"floor":10,"key":"Anchor"},{"floor":14,"key":"hexamod:BolsterEngine"},{"floor":20,"key":"Necronomicon"},{"floor":23,"key":"Frozen Egg 2"},{"floor":24,"key":"Pear"},{"floor":39,"key":"InkBottle"},{"floor":40,"key":"Mercury Hourglass"},{"floor":40,"key":"Dream Catcher"},{"floor":41,"key":"Ornamental Fan"},{"floor":42,"key":"Gremlin Horn"},{"floor":42,"key":"Bottled Lightning"}],"event_choices":[{"damage_healed":0,"gold_gain":0,"player_choice":"Success","damage_taken":7,"relics_obtained":["Question Card"],"max_hp_gain":0,"max_hp_loss":0,"event_name":"Scrap Ooze","floor":9,"gold_loss":0},{"damage_healed":0,"gold_gain":0,"player_choice":"Forge","damage_taken":0,"max_hp_gain":0,"max_hp_loss":0,"event_name":"Accursed Blacksmith","floor":46,"gold_loss":0,"cards_upgraded":["expansioncontent:DashGenerateEvil"]}],"is_beta":false,"boss_relics":[{"not_picked":["Runic Pyramid","Cursed Key"],"picked":"SlaversCollar"},{"not_picked":["Busted Crown","Calling Bell"],"picked":"Black Star"}],"items_purged_floors":[28,38],"is_endless":false,"potions_floor_spawned":[3,6,10,11,13,14,21,31,33,36,42,47],"ascension_level":3}}