{"host":"la6t950uoatqs0xt","time":1612413694,"event":{"mods":["AchievementEnabler","BaseMod","Colored Powertips","Minty Spire (QoL Compilation)","Quick Restart","Rare Cards Sparkle"],"gold_per_floor":[117,117,192,217,217,217,242,260,260,260,298,298,312,350,350,350,350],"floor_reached":16,"language":"ENG","playtime":573,"items_purged":[],"score":127,"play_id":"c5bb2d0f-4ca3-45df-b743-59603a927d32","local_time":"20210203234134","is_ascension_mode":true,"campfire_choices":[{"data":"Sucker Punch","floor":6,"key":"SMITH"},{"floor":10,"key":"REST"},{"data":"Terror","floor":12,"key":"SMITH"},{"floor":15,"key":"REST"}],"circlet_count":0,"master_deck":["Strike_G","Strike_G","Strike_G","Strike_G","Strike_G","Defend_G","Defend_G","Defend_G+1","Defend_G","Defend_G+1","Survivor","Neutralize","Sucker Punch+1","Injury","Accuracy+1","Terror+1","Dodge and Roll","Storm of Steel"],"relics":["Ring of the Snake","Golden Idol","Kunai","War Paint","Singing Bowl"],"acts_visited":["Exordium"],"potions_floor_usage":[16,16],"damage_taken":[{"damage":0,"enemies":"2 Louse","floor":1,"turns":4},{"damage":1,"enemies":"Small Slimes","floor":4,"turns":4},{"damage":0,"enemies":"Cultist","floor":7,"turns":4},{"damage":16,"enemies":"3 Louse","floor":8,"turns":6},{"damage":16,"enemies":"Gremlin Nob","floor":11,"turns":4},{"damage":0,"enemies":"Blue Slaver","floor":13,"turns":3},{"damage":26,"enemies":"Lagavulin","floor":14,"turns":10},{"damage":57,"enemies":"Slime Boss","floor":16,"turns":11}],"seed_played":"8010231427372040014","potions_obtained":[{"floor":1,"key":"CunningPotion"},{"floor":4,"key":"FearPotion"},{"floor":7,"key":"Ancient Potion"}],"is_trial":false,"path_per_floor":["M","?","?","M","?","R","M","M","T","R","E","R","M","E","R","B"],"character_chosen":"THE_SILENT","items_purchased":[],"campfire_rested":2,"item_purchase_floors":[],"current_hp_per_floor":[77,77,66,65,65,65,65,49,49,72,56,56,56,30,53,0,0],"gold":350,"neow_bonus":"TEN_PERCENT_HP_BONUS","is_daily":false,"chose_seed":false,"campfire_upgraded":2,"win_rate":0.0,"timestamp":1612413694,"path_taken":["M","?","?","M","?","R","M","M","T","R","E","R","M","E","R","BOSS"],"items_purchased_type":[],"build_version":"2020-12-22","purchased_purges":0,"victory":false,"max_hp_per_floor":[77,77,77,77,77,77,77,77,77,77,77,77,77,77,77,77,77],"card_choices":[{"not_picked":["Predator","Outmaneuver"],"picked":"Sucker Punch","floor":1},{"not_picked":["Deflect","Dagger Throw"],"picked":"Accuracy","floor":4},{"not_picked":["Expertise","Escape Plan"],"picked":"Terror","floor":7},{"not_picked":["Unload","Choke","Tactician"],"picked":"SKIP","floor":8},{"not_picked":["Malaise","Bane","Skewer"],"picked":"SKIP","floor":11},{"not_picked":["Slice","Crippling Poison"],"picked":"Dodge and Roll","floor":13},{"not_picked":["Leg Sweep","Expertise"],"picked":"Storm of Steel","floor":14}],"player_experience":270531,"relics_obtained":[{"floor":9,"key":"Kunai"},{"floor":11,"key":"War Paint"},{"floor":14,"key":"Singing Bowl"}],"event_choices":[{"damage_healed":0,"gold_gain":0,"player_choice":"Take Wound","damage_taken":0,"relics_obtained":["Golden Idol"],"max_hp_gain":0,"max_hp_loss":0,"event_name":"Golden Idol","floor":2,"gold_loss":0,"cards_obtained":["Injury"]},{"damage_healed":0,"gold_gain":75,"player_choice":"Gather Gold","damage_taken":11,"max_hp_gain":0,"max_hp_loss":0,"event_name":"World of Goop","floor":3,"gold_loss":0},{"damage_healed":0,"gold_gain":0,"player_choice":"Upgraded","damage_taken":0,"max_hp_gain":0,"max_hp_loss":0,"event_name":"Upgrade Shrine","floor":5,"gold_loss":0,"cards_upgraded":["Accuracy"]}],"is_beta":false,"boss_relics":[],"items_purged_floors":[],"is_endless":false,"potions_floor_spawned":[1,4,7,8,14],"killed_by":"Slime Boss","ascension_level":3}}