{"host":"x000krxjblg8jdg4","time":1612481505,"event":{"mods":["BaseMod","Downfall","Hermit","Minty Spire (QoL Compilation)","StSLib","The Runesmith","The Servant 0.9.4"],"gold_per_floor":[211,211,229,247,267,267,300,313,313,348,348,6,23,23,23,123,123,142,142,142,157,177,206,206,206,278,278,292,1,16,16,16,120,120,135,185,236,236,251,281,281,281,305,325,344,375,387,406,406,406,406],"floor_reached":50,"language":"ENG","playtime":2850,"items_purged":[],"score":588,"play_id":"f944d562-77bb-47d7-ac13-1f4d291d7072","local_time":"20210204213145","is_ascension_mode":true,"campfire_choices":[{"floor":6,"key":"REST"},{"floor":15,"key":"REST"},{"floor":25,"key":"REST"},{"floor":32,"key":"REST"},{"floor":41,"key":"REST"},{"floor":49,"key":"REST"}],"circlet_count":0,"master_deck":["Strike_G","Strike_G+1","Strike_G","Strike_G","Strike_G","Defend_G","Defend_G","Defend_G","Defend_G+1","Defend_G","Survivor+1","Neutralize","Cloak And Dagger","Noxious Fumes","Quick Slash","Blade Dance","Accuracy","Flying Knee","Choke","Noxious Fumes+1","After Image+1","Tools of the Trade+1","Blade Dance","Sucker Punch+1","Caltrops+1","Adrenaline","Slice","Infinite Blades+1","RitualDagger","Storm of Steel","Slice+1","Deadly Poison+1","Cloak And Dagger","Writhe","Backflip+1","Leg Sweep+1","Quick Slash+1","Poisoned Stab","A Thousand Cuts+1","Cloak And Dagger","Parasite","Dagger Throw+1"],"relics":["Ring of the Snake","Runesmith:AutoHammer","Letter Opener","Unceasing Top","Frozen Egg 2","Pear","Fusion Hammer","Shuriken","Paper Crane","Vajra","Nunchaku","Snake Skull","Du-Vu Doll","Girya","Whetstone","War Paint","PreservedInsect"],"acts_visited":["Exordium","TheCity","TheBeyond"],"potions_floor_usage":[10,10,11,37,40,40,40,50,50,50],"damage_taken":[{"damage":0,"enemies":"2 Louse","floor":1,"turns":4},{"damage":0,"enemies":"Cultist","floor":3,"turns":4},{"damage":0,"enemies":"Small Slimes","floor":4,"turns":3},{"damage":12,"enemies":"Looter","floor":5,"turns":4},{"damage":31,"enemies":"Gremlin Nob","floor":7,"turns":5},{"damage":17,"enemies":"3 Louse","floor":8,"turns":4},{"damage":8,"enemies":"Lagavulin","floor":10,"turns":6},{"damage":0,"enemies":"Blue Slaver","floor":11,"turns":2},{"damage":6,"enemies":"2 Fungi Beasts","floor":13,"turns":4},{"damage":7,"enemies":"Slime Boss","floor":16,"turns":8},{"damage":5,"enemies":"3 Byrds","floor":18,"turns":5},{"damage":4,"enemies":"Chosen","floor":21,"turns":4},{"damage":0,"enemies":"Centurion and Healer","floor":22,"turns":7},{"damage":38,"enemies":"Slavers","floor":23,"turns":6},{"damage":2,"enemies":"Chosen and Byrds","floor":28,"turns":5},{"damage":0,"enemies":"Cultist and Chosen","floor":30,"turns":5},{"damage":14,"enemies":"Champ","floor":33,"turns":7},{"damage":41,"enemies":"3 Shapes","floor":35,"turns":4},{"damage":0,"enemies":"Mind Bloom Boss Battle","floor":36,"turns":4},{"damage":25,"enemies":"2 Orb Walkers","floor":37,"turns":5},{"damage":13,"enemies":"Orb Walker","floor":39,"turns":3},{"damage":18,"enemies":"Reptomancer","floor":40,"turns":4},{"damage":0,"enemies":"Maw","floor":44,"turns":6},{"damage":7,"enemies":"3 Darklings","floor":45,"turns":3},{"damage":11,"enemies":"Nemesis","floor":46,"turns":7},{"damage":12,"enemies":"Sphere and 2 Shapes","floor":47,"turns":4},{"damage":7,"enemies":"Writhing Mass","floor":48,"turns":5},{"damage":62,"enemies":"Donu and Deca","floor":50,"turns":5}],"seed_played":"-3166026971612140940","potions_obtained":[{"floor":5,"key":"SmokeBomb"},{"floor":7,"key":"Fire Potion"},{"floor":8,"key":"Block Potion"},{"floor":13,"key":"FearPotion"},{"floor":22,"key":"hexamod:SoulburnPotion"},{"floor":23,"key":"FearPotion"},{"floor":35,"key":"Block Potion"},{"floor":37,"key":"SteroidPotion"},{"floor":40,"key":"SkillPotion"},{"floor":44,"key":"PowerPotion"},{"floor":45,"key":"champ:CounterPotion"}],"is_trial":false,"path_per_floor":["M","?","M","M","M","R","E","M","T","E","M","$","M","?","R","B",null,"M","?","?","M","M","E","?","R","T","?","M","$","M","?","R","B",null,"M","?","?","?","M","E","R","?","T","M","M","E","M","M","R","B"],"character_chosen":"THE_SILENT","items_purchased":["Frozen Egg 2","Noxious Fumes+1","Nunchaku","Snake Skull"],"campfire_rested":6,"item_purchase_floors":[12,12,29,29],"current_hp_per_floor":[70,70,70,70,58,70,39,22,22,14,14,14,8,15,39,32,80,75,75,75,71,71,33,33,57,57,57,55,55,55,49,73,59,80,39,39,14,34,21,3,27,70,70,70,63,52,40,33,54,0,0],"gold":406,"neow_bonus":"HUNDRED_GOLD","is_daily":false,"chose_seed":false,"campfire_upgraded":0,"win_rate":0.0,"timestamp":1612481505,"path_taken":["M","?","M","M","M","R","E","M","T","E","M","?","M","?","R","BOSS","M","?","?","M","M","E","?","R","T","?","?","$","M","?","R","BOSS","M","?","?","?","?","E","R","?","T","M","M","E","M","M","R","BOSS"],"items_purchased_type":["Relic","Card","Relic","Relic"],"build_version":"2020-12-22","purchased_purges":0,"victory":false,"max_hp_per_floor":[70,70,70,70,70,70,70,70,70,70,70,70,70,80,80,80,80,80,80,80,80,80,80,80,80,80,80,80,80,80,80,80,80,80,80,80,80,80,80,80,80,70,70,70,70,70,70,70,70,70,70],"card_choices":[{"not_picked":["Outmaneuver","Poisoned Stab"],"picked":"Cloak And Dagger","floor":1},{"not_picked":["Predator","Bane"],"picked":"Noxious Fumes","floor":3},{"not_picked":["Reflex","Deflect"],"picked":"Quick Slash","floor":4},{"not_picked":["Deflect","Slice"],"picked":"Blade Dance","floor":5},{"not_picked":["Dagger Spray","Skewer"],"picked":"Accuracy","floor":7},{"not_picked":["Acrobatics","Dagger Spray"],"picked":"Flying Knee","floor":8},{"not_picked":["Dodge and Roll","Terror"],"picked":"Choke","floor":10},{"not_picked":["Backflip","Masterful Stab"],"picked":"After Image+1","floor":13},{"not_picked":["Unload","Wraith Form v2+1"],"picked":"Tools of the Trade+1","floor":16},{"not_picked":["Quick Slash","Dagger Throw+1"],"picked":"Blade Dance","floor":18},{"not_picked":["Bane+1","PiercingWail"],"picked":"Sucker Punch","floor":21},{"not_picked":["Dagger Spray","Bane+1"],"picked":"Caltrops+1","floor":22},{"not_picked":["Calculated Gamble","Outmaneuver"],"picked":"Adrenaline","floor":23},{"not_picked":["Acrobatics+1","Deadly Poison"],"picked":"Slice","floor":28},{"not_picked":["Finisher","Distraction"],"picked":"Infinite Blades+1","floor":30},{"not_picked":["Unload","Night Terror"],"picked":"Storm of Steel","floor":33},{"not_picked":["Crippling Poison","Backflip"],"picked":"Slice+1","floor":35},{"not_picked":["Prepared+1","Underhanded Strike"],"picked":"Deadly Poison+1","floor":36},{"not_picked":["Expertise","Deadly Poison+1"],"picked":"Cloak And Dagger","floor":37},{"not_picked":["Deflect","Poisoned Stab"],"picked":"Backflip+1","floor":39},{"not_picked":["Quick Slash","Finisher"],"picked":"Leg Sweep+1","floor":40},{"not_picked":["Reflex+1","Deflect"],"picked":"Quick Slash+1","floor":44},{"not_picked":["Skewer+1","PiercingWail"],"picked":"Poisoned Stab","floor":45},{"not_picked":["Acrobatics+1","Prepared"],"picked":"A Thousand Cuts+1","floor":46},{"not_picked":["Dagger Spray","Prepared+1"],"picked":"Cloak And Dagger","floor":47},{"not_picked":["Underhanded Strike+1","Choke"],"picked":"Dagger Throw+1","floor":48}],"player_experience":44217,"relics_obtained":[{"floor":7,"key":"Runesmith:AutoHammer"},{"floor":9,"key":"Letter Opener"},{"floor":10,"key":"Unceasing Top"},{"floor":23,"key":"Shuriken"},{"floor":26,"key":"Paper Crane"},{"floor":36,"key":"Du-Vu Doll"},{"floor":37,"key":"Girya"},{"floor":40,"key":"Whetstone"},{"floor":43,"key":"War Paint"},{"floor":46,"key":"PreservedInsect"}],"event_choices":[{"damage_healed":0,"gold_gain":0,"player_choice":"Ignored","damage_taken":0,"max_hp_gain":0,"max_hp_loss":0,"event_name":"Purifier","floor":2,"gold_loss":0},{"damage_healed":0,"gold_gain":0,"player_choice":"Success","damage_taken":3,"relics_obtained":["Pear"],"max_hp_gain":0,"max_hp_loss":0,"event_name":"Scrap Ooze","floor":14,"gold_loss":0},{"damage_healed":0,"gold_gain":0,"player_choice":"Ignored","damage_taken":0,"max_hp_gain":0,"max_hp_loss":0,"event_name":"Cursed Tome","floor":19,"gold_loss":0},{"damage_healed":0,"gold_gain":0,"player_choice":"Ignored","damage_taken":0,"max_hp_gain":0,"max_hp_loss":0,"event_name":"Beggar","floor":20,"gold_loss":0},{"damage_healed":0,"gold_gain":0,"player_choice":"Opened","damage_taken":0,"relics_obtained":["Vajra"],"max_hp_gain":0,"max_hp_loss":0,"event_name":"The Mausoleum","floor":27,"gold_loss":0},{"damage_healed":0,"gold_gain":0,"player_choice":"Joined the Cult","damage_taken":6,"max_hp_gain":0,"max_hp_loss":0,"event_name":"Nest","floor":31,"gold_loss":0,"cards_obtained":["RitualDagger"]},{"damage_healed":0,"gold_gain":0,"player_choice":"Fight","damage_taken":0,"max_hp_gain":0,"max_hp_loss":0,"event_name":"MindBloom","floor":36,"gold_loss":0},{"damage_healed":0,"gold_gain":0,"player_choice":"Fight","damage_taken":0,"max_hp_gain":0,"max_hp_loss":0,"event_name":"Mysterious Sphere","floor":37,"gold_loss":0},{"damage_healed":20,"gold_gain":0,"player_choice":"Writhe","damage_taken":0,"max_hp_gain":0,"max_hp_loss":0,"event_name":"Winding Halls","floor":38,"gold_loss":0,"cards_obtained":["Writhe"]},{"damage_healed":70,"gold_gain":0,"player_choice":"Heal","damage_taken":0,"max_hp_gain":0,"max_hp_loss":10,"event_name":"The Moai Head","floor":42,"gold_loss":0}],"is_beta":false,"boss_relics":[{"not_picked":["Busted Crown","Ectoplasm"],"picked":"Fusion Hammer"},{"not_picked":["Runic Pyramid","Runesmith:UraniumAnvil","Empty Cage"]}],"items_purged_floors":[],"is_endless":false,"potions_floor_spawned":[5,7,8,11,13,22,23,30,35,37,40,44,45,48],"killed_by":"Donu and Deca","ascension_level":1}}