{"host":"rolltorest","time":1612417056,"event":{"mods":["BaseMod","Minty Spire (QoL Compilation)","Relic Stats","Slay the Relics Exporter","StSLib"],"gold_per_floor":[114,132,151,151,170,170,198,198,225,256,256,270,111,121,121,198,198,213,224,238,73,85,85,85],"floor_reached":23,"language":"ENG","playtime":867,"items_purged":["Decay"],"score":410,"play_id":"562ba2c8-405e-46bb-b233-21db1acb5f23","local_time":"20210203213736","is_ascension_mode":true,"campfire_choices":[{"floor":6,"key":"REST"},{"floor":8,"key":"REST"},{"floor":11,"key":"REST"},{"floor":15,"key":"REST"}],"circlet_count":0,"master_deck":["AscendersBane","Strike_R","Strike_R","Strike_R","Strike_R","Strike_R","Defend_R","Defend_R","Defend_R","Defend_R","Bash","Perfected Strike","Cleave","Clothesline","Shockwave","Battle Trance","Dropkick","Headbutt","Combust","Thunderclap","Perfected Strike","Iron Wave","Rupture","Twin Strike+1","Impervious"],"relics":["Fusion Hammer","Oddly Smooth Stone","Potion Belt","Cursed Key","Orrery"],"acts_visited":["Exordium","TheCity"],"potions_floor_usage":[22],"damage_taken":[{"damage":2,"enemies":"Jaw Worm","floor":1,"turns":4},{"damage":0,"enemies":"Cultist","floor":2,"turns":2},{"damage":0,"enemies":"2 Louse","floor":3,"turns":2},{"damage":3,"enemies":"Looter","floor":5,"turns":3},{"damage":22,"enemies":"Lagavulin","floor":7,"turns":5},{"damage":38,"enemies":"3 Sentries","floor":10,"turns":8},{"damage":5,"enemies":"3 Louse","floor":12,"turns":4},{"damage":0,"enemies":"2 Fungi Beasts","floor":14,"turns":2},{"damage":18,"enemies":"Slime Boss","floor":16,"turns":7},{"damage":28,"enemies":"Shell Parasite","floor":18,"turns":4},{"damage":6,"enemies":"Chosen","floor":19,"turns":3},{"damage":15,"enemies":"Centurion and Healer","floor":20,"turns":5},{"damage":21,"enemies":"Sentry and Sphere","floor":22,"turns":4},{"damage":0,"enemies":"Slavers","floor":23,"turns":1}],"seed_played":"2557756695221158568","potions_obtained":[{"floor":2,"key":"Swift Potion"},{"floor":5,"key":"SpeedPotion"},{"floor":7,"key":"LiquidMemories"},{"floor":10,"key":"GamblersBrew"},{"floor":20,"key":"Fire Potion"},{"floor":22,"key":"LiquidMemories"}],"is_trial":false,"path_per_floor":["M","M","M","?","M","R","E","R","T","E","R","M","$","M","R","B",null,"M","M","M","$","M","E"],"character_chosen":"IRONCLAD","items_purchased":["Combust","Orrery"],"campfire_rested":4,"item_purchase_floors":[13,21],"current_hp_per_floor":[66,66,66,66,63,75,53,75,75,37,59,54,54,54,75,57,71,43,37,22,22,1,1,1],"gold":85,"neow_bonus":"BOSS_RELIC","is_daily":false,"chose_seed":false,"campfire_upgraded":0,"win_rate":0.0,"timestamp":1612417056,"path_taken":["M","M","M","?","M","R","E","R","T","E","R","?","$","M","R","BOSS","M","M","M","$","M","E"],"items_purchased_type":["Card","Relic"],"build_version":"2020-12-18","purchased_purges":1,"victory":false,"max_hp_per_floor":[75,75,75,75,75,75,75,75,75,75,75,75,75,75,75,75,75,75,75,75,75,75,75,75],"relic_stats":{"counters":[14,54],"Cursed Key":0,"obtain_stats":[{"Potion Belt":10,"Oddly Smooth Stone":7,"Orrery":21,"Fusion Hammer":0,"Cursed Key":17,"Burning Blood":0},{"Potion Belt":6,"Oddly Smooth Stone":5,"Orrery":12,"Fusion Hammer":0,"Cursed Key":9,"Burning Blood":0},{"Potion Belt":24,"Oddly Smooth Stone":16,"Orrery":49,"Fusion Hammer":0,"Cursed Key":37,"Burning Blood":0}]},"card_choices":[{"not_picked":["Clash","Pommel Strike"],"picked":"Perfected Strike","floor":1},{"not_picked":["Cleave","Reckless Charge","Infernal Blade"],"picked":"SKIP","floor":2},{"not_picked":["Reckless Charge","Infernal Blade"],"picked":"Cleave","floor":2},{"not_picked":["Perfected Strike","Flex"],"picked":"Clothesline","floor":3},{"not_picked":["Intimidate","Heavy Blade"],"picked":"Shockwave","floor":5},{"not_picked":["Body Slam","Rage"],"picked":"Battle Trance","floor":7},{"not_picked":["Shrug It Off","Flame Barrier"],"picked":"Dropkick","floor":10},{"not_picked":["Clash","Warcry"],"picked":"Headbutt","floor":12},{"not_picked":["Sever Soul","Brutality"],"picked":"Thunderclap","floor":14},{"not_picked":["True Grit","Clash","Rampage"],"picked":"SKIP","floor":18},{"not_picked":["Clash","Body Slam+1"],"picked":"Perfected Strike","floor":19},{"not_picked":["Sword Boomerang","Havoc"],"picked":"Iron Wave","floor":20},{"not_picked":["Clash","Dropkick"],"picked":"Rupture","floor":21},{"not_picked":["Double Tap","True Grit"],"picked":"Twin Strike+1","floor":21},{"not_picked":["True Grit","Fire Breathing"],"picked":"Impervious","floor":21},{"not_picked":["Cleave","Wild Strike","Twin Strike"],"picked":"SKIP","floor":22}],"player_experience":1830872,"relics_obtained":[{"floor":7,"key":"Oddly Smooth Stone"},{"floor":10,"key":"Potion Belt"}],"event_choices":[{"damage_healed":0,"gold_gain":0,"player_choice":"Cursed","damage_taken":0,"max_hp_gain":0,"max_hp_loss":0,"event_name":"Wheel of Change","floor":4,"gold_loss":0,"cards_obtained":["Decay"]}],"is_beta":true,"boss_relics":[{"not_picked":["Empty Cage","Pandora\u0027s Box"],"picked":"Cursed Key"}],"items_purged_floors":[13],"is_endless":false,"potions_floor_spawned":[2,5,7,10,20,22],"killed_by":"Slavers","ascension_level":20}}