{"host":"7fyy23rucerupe6i","time":1612447642,"event":{"mods":["BaseMod","Minty Spire (QoL Compilation)","StSLib","Youmu£®ªÍ∆«—˝√Œ£©"],"gold_per_floor":[118,43,43,43,56,56,82,82,107,107,120,140,167,185,185,284,284,296,221,221,233,233,233,244,257,280,280,280,195,230,246,246,341,341,356,366,120,120,0,0,26,26,26,46,146,146,163,38,38,38],"floor_reached":51,"language":"ZHS","playtime":2936,"items_purged":["Strike_YM","Defend_YM","Defend_YM"],"score":716,"play_id":"a66bce0f-e073-4588-a3ff-70681114ff68","local_time":"20210204220722","is_ascension_mode":false,"campfire_choices":[{"data":"CherryBlossomFlashing","floor":6.0,"key":"SMITH"},{"data":"SlashOfTheEternalFuture","floor":8.0,"key":"SMITH"},{"data":"WheelOfPainOfLivingAndDead","floor":10.0,"key":"SMITH"},{"data":"FiveSignsOfTheDyingDeva","floor":15.0,"key":"SMITH"},{"data":"SlashOfSaigyouSpringWind","floor":23.0,"key":"SMITH"},{"data":"LotusPostureSlash","floor":28.0,"key":"SMITH"},{"data":"ThoughtCuttingSword","floor":32.0,"key":"SMITH"},{"data":"SlashOfPresentWorld","floor":40.0,"key":"SMITH"},{"data":"Strike_YM","floor":42,"key":"SMITH"},{"floor":46,"key":"RECALL"},{"data":"HeavenGodSword","floor":49,"key":"SMITH"}],"circlet_count":0,"master_deck":["Strike_YM+1","Strike_YM+1","Defend_YM+1","SlashOfPresentWorld+1","WheelOfPainOfLivingAndDead+1","CherryBlossomFlashing+1","SlashOfTheEternalFuture+1","LotusPostureSlash+1","ThoughtCuttingSword+1","FiveSignsOfTheDyingDeva+1","SlashOfSaigyouSpringWind+1","FiveSignsOfTheDyingDeva+1","HiganSword+1","AsuraSword+1","Madness","Madness","TransmigrationSlash+1","BloodOfAsura+1","HeavenGodSword+1"],"relics":["HalfPhantom","NeowsBlessing","Matryoshka","Frozen Egg 2","Bag of Marbles","Odd Mushroom","Orichalcum","MealTicket","Velvet Choker","Anchor","Toy Ornithopter","Vajra","Singing Bowl","Black Star","Pen Nib","Red Mask","Darkstone Periapt","Turnip","Letter Opener"],"acts_visited":["Exordium","TheCity","TheBeyond"],"potions_floor_usage":[50],"damage_taken":[{"damage":0.0,"enemies":"Small Slimes","floor":1.0,"turns":1.0},{"damage":0.0,"enemies":"Jaw Worm","floor":5.0,"turns":1.0},{"damage":0.0,"enemies":"3 Sentries","floor":7.0,"turns":1.0},{"damage":0.0,"enemies":"2 Louse","floor":11.0,"turns":1.0},{"damage":9.0,"enemies":"The Mushroom Lair","floor":12.0,"turns":3.0},{"damage":0.0,"enemies":"Looter","floor":14.0,"turns":2.0},{"damage":25.0,"enemies":"Hexaghost","floor":16.0,"turns":4.0},{"damage":0.0,"enemies":"3 Byrds","floor":18.0,"turns":4.0},{"damage":0.0,"enemies":"Spheric Guardian","floor":21.0,"turns":3.0},{"damage":0.0,"enemies":"Shelled Parasite and Fungi","floor":24.0,"turns":3.0},{"damage":0.0,"enemies":"Sentry and Sphere","floor":25.0,"turns":4.0},{"damage":10.0,"enemies":"Gremlin Leader","floor":30.0,"turns":3.0},{"damage":0.0,"enemies":"Snake Plant","floor":31.0,"turns":2.0},{"damage":3.0,"enemies":"Champ","floor":33.0,"turns":5.0},{"damage":5.0,"enemies":"3 Shapes","floor":35.0,"turns":3.0},{"damage":0.0,"enemies":"Orb Walker","floor":36.0,"turns":2.0},{"damage":15,"enemies":"Giant Head","floor":41,"turns":6},{"damage":3,"enemies":"4 Shapes","floor":44,"turns":2},{"damage":3,"enemies":"Spire Growth","floor":47,"turns":2},{"damage":75,"enemies":"Awakened One","floor":50,"turns":6}],"seed_played":"-876445491026340728","potions_obtained":[{"floor":5.0,"key":"FairyPotion"},{"floor":12.0,"key":"Swift Potion"},{"floor":16.0,"key":"DistilledChaos"},{"floor":30.0,"key":"Swift Potion"},{"floor":31.0,"key":"CultistPotion"}],"is_trial":false,"path_per_floor":["M","$","?","?","M","R","E","R","T","R","M","?","T","M","R","B",null,"M","?","?","M","?","R","M","M","T","?","R","?","E","M","R","B",null,"M","M","$","?","?","R","E","R","T","M","?","R","M","$","R","B",null],"character_chosen":"YOUMU","items_purchased":["Pen Nib"],"campfire_rested":0,"item_purchase_floors":[37],"current_hp_per_floor":[75,75,75,60,60,60,60,60,60,60,60,51,51,51,51,26,75,75,75,61,61,61,61,61,61,61,61,61,61,58,60,60,57,84,81,83,88,77,77,77,62,62,62,59,59,59,56,71,71,1],"gold":38,"neow_bonus":"THREE_ENEMY_KILL","is_daily":false,"chose_seed":false,"campfire_upgraded":10,"win_rate":0.0,"timestamp":1612447642,"path_taken":["M","$","?","?","M","R","E","R","T","R","M","?","?","?","R","BOSS","M","?","?","?","?","R","M","M","T","?","R","?","E","M","R","BOSS","M","M","$","?","?","R","E","R","T","M","?","R","?","$","R","BOSS"],"items_purchased_type":["Relic"],"build_version":"2020-12-22","purchased_purges":3,"victory":true,"max_hp_per_floor":[75,75,75,75,75,75,75,75,75,75,75,75,75,75,75,75,75,75,75,80,80,80,80,80,80,80,80,80,80,82,84,84,84,84,86,88,88,88,88,88,88,88,88,88,88,88,88,88,88,88],"card_choices":[{"not_picked":["LowerRealmReflectionSlash","ThreeKonsSevenHakus"],"picked":"CherryBlossomFlashing","floor":1.0},{"not_picked":["LowerRealmReflectionSlash","SwordExtraction","PretaSword"],"picked":"SKIP","floor":5.0},{"not_picked":["SuddenPhantomFormationSlashOfKarmicWind","SlashOfAscensionToBuddhahood"],"picked":"SlashOfTheEternalFuture","floor":7.0},{"not_picked":["ConstancyOfTheConventionalTruth","SlashOfDelusionalInnerEye"],"picked":"LotusPostureSlash","floor":11.0},{"not_picked":["ThreeKonsSevenHakus","PhosphoricSlash"],"picked":"ThoughtCuttingSword","floor":12.0},{"not_picked":["SanzenSekai","ThoughtCuttingSword"],"picked":"FiveSignsOfTheDyingDeva","floor":14.0},{"not_picked":["WickedSoul","SlashOfTheEternalFuture"],"picked":"SlashOfSaigyouSpringWind","floor":16.0},{"not_picked":["SpiritCuttingSword+1","EchoesOfTheInclemencyOfAllBeings","SanzenSekai+1"],"picked":"SKIP","floor":18.0},{"not_picked":["SpiritMediumsBind","HumanRealmSword"],"picked":"FiveSignsOfTheDyingDeva+1","floor":21.0},{"not_picked":["LotusPostureSlash","DispleasureOfTheSevenHakus","HumanKnowledgeSword"],"picked":"SKIP","floor":24.0},{"not_picked":["ConstancyOfTheConventionalTruth","PhosphoricSlash"],"picked":"HiganSword+1","floor":25.0},{"not_picked":["TransmigrationSlash","SlashOfMeditation","HumanRealmSword"],"picked":"Singing Bowl","floor":30.0},{"not_picked":["SlashOfMeditation+1","RapidSlash","CherryBlossomFlashing"],"picked":"Singing Bowl","floor":31.0},{"not_picked":["GreatEnlightenmentAppearingAndDisappearing","WickedSoul"],"picked":"AsuraSword+1","floor":33.0},{"not_picked":["ConstancyOfTheConventionalTruth","SlashOfMeditation+1","SwordExtraction+1"],"picked":"Singing Bowl","floor":35.0},{"not_picked":["PhosphoricSlash+1","CrescentMoonSlash+1","FlashingScatteredFlowers"],"picked":"Singing Bowl","floor":36.0},{"not_picked":["CherryBlossomFlashing","SpiritMediumsBind"],"picked":"TransmigrationSlash+1","floor":41},{"not_picked":["DispleasureOfTheSevenHakus","LifeCuttingSword"],"picked":"BloodOfAsura+1","floor":44},{"not_picked":["DispleasureOfTheSevenHakus","FourBirthsSword"],"picked":"HeavenGodSword","floor":47}],"player_experience":328068,"relics_obtained":[{"floor":7.0,"key":"Matryoshka"},{"floor":9.0,"key":"Frozen Egg 2"},{"floor":9.0,"key":"Bag of Marbles"},{"floor":12.0,"key":"Odd Mushroom"},{"floor":13.0,"key":"Orichalcum"},{"floor":13.0,"key":"MealTicket"},{"floor":26.0,"key":"Anchor"},{"floor":30.0,"key":"Singing Bowl"},{"floor":41,"key":"Darkstone Periapt"},{"floor":41,"key":"Turnip"},{"floor":43,"key":"Letter Opener"}],"event_choices":[{"damage_healed":0.0,"max_hp_gain":0.0,"max_hp_loss":0.0,"gold_gain":0.0,"event_name":"The Cleric","player_choice":"Leave","floor":3.0,"gold_loss":0.0,"damage_taken":0.0},{"damage_healed":0.0,"max_hp_gain":0.0,"max_hp_loss":0.0,"gold_gain":0.0,"event_name":"Shining Light","player_choice":"Entered Light","floor":4.0,"gold_loss":0.0,"damage_taken":15.0,"cards_upgraded":["Strike_YM","Defend_YM"]},{"damage_healed":0.0,"max_hp_gain":0.0,"max_hp_loss":0.0,"gold_gain":0.0,"event_name":"Mushrooms","player_choice":"Fought Mushrooms","floor":12.0,"gold_loss":0.0,"damage_taken":0.0},{"cards_removed":["Strike_YM"],"damage_healed":0.0,"max_hp_gain":0.0,"max_hp_loss":0.0,"gold_gain":0.0,"event_name":"Beggar","player_choice":"Gave Gold","floor":19.0,"gold_loss":75.0,"damage_taken":0.0},{"damage_healed":0.0,"max_hp_gain":5.0,"max_hp_loss":0.0,"gold_gain":0.0,"event_name":"Forgotten Altar","player_choice":"Shed Blood","floor":20.0,"gold_loss":0.0,"damage_taken":19.0},{"cards_removed":["Defend_YM"],"damage_healed":0.0,"max_hp_gain":0.0,"max_hp_loss":0.0,"gold_gain":0.0,"event_name":"Back to Basics","player_choice":"Elegance","floor":22.0,"gold_loss":0.0,"damage_taken":0.0},{"damage_healed":0.0,"max_hp_gain":0.0,"max_hp_loss":0.0,"gold_gain":0.0,"event_name":"The Mausoleum","player_choice":"Opened","floor":27.0,"gold_loss":0.0,"damage_taken":0.0,"relics_obtained":["Toy Ornithopter"]},{"damage_healed":0.0,"max_hp_gain":0.0,"max_hp_loss":0.0,"gold_gain":0.0,"event_name":"Addict","player_choice":"Obtained Relic","floor":29.0,"gold_loss":85.0,"damage_taken":0.0,"relics_obtained":["Vajra"]},{"damage_healed":0.0,"max_hp_gain":0.0,"max_hp_loss":0.0,"gold_gain":0.0,"event_name":"Winding Halls","player_choice":"Embrace Madness","floor":38.0,"gold_loss":0.0,"damage_taken":11.0,"cards_obtained":["Madness","Madness"]},{"damage_healed":0.0,"max_hp_gain":0.0,"max_hp_loss":0.0,"gold_gain":0.0,"event_name":"Tomb of Lord Red Mask","player_choice":"Paid","floor":39.0,"gold_loss":120.0,"damage_taken":0.0,"relics_obtained":["Red Mask"]},{"damage_healed":0,"gold_gain":100,"player_choice":"Pray","damage_taken":0,"max_hp_gain":0,"max_hp_loss":0,"event_name":"Golden Shrine","floor":45,"gold_loss":0}],"is_beta":false,"boss_relics":[{"not_picked":["Calling Bell","Ectoplasm"],"picked":"Velvet Choker"},{"not_picked":["Pandora\u0027s Box","Fusion Hammer"],"picked":"Black Star"}],"items_purged_floors":[2,37,48],"is_endless":false,"potions_floor_spawned":[5,12,16,21,30,31,33,41,47],"ascension_level":0}}