{"host":"gafwejejal4v72m6","time":1612433658,"event":{"mods":["AchievementEnabler","Aspiration","BaseMod","BetterRewards","Clockwork Mod","Conspire","Hermit","Hubris","Infinite Spire","Minty Spire (QoL Compilation)","Rare Cards Sparkle","Reliquary","Shop Mod","StS++","StSLib","The Animator","The Necromancer"],"gold_per_floor":[112,128,128,148,223,223,223,297,321,339,339,357,357,391,391,492,492,507,526,526,544,563,563,594,594,663,681,696,715,733,758,758,855,855,875,975,975,986,986,1013,1029,1029,1054,1014,1039,1039,1054,1081,1081,1081,1081],"floor_reached":50,"language":"RUS","playtime":4358,"items_purged":["Defend_G"],"score":870,"play_id":"e1230d24-3531-402b-8d1d-a89b8ef43683","local_time":"20210204171418","is_ascension_mode":true,"campfire_choices":[{"floor":6.0,"key":"REST"},{"floor":11.0,"key":"REST"},{"floor":13.0,"key":"REST"},{"floor":15.0,"key":"REST"},{"floor":23.0,"key":"REST"},{"floor":25.0,"key":"REST"},{"data":"Magnetism","floor":32,"key":"SMITH"},{"floor":42,"key":"RECALL"},{"data":"Well Laid Plans","floor":46,"key":"SMITH"},{"data":"infinitespire:Collect","floor":49,"key":"SMITH"}],"circlet_count":0,"master_deck":["Strike_G","Strike_G","Strike_G","Strike_G","Strike_G","Defend_G","Defend_G","Defend_G+1","Defend_G","Survivor","Neutralize","Infinite Blades","Magnetism+1","hubris:SlightOfHand+1","Poisoned Stab+1","Backstab","Blur","Bane","Deadly Poison","StSpp:Landslide","Die Die Die","Blade Dance","Dodge and Roll","infinitespire:Starlight+1","Flying Knee","Backflip","Riddle With Holes","Well Laid Plans+1","conspire:PoisonWeapons","Blade Dance+1","Choke+1","Burst","hubris:Fate","Deflect","Flying Knee","infinitespire:Collect+1","Blade Dance+1","Calculated Gamble+1","Poisoned Stab+1"],"relics":["Ring of the Snake","Anchor","reliquary:BoilingFlask","hubris:ToyBattleship","Nunchaku","Tingsha","SacredBark","aspiration:SecretTechniqueScroll","conspire:TreasureMap","StSpp:ChessPiece","aspiration:SeaSaltIceCream","OrangePellets","Kunai","Shuriken","Toy Ornithopter","Ice Cream","TheAbacus","aspiration:PoetsPen_weak","Ginger","Ninja Scroll","StSpp:PetrifiedCaterpillar"],"acts_visited":["Exordium","TheCity","TheBeyond"],"potions_floor_usage":[36,47,50,50],"damage_taken":[{"damage":3.0,"enemies":"Cultist","floor":1.0,"turns":5.0},{"damage":0.0,"enemies":"Jaw Worm","floor":2.0,"turns":5.0},{"damage":0.0,"enemies":"Small Slimes","floor":4.0,"turns":4.0},{"damage":26.0,"enemies":"3 Sentries","floor":8.0,"turns":8.0},{"damage":26.0,"enemies":"Gremlin Gang","floor":10.0,"turns":8.0},{"damage":0.0,"enemies":"Lots of Slimes","floor":12.0,"turns":5.0},{"damage":20.0,"enemies":"Lagavulin","floor":14.0,"turns":5.0},{"damage":21.0,"enemies":"Slime Boss","floor":16.0,"turns":9.0},{"damage":15.0,"enemies":"Shell Parasite","floor":18.0,"turns":7.0},{"damage":4.0,"enemies":"conspire:FuzzyDice","floor":19.0,"turns":5.0},{"damage":30.0,"enemies":"Centurion and Healer","floor":21.0,"turns":7.0},{"damage":27.0,"enemies":"Chosen and Byrds","floor":22.0,"turns":7.0},{"damage":14.0,"enemies":"Gremlin Leader","floor":24.0,"turns":8.0},{"damage":11.0,"enemies":"3 Cultists","floor":27.0,"turns":5.0},{"damage":30.0,"enemies":"Sentry and Sphere","floor":28.0,"turns":5.0},{"damage":5.0,"enemies":"Chosen and Byrds","floor":29.0,"turns":4.0},{"damage":0,"enemies":"Shelled Parasite and Fungi","floor":30,"turns":5},{"damage":5,"enemies":"conspire:Head Lice","floor":31,"turns":5},{"damage":6,"enemies":"Champ","floor":33,"turns":9},{"damage":5,"enemies":"Orb Walker","floor":35,"turns":4},{"damage":18,"enemies":"infinitespire:Three Voidlings","floor":36,"turns":5},{"damage":34,"enemies":"Nightmare_Alpha","floor":36,"turns":10},{"damage":0,"enemies":"3 Shapes","floor":38,"turns":5},{"damage":2,"enemies":"Nemesis","floor":40,"turns":3},{"damage":10,"enemies":"Spire Growth","floor":41,"turns":2},{"damage":0,"enemies":"Reptomancer","floor":45,"turns":2},{"damage":2,"enemies":"Maw","floor":47,"turns":3},{"damage":0,"enemies":"3 Darklings","floor":48,"turns":2},{"damage":84,"enemies":"infinitespire:MassOfShapes","floor":50,"turns":4}],"seed_played":"3744518363832337072","potions_obtained":[{"floor":2.0,"key":"FearPotion"},{"floor":4.0,"key":"Dexterity Potion"},{"floor":14.0,"key":"StSpp:ScatteredPotion"},{"floor":22.0,"key":"Block Potion"},{"floor":24.0,"key":"EntropicBrew"},{"floor":27.0,"key":"DuplicationPotion"},{"floor":31,"key":"GhostInAJar"},{"floor":38,"key":"AttackPotion"},{"floor":40,"key":"ColorlessPotion"},{"floor":48,"key":"Poison Potion"}],"is_trial":false,"path_per_floor":["M","M","?","M","?","R","?","E","T","M","R","M","R","E","R","B",null,"M","M","AVR","M","M","R","E","R","T","M","M","M","M","E","R","B",null,"M","?","T","M","AVR","E","M","R","T","?","E","R","M","M","R","B"],"character_chosen":"THE_SILENT","items_purchased":["Infinite Blades","Anchor","Magnetism","reliquary:BoilingFlask"],"campfire_rested":6,"item_purchase_floors":[0,0,0,0],"current_hp_per_floor":[46,46,46,46,35,56,56,30,30,4,25,25,46,26,47,26,70,55,51,51,31,14,35,31,52,52,51,31,26,36,41,41,52,70,65,39,39,49,49,47,37,37,37,37,67,67,70,70,70,0,0],"gold":1081,"neow_bonus":"","is_daily":false,"chose_seed":false,"campfire_upgraded":3,"win_rate":0.0,"timestamp":1612433658,"path_taken":["M","M","?","M","?","R","?","E","T","M","R","?","R","E","R","BOSS","M","M","AVR","M","M","R","E","R","T","M","?","M","M","E","R","BOSS","M","?","?","?","AVR","E","?","R","T","?","E","R","M","M","R","BOSS"],"items_purchased_type":["Card","Relic","Card","Relic"],"build_version":"2020-12-22","purchased_purges":1,"victory":false,"max_hp_per_floor":[70,70,70,70,70,70,70,70,70,70,70,70,70,70,70,70,70,70,70,70,70,70,70,70,70,70,70,70,70,70,70,70,70,70,70,71,71,71,71,71,71,71,71,71,71,71,71,71,71,71,71],"card_choices":[{"not_picked":["Prepared","StSpp:Dive","Dagger Throw"],"picked":"SKIP","floor":1.0},{"not_picked":["Blade Dance","Expertise"],"picked":"Poisoned Stab","floor":2.0},{"not_picked":["Masterful Stab","Prepared"],"picked":"Backstab","floor":4.0},{"not_picked":["Distraction","StSpp:Lure"],"picked":"Blur","floor":8.0},{"not_picked":["Poisoned Stab","Deadly Poison"],"picked":"Bane","floor":10.0},{"not_picked":["Masterful Stab","Acrobatics"],"picked":"Deadly Poison","floor":12.0},{"not_picked":["Blur","Riddle With Holes"],"picked":"StSpp:Landslide","floor":14.0},{"not_picked":["infinitespire:Neurotoxin","Malaise"],"picked":"Die Die Die","floor":16.0},{"not_picked":["Underhanded Strike","Dagger Spray+1"],"picked":"Blade Dance","floor":18.0},{"not_picked":["Bane","Blade Dance"],"picked":"Dodge and Roll","floor":19.0},{"not_picked":["Deadly Poison","Crippling Poison"],"picked":"Flying Knee","floor":21.0},{"not_picked":["StSpp:ChainedTrap+1","Dodge and Roll"],"picked":"Backflip","floor":22.0},{"not_picked":["Glass Knife","Dagger Spray"],"picked":"Riddle With Holes","floor":24.0},{"not_picked":["Dagger Spray","PiercingWail"],"picked":"Well Laid Plans","floor":27.0},{"not_picked":["StSpp:Lure","Backflip"],"picked":"conspire:PoisonWeapons","floor":28.0},{"not_picked":["Well Laid Plans","Acrobatics+1"],"picked":"Blade Dance+1","floor":29.0},{"not_picked":["Dagger Throw","StSpp:Dive"],"picked":"Choke+1","floor":30},{"not_picked":["StSpp:CorrosivePoison","Bane","StSpp:FiercePoison"],"picked":"SKIP","floor":31},{"not_picked":["Malaise","StSpp:Landslide"],"picked":"Burst","floor":33},{"not_picked":["StSpp:Anticipation","hubris:SlightOfHand","Riddle With Holes"],"picked":"SKIP","floor":35},{"not_picked":["infinitespire:TheBestDefense","infinitespire:SealOfDarkness+"],"picked":"hubris:Fate","floor":36},{"not_picked":["Sucker Punch+1","Distraction+1"],"picked":"Deflect","floor":36},{"not_picked":["Caltrops","Backflip+1"],"picked":"Flying Knee","floor":38},{"not_picked":["Endless Agony","Eviscerate+1","Crippling Poison"],"picked":"SKIP","floor":40},{"not_picked":["Outmaneuver","Dagger Throw"],"picked":"Blade Dance+1","floor":41},{"not_picked":["Outmaneuver","Bullet Time"],"picked":"Calculated Gamble+1","floor":45},{"not_picked":["Bane","Prepared+1","Acrobatics+1"],"picked":"SKIP","floor":47},{"not_picked":["Slice","StSpp:PoisonousPunch+1"],"picked":"Poisoned Stab+1","floor":48}],"player_experience":143130,"relics_obtained":[{"floor":8.0,"key":"hubris:ToyBattleship"},{"floor":9.0,"key":"Nunchaku"},{"floor":14.0,"key":"Tingsha"},{"floor":24.0,"key":"StSpp:ChessPiece"},{"floor":26.0,"key":"aspiration:SeaSaltIceCream"},{"floor":31,"key":"Toy Ornithopter"},{"floor":36,"key":"Ice Cream"},{"floor":40,"key":"Ginger"},{"floor":43,"key":"Ninja Scroll"},{"floor":45,"key":"StSpp:PetrifiedCaterpillar"}],"event_choices":[{"damage_healed":0.0,"max_hp_gain":0.0,"max_hp_loss":0.0,"gold_gain":75.0,"event_name":"World of Goop","player_choice":"Gather Gold","floor":5.0,"gold_loss":0.0,"damage_taken":11.0},{"damage_healed":0.0,"max_hp_gain":0.0,"max_hp_loss":0.0,"gold_gain":0.0,"event_name":"Upgrade Shrine","player_choice":"Upgraded","floor":7.0,"gold_loss":0.0,"damage_taken":0.0,"cards_upgraded":["Poisoned Stab"]},{"damage_healed":0,"gold_gain":0,"player_choice":"Upgraded Two","damage_taken":0,"max_hp_gain":0,"max_hp_loss":0,"event_name":"Designer","floor":44,"gold_loss":40,"cards_upgraded":["Defend_G","infinitespire:Starlight"]}],"is_beta":false,"boss_relics":[{"not_picked":["StSpp:FireArrow","reliquary:WritOfMandamus"],"picked":"SacredBark"},{"not_picked":["infinitespire:Cupcake","hubris:VirtuousBlindfold","reliquary:Ember"]}],"items_purged_floors":[20],"is_endless":false,"potions_floor_spawned":[2,4,14,22,24,27,31,33,36,36,38,40,48],"killed_by":"infinitespire:MassOfShapes","ascension_level":1}}