{"host":"c5j8t0wyh2hvx9ju","time":1612436279,"event":{"mods":["Act Like it!","Astrologer","BaseMod","BetterRewards","Gensokyo","Minty Spire (QoL Compilation)","Prisma Mod","StSLib"],"gold_per_floor":[119,134,152,168,183,183,23,23,23,23,39,59,59,77,77,181,181,200,160,177,196,196,196,196,196],"floor_reached":24,"language":"JPN","playtime":1395,"items_purged":[],"score":410,"play_id":"f4671ff1-6d82-4284-8822-850f3bc60999","local_time":"20210204195759","is_ascension_mode":true,"campfire_choices":[{"floor":6,"key":"REST"},{"data":"Eruption","floor":13,"key":"SMITH"},{"data":"SandsOfTime","floor":15,"key":"SMITH"},{"floor":23,"key":"REST"}],"circlet_count":0,"master_deck":["Strike_P","Strike_P","Strike_P","Strike_P","Defend_P","Defend_P","Defend_P","Defend_P","Eruption+1","Vigilance","SashWhip","ThirdEye","Sanctity+1","Adaptation+1","SandsOfTime+1","FlurryOfBlows","Necronomicurse","DevaForm+1","MentalFortress+1","FlurryOfBlows","Gensokyo:SlitMouthedWoman"],"relics":["HolyWater","Frozen Egg 2","Necronomicon","Sundial"],"acts_visited":["Gensokyo:Gensokyo","Gensokyo:Gensokyoer"],"potions_floor_usage":[5,20],"damage_taken":[{"damage":6.0,"enemies":"Gensokyo:3_Fairies","floor":1.0,"turns":3.0},{"damage":0.0,"enemies":"Gensokyo:Python","floor":2.0,"turns":4.0},{"damage":16.0,"enemies":"Gensokyo:2_Kodama","floor":3.0,"turns":3.0},{"damage":26.0,"enemies":"Gensokyo:Gryphon_and_Rabbit","floor":4.0,"turns":5.0},{"damage":8,"enemies":"Gensokyo:2_Rabbits","floor":5,"turns":4},{"damage":0,"enemies":"Gensokyo:Kitsune","floor":11,"turns":3},{"damage":0,"enemies":"Gensokyo:LivingMonolith","floor":12,"turns":2},{"damage":0,"enemies":"Gensokyo:VengefulSpirit","floor":14,"turns":2},{"damage":0,"enemies":"Gensokyo:Yukari","floor":16,"turns":6},{"damage":19,"enemies":"Gensokyo:3_Dogs","floor":18,"turns":5},{"damage":32,"enemies":"Gensokyo:CosmicMonolith","floor":20,"turns":7},{"damage":14,"enemies":"Gensokyo:Swordslinger","floor":21,"turns":7},{"damage":54,"enemies":"Gensokyo:3_Gloops","floor":24,"turns":3}],"seed_played":"1058882445793450937","potions_obtained":[{"floor":1.0,"key":"Energy Potion"},{"floor":2.0,"key":"Weak Potion"},{"floor":5,"key":"EssenceOfSteel"},{"floor":11,"key":"Weak Potion"},{"floor":12,"key":"DuplicationPotion"}],"is_trial":false,"path_per_floor":["M","M","M","M","M","R","?","?","T","?","M","M","R","M","R","B",null,"M","?","M","M","?","R","M"],"character_chosen":"WATCHER","items_purchased":["Frozen Egg 2","SashWhip","ThirdEye"],"campfire_rested":2,"item_purchase_floors":[0,0,0],"current_hp_per_floor":[54,54,38,12,4,25,25,25,25,32,32,32,32,32,32,32,79,60,60,28,14,14,35,0,0],"gold":196,"neow_bonus":"","is_daily":false,"chose_seed":false,"campfire_upgraded":2,"win_rate":0.0,"timestamp":1612436279,"path_taken":["M","M","M","M","M","R","?","?","T","?","M","M","R","M","R","BOSS","M","?","M","?","?","R","M"],"items_purchased_type":["Relic","Card","Card"],"build_version":"2020-12-22","purchased_purges":0,"victory":false,"max_hp_per_floor":[72,72,72,72,72,72,72,72,72,79,79,79,79,79,79,79,79,79,79,79,79,72,72,72,72],"card_choices":[{"not_picked":["JustLucky","CrushJoints"],"picked":"Sanctity","floor":1.0},{"not_picked":["FollowUp","Fasting2+1","WreathOfFlame"],"picked":"SKIP","floor":2.0},{"not_picked":["EmptyFist","Meditate"],"picked":"Adaptation+1","floor":3.0},{"not_picked":["JustLucky","BowlingBash"],"picked":"SandsOfTime","floor":4.0},{"not_picked":["Evaluate","Study+1"],"picked":"FlurryOfBlows","floor":5},{"not_picked":["Pray","PathToVictory","WindmillStrike"],"picked":"SKIP","floor":11},{"not_picked":["Perseverance","ThirdEye","CarveReality"],"picked":"SKIP","floor":12},{"not_picked":["Nirvana+1","FlyingSleeves","ClearTheMind"],"picked":"SKIP","floor":14},{"not_picked":["LessonLearned","Brilliance"],"picked":"DevaForm+1","floor":16},{"not_picked":["EmptyBody","Perseverance"],"picked":"MentalFortress+1","floor":18},{"not_picked":["EmptyFist","Prostrate+1","FlyingSleeves"],"picked":"SKIP","floor":20},{"not_picked":["EmptyBody","JustLucky+1"],"picked":"FlurryOfBlows","floor":21},{"not_picked":["Gensokyo:EightFeetTall","Gensokyo:SpontaneousHumanCombustion+1"],"picked":"Gensokyo:SlitMouthedWoman","floor":22}],"player_experience":870397,"relics_obtained":[{"floor":9,"key":"Sundial"}],"event_choices":[],"is_beta":false,"boss_relics":[{"not_picked":["Coffee Dripper","Velvet Choker"],"picked":"HolyWater"}],"items_purged_floors":[],"is_endless":false,"potions_floor_spawned":[1,2,5,11,12],"killed_by":"Gensokyo:3_Gloops","ascension_level":4}}