{"host":"1sqx9dmsrxu9kvq7","time":1612404642,"event":{"mods":["2.2 Compatiblity","Act Like it!","BaseMod","CapriCore","Colored Powertips","Custom Start","Friendly Minions","Gensokyo","Highlight Path","Koishi","Marisa（霧雨　魔理沙）","Minty Spire (QoL Compilation)","Quick Restart","Rare Cards Sparkle","Reimu（博??梦）","Relic Stats","Remilia（蕾米莉?）","Shop Mod","Spicy Shops","StSLib","The Administrix","The Blue Laboratory","The Immortal","The Servant 0.9.4","Waifu the Spire","Yakumo Yukari mod","Yuyuko"],"gold_per_floor":[112,11,24,24,39,39,50,70,94,94,106,206,433,445,445,548,548,568,568,582,582,462,462,491,491,518,536,551,577,329,340,340,340,340],"floor_reached":33,"language":"ENG","playtime":2269,"items_purged":[],"score":301,"play_id":"6c339543-852b-483a-b914-37ec250788ef","local_time":"20210203201042","is_ascension_mode":true,"campfire_choices":[{"floor":6,"key":"RECALL"},{"data":"Gensokyo:CrescentMoonSlash","floor":10,"key":"SMITH"},{"floor":15,"key":"REST"},{"data":"1","floor":23,"key":"LIFT"},{"floor":32,"key":"REST"}],"circlet_count":0,"master_deck":["Strike_S","Strike_S","Strike_S","Strike_S","Defend_S","Defend_S","Defend_S","Defend_S","KidneyShot","Exchange","Solidify","InstantArmor","Foresight","Gensokyo:CrescentMoonSlash+1","Misdirection","FastForward","Luminosity","ShatteredReality","MurderousAura","Moonlight","Reinforced Body","Defy+1","SpecialFormula","Comet","Contraction","FlawlessForm","Gensokyo:MysteriousEgg","Gensokyo:TarnishedGold","Contraction+1"],"relics":["Uniform","Girya","Bag of Preparation","Sozu","Gensokyo:MaskOfHope","Eternal Feather","Regal Pillow","PureWhite:ReiMu","OrangePellets"],"acts_visited":["Gensokyo:Gensokyo","Gensokyo:Gensokyoer"],"potions_floor_usage":[],"damage_taken":[{"damage":2,"enemies":"Gensokyo:Gryphon","floor":1,"turns":4},{"damage":0,"enemies":"Gensokyo:3_Fairies","floor":3,"turns":4},{"damage":0,"enemies":"Gensokyo:2_Kodama","floor":5,"turns":2},{"damage":4,"enemies":"Gensokyo:Kitsune","floor":7,"turns":5},{"damage":18,"enemies":"Gensokyo:5_Fairies","floor":8,"turns":4},{"damage":0,"enemies":"Gensokyo:VengefulSpirit","floor":11,"turns":5},{"damage":6,"enemies":"Gensokyo:Cirno","floor":13,"turns":5},{"damage":0,"enemies":"Gensokyo:CorruptedTreant","floor":14,"turns":4},{"damage":41,"enemies":"Gensokyo:Yukari","floor":16,"turns":13},{"damage":7,"enemies":"Gensokyo:AngelMirror","floor":18,"turns":4},{"damage":0,"enemies":"Gensokyo:CosmicMonolith","floor":20,"turns":4},{"damage":4,"enemies":"Gensokyo:Koishi","floor":24,"turns":6},{"damage":13,"enemies":"Gensokyo:Chomper_and_Gloop","floor":27,"turns":5},{"damage":4,"enemies":"Gensokyo:Monolith_and_Dog","floor":28,"turns":7},{"damage":6,"enemies":"Gensokyo:Tenshi","floor":29,"turns":6},{"damage":29,"enemies":"Gensokyo:Swordslinger","floor":31,"turns":5},{"damage":80,"enemies":"Gensokyo:Eternal_Rivals","floor":33,"turns":18}],"seed_played":"-3425884097044117645","potions_obtained":[{"floor":3,"key":"BlessingOfTheForge"},{"floor":7,"key":"Explosive Potion"},{"floor":11,"key":"Ancient Potion"}],"is_trial":false,"path_per_floor":["M","COS","M","?","M","R","M","M","T","R","M","?","E","M","R","B",null,"M","?","M","?","?","R","E","$","T","M","M","E","COS","M","R","B"],"character_chosen":"THE_SERVANT","items_purchased":[],"campfire_rested":2,"item_purchase_floors":[],"current_hp_per_floor":[63,63,63,54,54,54,50,32,32,32,32,32,26,26,45,4,65,58,58,58,58,58,58,54,54,54,46,47,46,46,17,65,0,0],"gold":340,"neow_bonus":"ONE_RANDOM_RARE_CARD","is_daily":false,"chose_seed":false,"campfire_upgraded":1,"win_rate":0.0,"timestamp":1612404642,"path_taken":["M","COS","M","?","M","R","?","M","T","R","M","?","E","M","R","BOSS","M","?","M","?","?","R","E","$","T","?","M","E","COS","M","R","BOSS"],"items_purchased_type":[],"build_version":"2020-12-22","purchased_purges":0,"victory":false,"max_hp_per_floor":[65,65,65,65,65,65,65,65,65,65,65,65,65,65,65,65,65,65,65,65,65,65,65,65,65,65,65,65,65,65,65,65,65,65],"relic_stats":{"Sozu":2,"OrangePellets":[0],"Regal Pillow":14,"counters":[17,101],"Eternal Feather":15,"Bag of Preparation":[20],"obtain_stats":[{"Sozu":17,"Gensokyo:MaskOfHope":22,"Girya":11,"Frozen Eye":24,"OrangePellets":30,"Regal Pillow":26,"PureWhite:ReiMu":29,"Eternal Feather":24,"Uniform":0,"Bag of Preparation":13},{"Sozu":9,"Gensokyo:MaskOfHope":11,"Girya":6,"Frozen Eye":11,"OrangePellets":15,"Regal Pillow":12,"PureWhite:ReiMu":15,"Eternal Feather":12,"Uniform":0,"Bag of Preparation":7},{"Sozu":46,"Gensokyo:MaskOfHope":54,"Girya":22,"Frozen Eye":54,"OrangePellets":78,"Regal Pillow":60,"PureWhite:ReiMu":78,"Eternal Feather":60,"Uniform":0,"Bag of Preparation":29}]},"card_choices":[{"not_picked":["Revamp","Potential"],"picked":"InstantArmor","floor":1},{"not_picked":["FastForward","TimeWarp"],"picked":"Foresight","floor":3},{"not_picked":["MoonPhase","ShatteredReality"],"picked":"Misdirection","floor":5},{"not_picked":["Foresight","Starlight"],"picked":"FastForward","floor":7},{"not_picked":["TimeWarp","Rewind"],"picked":"Luminosity","floor":8},{"not_picked":["FanOfKnives","Spin","Snipe"],"picked":"SKIP","floor":11},{"not_picked":["Ricochet","Rearm","Sunlight"],"picked":"SKIP","floor":13},{"not_picked":["Rearm","Unruled"],"picked":"ShatteredReality","floor":14},{"not_picked":["Duplication","SoulSculpture"],"picked":"MurderousAura","floor":16},{"not_picked":["Starlight+1","TimeWarp"],"picked":"Moonlight","floor":18},{"not_picked":["BottledTime+1","Unruled"],"picked":"Defy+1","floor":20},{"not_picked":["MoonPhase+1","Rewind"],"picked":"SpecialFormula","floor":24},{"not_picked":["TimeWarp+1","FastForward"],"picked":"Comet","floor":27},{"not_picked":["SurpressingFire+1","TimeWarp"],"picked":"Contraction","floor":28},{"not_picked":["Spin+1","FastForward"],"picked":"FlawlessForm","floor":29},{"not_picked":["Starlight","Ricochet"],"picked":"Contraction+1","floor":31}],"player_experience":218301,"relics_obtained":[{"floor":13,"key":"Bag of Preparation"},{"floor":24,"key":"Eternal Feather"},{"floor":26,"key":"Regal Pillow"},{"floor":29,"key":"PureWhite:ReiMu"}],"event_choices":[],"is_beta":false,"boss_relics":[{"not_picked":["Ectoplasm","Tiny House"],"picked":"Sozu"}],"items_purged_floors":[],"is_endless":false,"potions_floor_spawned":[3,7,11,14,20,27],"killed_by":"Gensokyo:Eternal_Rivals","ascension_level":1}}