{"host":"vyjryxuuuxkt43k4","time":1612431526,"event":{"mods":["AchievementEnabler","BaseMod","Colored Map","DeckTracker","Keyboard Shortcuts","Minty Spire (QoL Compilation)","Permanent Neow","Quick Restart","Relic Stats","StSLib","SuperFastMode","everything is the same but u backflip on backflip"],"gold_per_floor":[359,10,85,95,95,95,127,127,127,143,173,173,199,211,211,307,307,323,323,336,336,336,336,366,366,366,395,411,426,426,440,440,537,537,549,126,176,223,243,243,271,271,346,346,346,374,104,134,134,134],"floor_reached":51,"language":"KOR","playtime":8329,"items_purged":["Strike_P","Defend_P","Strike_P"],"score":1388,"play_id":"05b24d19-e4b8-4425-a068-3c3b471e6872","local_time":"20210204183846","is_ascension_mode":true,"campfire_choices":[{"data":"Eruption","floor":6.0,"key":"SMITH"},{"floor":8.0,"key":"REST"},{"data":"CrushJoints","floor":12.0,"key":"SMITH"},{"data":"Adaptation","floor":15.0,"key":"SMITH"},{"data":"WheelKick","floor":23.0,"key":"SMITH"},{"floor":25.0,"key":"REST"},{"floor":30.0,"key":"REST"},{"data":"Adaptation","floor":32.0,"key":"SMITH"},{"data":"Strike_P","floor":40.0,"key":"PURGE"},{"data":"Strike_P","floor":45.0,"key":"PURGE"},{"data":"Defend_P","floor":49,"key":"PURGE"}],"circlet_count":0,"master_deck":["AscendersBane","Defend_P","Eruption+1","Vigilance","CrushJoints+1","WheelKick+1","TalkToTheHand","EmptyBody","TalkToTheHand","Adaptation+1","Blasphemy","FlurryOfBlows","Adaptation+1","Scrawl","FearNoEvil+1","Panache","Tantrum","InnerPeace+1"],"relics":["HolyWater","MealTicket","Eternal Feather","StrikeDummy","Akabeko","Omamori","Kunai","Ancient Tea Set","Philosopher\u0027s Stone","Bag of Marbles","Peace Pipe","Prayer Wheel","Sundial","Bottled Flame","Ice Cream","Damaru"],"acts_visited":["Exordium","TheCity","TheBeyond"],"potions_floor_usage":[48],"damage_taken":[{"damage":6.0,"enemies":"Jaw Worm","floor":1.0,"turns":3.0},{"damage":0.0,"enemies":"2 Louse","floor":4.0,"turns":2.0},{"damage":17.0,"enemies":"3 Sentries","floor":7.0,"turns":5.0},{"damage":5.0,"enemies":"Small Slimes","floor":10.0,"turns":3.0},{"damage":10.0,"enemies":"Gremlin Nob","floor":11.0,"turns":3.0},{"damage":0.0,"enemies":"2 Fungi Beasts","floor":14.0,"turns":3.0},{"damage":38.0,"enemies":"The Guardian","floor":16.0,"turns":10.0},{"damage":14.0,"enemies":"3 Byrds","floor":18.0,"turns":7.0},{"damage":3.0,"enemies":"Shell Parasite","floor":20.0,"turns":3.0},{"damage":25.0,"enemies":"Gremlin Leader","floor":24.0,"turns":4.0},{"damage":23.0,"enemies":"Book of Stabbing","floor":27.0,"turns":5.0},{"damage":11.0,"enemies":"Snecko","floor":28.0,"turns":4.0},{"damage":2.0,"enemies":"Centurion and Healer","floor":29.0,"turns":4.0},{"damage":13.0,"enemies":"Snake Plant","floor":31.0,"turns":3.0},{"damage":149.0,"enemies":"Automaton","floor":33.0,"turns":10.0},{"damage":0.0,"enemies":"3 Shapes","floor":35.0,"turns":3.0},{"damage":22.0,"enemies":"Mind Bloom Boss Battle","floor":37.0,"turns":5.0},{"damage":9.0,"enemies":"2 Orb Walkers","floor":38.0,"turns":3.0},{"damage":17.0,"enemies":"Orb Walker","floor":39.0,"turns":2.0},{"damage":0.0,"enemies":"Reptomancer","floor":41.0,"turns":2.0},{"damage":0.0,"enemies":"Giant Head","floor":46.0,"turns":2.0},{"damage":0,"enemies":"Reptomancer","floor":48,"turns":2},{"damage":24,"enemies":"Donu and Deca","floor":50,"turns":3}],"seed_played":"-5753530840089866215","potions_obtained":[{"floor":4.0,"key":"Explosive Potion"},{"floor":11.0,"key":"Ambrosia"},{"floor":14.0,"key":"DistilledChaos"},{"floor":20.0,"key":"FairyPotion"},{"floor":24.0,"key":"Strength Potion"},{"floor":27.0,"key":"Block Potion"},{"floor":28.0,"key":"Strength Potion"},{"floor":29.0,"key":"AttackPotion"},{"floor":35.0,"key":"Strength Potion"},{"floor":38.0,"key":"Explosive Potion"}],"is_trial":false,"path_per_floor":["M","$","?","M","?","R","E","R","T","M","E","R","T","M","R","B",null,"M","?","M","?","?","R","E","R","T","E","M","M","R","M","R","B",null,"M","$","?","?","M","R","E","?","T","?","R","E","$","E","R","B",null],"character_chosen":"WATCHER","items_purchased":["WheelKick","MealTicket","BlessingOfTheForge","Bag of Marbles","Panache","Fruit Juice","SkillPotion"],"campfire_rested":3,"item_purchase_floors":[2,2,2,36,36,47,47],"current_hp_per_floor":[41,41,30,30,30,30,13,40,40,35,25,34,34,34,43,5,55,41,41,38,38,31,40,15,45,45,22,11,9,39,26,35,12,57,57,72,50,41,24,36,36,36,36,36,48,48,63,63,68,44],"gold":134,"neow_bonus":"TWO_FIFTY_GOLD","is_daily":false,"chose_seed":false,"campfire_upgraded":5,"win_rate":0.0,"timestamp":1612431526,"path_taken":["M","$","?","M","?","R","E","R","T","M","E","R","?","M","R","BOSS","M","?","M","?","?","R","E","R","T","E","M","M","R","M","R","BOSS","M","$","?","?","M","R","E","?","T","?","R","E","$","E","R","BOSS"],"items_purchased_type":["Card","Relic","Potion","Relic","Card","Potion","Potion"],"build_version":"2020-12-22","purchased_purges":3,"victory":true,"max_hp_per_floor":[72,72,72,72,72,72,72,72,72,72,72,72,72,72,72,72,72,72,72,72,72,72,72,72,72,72,72,72,72,72,72,72,72,72,72,72,72,72,72,72,72,68,68,68,68,68,68,68,68,68],"relic_stats":{"Peace Pipe":3,"counters":[23,91],"Sundial":[6],"MealTicket":30,"Eternal Feather":89,"Prayer Wheel":1,"Kunai":[49],"obtain_stats":[{"Ice Cream":46,"Damaru":48,"Eternal Feather":7,"Omamori":24,"Ancient Tea Set":27,"Akabeko":13,"Peace Pipe":37,"Bottled Flame":43,"Sundial":41,"HolyWater":17,"MealTicket":2,"Philosopher\u0027s Stone":34,"Prayer Wheel":38,"Bag of Marbles":36,"Kunai":26,"PureWater":0,"StrikeDummy":11},{"Ice Cream":21,"Damaru":22,"Eternal Feather":3,"Omamori":10,"Ancient Tea Set":11,"Akabeko":5,"Peace Pipe":17,"Bottled Flame":20,"Sundial":20,"HolyWater":7,"MealTicket":1,"Philosopher\u0027s Stone":15,"Prayer Wheel":18,"Bag of Marbles":16,"Kunai":10,"PureWater":0,"StrikeDummy":5},{"Ice Cream":86,"Damaru":88,"Eternal Feather":10,"Omamori":43,"Ancient Tea Set":48,"Akabeko":16,"Peace Pipe":77,"Bottled Flame":84,"Sundial":84,"HolyWater":29,"MealTicket":3,"Philosopher\u0027s Stone":69,"Prayer Wheel":80,"Bag of Marbles":72,"Kunai":43,"PureWater":0,"StrikeDummy":16}]},"card_choices":[{"not_picked":["BowlingBash","Perseverance"],"picked":"CrushJoints","floor":1.0},{"not_picked":["ThirdEye","FlyingSleeves"],"picked":"TalkToTheHand","floor":4.0},{"not_picked":["Brilliance","ClearTheMind"],"picked":"EmptyBody","floor":7.0},{"not_picked":["EmptyFist","CrushJoints","Worship"],"picked":"SKIP","floor":10.0},{"not_picked":["CrushJoints","Indignation"],"picked":"TalkToTheHand","floor":11.0},{"not_picked":["FearNoEvil","CarveReality"],"picked":"Adaptation","floor":14.0},{"not_picked":["Omniscience","DevaForm"],"picked":"Blasphemy","floor":16.0},{"not_picked":["SignatureMove","DeceiveReality","JustLucky+1"],"picked":"SKIP","floor":18.0},{"not_picked":["CarveReality","ReachHeaven","Crescendo"],"picked":"SKIP","floor":20.0},{"not_picked":["CarveReality","Vengeance","Blasphemy"],"picked":"SKIP","floor":24.0},{"not_picked":["BattleHymn","JustLucky"],"picked":"FlurryOfBlows","floor":27.0},{"not_picked":["PathToVictory","ReachHeaven"],"picked":"Adaptation","floor":28.0},{"not_picked":["PathToVictory","CutThroughFate","CarveReality"],"picked":"SKIP","floor":29.0},{"not_picked":["WindmillStrike+1","EmptyBody","Protect"],"picked":"SKIP","floor":31.0},{"not_picked":["Ragnarok","SpiritShield"],"picked":"Scrawl","floor":33.0},{"not_picked":["Perseverance","ThirdEye"],"picked":"FearNoEvil+1","floor":35.0},{"not_picked":["Adaptation","Indignation"],"picked":"Tantrum","floor":37.0},{"not_picked":["Sanctity","FlyingSleeves"],"picked":"InnerPeace+1","floor":39.0},{"not_picked":["FollowUp","Wish","BowlingBash+1"],"picked":"SKIP","floor":39.0},{"not_picked":["FollowUp","Wish","BowlingBash+1"],"picked":"SKIP","floor":39.0},{"not_picked":["BowlingBash","Alpha","Swivel"],"picked":"SKIP","floor":41.0},{"not_picked":["FlurryOfBlows","SashWhip+1","Pray"],"picked":"SKIP","floor":46.0},{"not_picked":["Protect+1","FollowUp","Vengeance"],"picked":"SKIP","floor":48}],"player_experience":697758,"relics_obtained":[{"floor":7.0,"key":"Eternal Feather"},{"floor":11.0,"key":"StrikeDummy"},{"floor":13.0,"key":"Akabeko"},{"floor":24.0,"key":"Omamori"},{"floor":26.0,"key":"Kunai"},{"floor":27.0,"key":"Ancient Tea Set"},{"floor":37.0,"key":"Peace Pipe"},{"floor":38.0,"key":"Prayer Wheel"},{"floor":41.0,"key":"Sundial"},{"floor":43.0,"key":"Bottled Flame"},{"floor":46.0,"key":"Ice Cream"},{"floor":48,"key":"Damaru"}],"event_choices":[{"damage_healed":0.0,"max_hp_gain":0.0,"max_hp_loss":0.0,"gold_gain":75.0,"event_name":"World of Goop","player_choice":"Gather Gold","floor":3.0,"gold_loss":0.0,"damage_taken":11.0},{"damage_healed":0.0,"max_hp_gain":0.0,"max_hp_loss":0.0,"gold_gain":0.0,"event_name":"Liars Game","player_choice":"Ignored","floor":5.0,"gold_loss":0.0,"damage_taken":0.0},{"cards_removed":["Defend_P"],"damage_healed":0.0,"max_hp_gain":0.0,"max_hp_loss":0.0,"gold_gain":0.0,"event_name":"Back to Basics","player_choice":"Elegance","floor":19.0,"gold_loss":0.0,"damage_taken":0.0},{"damage_healed":0.0,"max_hp_gain":0.0,"max_hp_loss":0.0,"gold_gain":0.0,"event_name":"Ghosts","player_choice":"Ignored","floor":21.0,"gold_loss":0.0,"damage_taken":0.0},{"damage_healed":0.0,"max_hp_gain":0.0,"max_hp_loss":0.0,"gold_gain":0.0,"event_name":"Wheel of Change","player_choice":"Damaged","floor":22.0,"gold_loss":0.0,"damage_taken":7.0},{"damage_healed":0.0,"max_hp_gain":0.0,"max_hp_loss":0.0,"gold_gain":0.0,"event_name":"MindBloom","player_choice":"Fight","floor":37.0,"gold_loss":0.0,"damage_taken":0.0},{"damage_healed":0.0,"max_hp_gain":0.0,"max_hp_loss":0.0,"gold_gain":0.0,"event_name":"Mysterious Sphere","player_choice":"Fight","floor":38.0,"gold_loss":0.0,"damage_taken":0.0},{"damage_healed":0.0,"max_hp_gain":0.0,"max_hp_loss":4.0,"gold_gain":0.0,"event_name":"Winding Halls","player_choice":"Max HP","floor":42.0,"gold_loss":0.0,"damage_taken":0.0},{"damage_healed":0.0,"max_hp_gain":0.0,"max_hp_loss":0.0,"gold_gain":0.0,"event_name":"Tomb of Lord Red Mask","player_choice":"Ignored","floor":44.0,"gold_loss":0.0,"damage_taken":0.0}],"is_beta":false,"boss_relics":[{"not_picked":["Runic Pyramid","Snecko Eye"],"picked":"HolyWater"},{"not_picked":["Coffee Dripper","Cursed Key"],"picked":"Philosopher\u0027s Stone"}],"items_purged_floors":[2,36,47],"is_endless":false,"potions_floor_spawned":[4,11,14,20,24,27,28,29,35,38],"ascension_level":12}}