{"host":"rolltorest","time":1612417489,"event":{"mods":["BaseMod","Minty Spire (QoL Compilation)","Relic Stats","Slay the Relics Exporter","StSLib"],"gold_per_floor":[109,129,147,73,148,148,179,197,220,185,185,195,222,222,222,222,222],"floor_reached":16,"language":"ENG","playtime":421,"items_purged":[],"score":220,"play_id":"ff5a9995-e478-4f43-b623-1731a6ff023c","local_time":"20210203214449","is_ascension_mode":true,"campfire_choices":[{"data":"Blade Dance","floor":6,"key":"SMITH"},{"floor":11,"key":"REST"},{"data":"Wraith Form v2","floor":15,"key":"SMITH"}],"circlet_count":0,"master_deck":["AscendersBane","Strike_G","Strike_G","Strike_G","Strike_G","Strike_G","Defend_G","Defend_G","Defend_G","Defend_G","Defend_G","Survivor","Neutralize","Decay","Eviscerate","Blade Dance+1","Wraith Form v2+1","Dagger Spray","Acrobatics","Endless Agony"],"relics":["Ring of the Snake","Du-Vu Doll","Happy Flower","Regal Pillow","Potion Belt","Golden Idol"],"acts_visited":["Exordium"],"potions_floor_usage":[7],"damage_taken":[{"damage":6,"enemies":"Small Slimes","floor":1,"turns":4},{"damage":0,"enemies":"2 Louse","floor":2,"turns":2},{"damage":4,"enemies":"Jaw Worm","floor":3,"turns":3},{"damage":27,"enemies":"Lagavulin","floor":7,"turns":6},{"damage":17,"enemies":"Gremlin Gang","floor":8,"turns":5},{"damage":0,"enemies":"Large Slime","floor":12,"turns":4},{"damage":17,"enemies":"3 Sentries","floor":13,"turns":7},{"damage":31,"enemies":"Hexaghost","floor":16,"turns":9}],"seed_played":"8173775254318725950","potions_obtained":[{"floor":1,"key":"Regen Potion"},{"floor":7,"key":"Dexterity Potion"}],"is_trial":false,"path_per_floor":["M","M","M","$","?","R","E","M","T","?","R","M","E","?","R","B"],"character_chosen":"THE_SILENT","items_purchased":["Wraith Form v2"],"campfire_rested":1,"item_purchase_floors":[4],"current_hp_per_floor":[53,53,49,49,38,38,26,9,9,25,59,59,42,42,42,11,11],"gold":222,"neow_bonus":"ONE_RARE_RELIC","is_daily":false,"chose_seed":false,"campfire_upgraded":2,"win_rate":0.0,"timestamp":1612417489,"path_taken":["M","M","M","$","?","R","E","M","T","?","R","M","E","?","R","BOSS"],"items_purchased_type":["Card"],"build_version":"2020-12-18","purchased_purges":0,"victory":false,"max_hp_per_floor":[66,66,66,66,66,66,66,66,66,66,66,66,66,60,60,60,60],"relic_stats":{"Regal Pillow":15,"Happy Flower":[8],"counters":[8,40],"Golden Idol":0,"obtain_stats":[{"Du-Vu Doll":0,"Potion Belt":13,"Regal Pillow":9,"Happy Flower":7,"Golden Idol":14,"Ring of the Snake":0},{"Du-Vu Doll":0,"Potion Belt":7,"Regal Pillow":5,"Happy Flower":4,"Golden Idol":7,"Ring of the Snake":0},{"Du-Vu Doll":0,"Potion Belt":31,"Regal Pillow":20,"Happy Flower":15,"Golden Idol":31,"Ring of the Snake":0}],"Ring of the Snake":[17]},"card_choices":[{"not_picked":["Backflip","Underhanded Strike"],"picked":"Eviscerate","floor":1},{"not_picked":["Prepared","Dash"],"picked":"Blade Dance","floor":2},{"not_picked":["Slice","Outmaneuver","Deflect"],"picked":"SKIP","floor":3},{"not_picked":["Storm of Steel","Malaise"],"picked":"Dagger Spray","floor":7},{"not_picked":["Underhanded Strike","Flechettes"],"picked":"Acrobatics","floor":8},{"not_picked":["Underhanded Strike","Outmaneuver","Backflip"],"picked":"SKIP","floor":12},{"not_picked":["Backstab","A Thousand Cuts"],"picked":"Endless Agony","floor":13}],"player_experience":1831739,"relics_obtained":[{"floor":7,"key":"Happy Flower"},{"floor":9,"key":"Regal Pillow"},{"floor":13,"key":"Potion Belt"}],"event_choices":[{"damage_healed":0,"gold_gain":75,"player_choice":"Gather Gold","damage_taken":11,"max_hp_gain":0,"max_hp_loss":0,"event_name":"World of Goop","floor":5,"gold_loss":0},{"damage_healed":16,"gold_gain":0,"player_choice":"Healed","damage_taken":0,"max_hp_gain":0,"max_hp_loss":0,"event_name":"The Cleric","floor":10,"gold_loss":35},{"damage_healed":0,"gold_gain":0,"player_choice":"Lose Max HP","damage_taken":0,"relics_obtained":["Golden Idol"],"max_hp_gain":0,"max_hp_loss":6,"event_name":"Golden Idol","floor":14,"gold_loss":0}],"is_beta":true,"boss_relics":[],"items_purged_floors":[],"is_endless":false,"potions_floor_spawned":[1,7],"killed_by":"Hexaghost","ascension_level":20}}