{"host":"l8n3qytufxtuz5eu","time":1612481117,"event":{"mods":["BaseMod","Colored Map","Minty Spire (QoL Compilation)","Relic Stats"],"gold_per_floor":[119,131,142,142,142,183,183,183,183,183,183,183,183,219,219,219,219],"floor_reached":16,"language":"ENG","playtime":550,"items_purged":[],"score":159,"play_id":"63ea5985-dceb-4167-9ac7-500a7684daa7","local_time":"20210204152517","is_ascension_mode":true,"campfire_choices":[{"data":"Feed","floor":7.0,"key":"SMITH"},{"data":"Pommel Strike","floor":11,"key":"SMITH"},{"data":"Shrug It Off","floor":13,"key":"SMITH"},{"data":"Limit Break","floor":15,"key":"SMITH"}],"circlet_count":0,"master_deck":["AscendersBane","Strike_R","Strike_R+1","Strike_R+1","Strike_R","Defend_R","Defend_R","Defend_R","Defend_R","Bash","Shrug It Off+1","Pommel Strike+1","Pommel Strike+1","Feed+1","Limit Break+1"],"relics":["Burning Blood","NeowsBlessing","CeramicFish","Blue Candle","Frozen Egg 2","Self Forming Clay"],"acts_visited":["Exordium"],"potions_floor_usage":[14,16],"damage_taken":[{"damage":0.0,"enemies":"2 Louse","floor":1.0,"turns":2.0},{"damage":0.0,"enemies":"Jaw Worm","floor":2.0,"turns":1.0},{"damage":0.0,"enemies":"Small Slimes","floor":3.0,"turns":1.0},{"damage":35.0,"enemies":"Lagavulin","floor":6.0,"turns":8.0},{"damage":8,"enemies":"Gremlin Nob","floor":14,"turns":3},{"damage":44,"enemies":"Slime Boss","floor":16,"turns":12}],"seed_played":"-7520857876020842716","potions_obtained":[{"floor":1.0,"key":"BlessingOfTheForge"},{"floor":3.0,"key":"SpeedPotion"},{"floor":6.0,"key":"SteroidPotion"}],"is_trial":false,"path_per_floor":["M","M","M","?","?","E","R","?","T","?","R","T","R","E","R","B"],"character_chosen":"IRONCLAD","items_purchased":[],"campfire_rested":0,"item_purchase_floors":[],"current_hp_per_floor":[78,80,80,64,57,28,28,33,33,33,33,33,33,35,35,0,0],"gold":219,"neow_bonus":"THREE_ENEMY_KILL","is_daily":false,"chose_seed":false,"campfire_upgraded":4,"win_rate":0.0,"timestamp":1612481117,"path_taken":["M","M","M","?","?","E","R","?","T","?","R","?","R","E","R","BOSS"],"items_purchased_type":[],"build_version":"2020-12-22","purchased_purges":0,"victory":false,"max_hp_per_floor":[80,80,80,80,80,80,80,85,85,85,85,85,85,89,89,93,93],"relic_stats":{"counters":[6,27],"Self Forming Clay":[18],"CeramicFish":18,"Blue Candle":[0],"obtain_stats":[{"NeowsBlessing":0,"Self Forming Clay":14,"CeramicFish":6,"Blue Candle":9,"Frozen Egg 2":12,"Burning Blood":0},{"NeowsBlessing":0,"Self Forming Clay":5,"CeramicFish":4,"Blue Candle":4,"Frozen Egg 2":4,"Burning Blood":0},{"NeowsBlessing":0,"Self Forming Clay":15,"CeramicFish":12,"Blue Candle":12,"Frozen Egg 2":12,"Burning Blood":0}],"Burning Blood":20},"card_choices":[{"not_picked":["Rupture","Heavy Blade"],"picked":"Shrug It Off","floor":1.0},{"not_picked":["Shrug It Off","Anger"],"picked":"Pommel Strike","floor":2.0},{"not_picked":["Evolve","Whirlwind"],"picked":"Pommel Strike","floor":3.0},{"not_picked":["Dual Wield","Twin Strike"],"picked":"Feed","floor":6.0},{"not_picked":["Ghostly Armor","Thunderclap"],"picked":"Limit Break","floor":14}],"player_experience":1460950,"relics_obtained":[{"floor":6.0,"key":"CeramicFish"},{"floor":9.0,"key":"Blue Candle"},{"floor":12,"key":"Frozen Egg 2"},{"floor":14,"key":"Self Forming Clay"}],"event_choices":[{"damage_healed":0.0,"max_hp_gain":0.0,"max_hp_loss":0.0,"gold_gain":0.0,"event_name":"Shining Light","player_choice":"Entered Light","floor":4.0,"gold_loss":0.0,"damage_taken":16.0,"cards_upgraded":["Strike_R","Strike_R"]},{"cards_removed":["Strike_R"],"damage_healed":0.0,"max_hp_gain":0.0,"max_hp_loss":0.0,"gold_gain":0.0,"event_name":"Golden Wing","player_choice":"Card Removal","floor":5.0,"gold_loss":0.0,"damage_taken":7.0},{"damage_healed":0.0,"max_hp_gain":5.0,"max_hp_loss":0.0,"gold_gain":0.0,"event_name":"Big Fish","player_choice":"Donut","floor":8.0,"gold_loss":0.0,"damage_taken":0.0},{"damage_healed":0,"gold_gain":0,"player_choice":"Grow","damage_taken":0,"max_hp_gain":0,"max_hp_loss":0,"event_name":"Living Wall","floor":10,"gold_loss":0,"cards_upgraded":["Pommel Strike"]}],"is_beta":false,"boss_relics":[],"items_purged_floors":[],"is_endless":false,"potions_floor_spawned":[1,3,6],"killed_by":"Slime Boss","ascension_level":10}}