{"host":"soyfmymeou4emntr","time":1612410649,"event":{"mods":["BaseMod","BetterRewards","Minty Spire (QoL Compilation)","Relic Sorter","Relic Stats","StSLib"],"gold_per_floor":[110,122,122,44,55,80,80,108,153,173,184,78,78,106,106,180,180,180,100,100,100,100],"floor_reached":21,"language":"ENG","playtime":2749,"items_purged":[],"score":398,"play_id":"db02a438-9b97-4938-b25c-72c80160e528","local_time":"20210203205048","is_ascension_mode":true,"campfire_choices":[{"floor":7.0,"key":"REST"},{"floor":13.0,"key":"REST"},{"floor":15.0,"key":"REST"}],"circlet_count":0,"master_deck":["AscendersBane","Strike_B","Strike_B","Strike_B","Strike_B","Defend_B","Defend_B","Defend_B","Defend_B","Zap","Dualcast","Hologram","Cold Snap","FTL","Chill","Recycle","Sweeping Beam","Reboot","Hologram","Loop","Compile Driver","Self Repair","Echo Form","Gash","Gash","Cold Snap+1","Conserve Battery","Reinforced Body+1"],"relics":["Cracked Core","Meat on the Bone","Oddly Smooth Stone","MealTicket","Prayer Wheel","Ectoplasm","Red Mask"],"acts_visited":["Exordium","TheCity"],"potions_floor_usage":[16,16,20],"damage_taken":[{"damage":4.0,"enemies":"Small Slimes","floor":1.0,"turns":4.0},{"damage":4.0,"enemies":"Cultist","floor":2.0,"turns":4.0},{"damage":0.0,"enemies":"2 Louse","floor":5.0,"turns":3.0},{"damage":19.0,"enemies":"Gremlin Nob","floor":6.0,"turns":4.0},{"damage":41.0,"enemies":"Lagavulin","floor":8.0,"turns":9.0},{"damage":22.0,"enemies":"Exordium Thugs","floor":10.0,"turns":6.0},{"damage":11.0,"enemies":"3 Louse","floor":11.0,"turns":2.0},{"damage":28.0,"enemies":"Gremlin Nob","floor":14.0,"turns":4.0},{"damage":48,"enemies":"Slime Boss","floor":16,"turns":14},{"damage":23,"enemies":"Shell Parasite","floor":18,"turns":9},{"damage":22,"enemies":"2 Thieves","floor":19,"turns":4},{"damage":0,"enemies":"Masked Bandits","floor":20,"turns":1},{"damage":42,"enemies":"Cultist and Chosen","floor":21,"turns":8}],"seed_played":"567192216532141605","potions_obtained":[{"floor":2.0,"key":"DistilledChaos"},{"floor":8.0,"key":"SpeedPotion"},{"floor":10.0,"key":"DuplicationPotion"},{"floor":14.0,"key":"SkillPotion"},{"floor":19,"key":"AttackPotion"}],"is_trial":false,"path_per_floor":["M","M","?","$","M","E","R","E","T","M","M","$","R","E","R","B",null,"M","M","?","M"],"character_chosen":"DEFECT","items_purchased":["Chill","Compile Driver","Strength Potion"],"campfire_rested":3,"item_purchase_floors":[4,12,12],"current_hp_per_floor":[60,56,52,52,52,33,54,25,25,15,16,31,52,36,57,28,60,51,41,41,0,0],"gold":100,"neow_bonus":"THREE_CARDS","is_daily":false,"chose_seed":false,"campfire_upgraded":0,"win_rate":0.0,"timestamp":1612410648,"path_taken":["M","M","?","$","?","E","R","E","T","M","M","$","R","E","R","BOSS","M","M","?","M"],"items_purchased_type":["Card","Card","Potion"],"build_version":"2020-12-22","purchased_purges":0,"victory":false,"max_hp_per_floor":[71,71,71,71,71,71,71,71,71,71,71,71,71,71,71,71,71,71,71,71,71,71],"relic_stats":{"counters":[13,72],"MealTicket":15,"Prayer Wheel":2,"Ectoplasm":102,"obtain_stats":[{"Oddly Smooth Stone":8,"MealTicket":9,"Prayer Wheel":14,"Ectoplasm":17,"Red Mask":20,"Cracked Core":0,"Meat on the Bone":6},{"Oddly Smooth Stone":5,"MealTicket":5,"Prayer Wheel":8,"Ectoplasm":9,"Red Mask":12,"Cracked Core":0,"Meat on the Bone":4},{"Oddly Smooth Stone":24,"MealTicket":24,"Prayer Wheel":36,"Ectoplasm":50,"Red Mask":64,"Cracked Core":0,"Meat on the Bone":15}],"Meat on the Bone":72},"card_choices":[{"not_picked":["Turbo","Force Field"],"picked":"Hologram","floor":0.0},{"not_picked":["Steam","Go for the Eyes"],"picked":"Cold Snap","floor":1.0},{"not_picked":["Hologram","Heatsinks"],"picked":"FTL","floor":2.0},{"not_picked":["Gash","Rebound"],"picked":"Recycle","floor":5.0},{"not_picked":["Hologram","Redo"],"picked":"Sweeping Beam","floor":6.0},{"not_picked":["Blizzard","Go for the Eyes"],"picked":"Reboot","floor":8.0},{"not_picked":["Beam Cell","Storm"],"picked":"Hologram","floor":10.0},{"not_picked":["Skim","Doom and Gloom"],"picked":"Loop","floor":11.0},{"not_picked":["Turbo","Barrage"],"picked":"Self Repair","floor":14.0},{"not_picked":["Amplify","Thunder Strike"],"picked":"Echo Form","floor":16},{"not_picked":["Conserve Battery","Recycle"],"picked":"Gash","floor":18},{"not_picked":["Go for the Eyes","Doom and Gloom"],"picked":"Gash","floor":18},{"not_picked":["Barrage","Chaos"],"picked":"Cold Snap+1","floor":19},{"not_picked":["White Noise","Go for the Eyes"],"picked":"Conserve Battery","floor":19},{"not_picked":["Steam","Leap"],"picked":"Reinforced Body+1","floor":20}],"player_experience":3030124,"relics_obtained":[{"floor":6.0,"key":"Meat on the Bone"},{"floor":8.0,"key":"Oddly Smooth Stone"},{"floor":9.0,"key":"MealTicket"},{"floor":14.0,"key":"Prayer Wheel"},{"floor":20,"key":"Red Mask"}],"event_choices":[{"damage_healed":0.0,"max_hp_gain":0.0,"max_hp_loss":0.0,"gold_gain":0.0,"event_name":"The Woman in Blue","player_choice":"Bought 0 Potions","floor":3.0,"gold_loss":0.0,"damage_taken":0.0},{"damage_healed":0,"gold_gain":0,"player_choice":"Fought Bandits","damage_taken":0,"max_hp_gain":0,"max_hp_loss":0,"event_name":"Masked Bandits","floor":20,"gold_loss":0}],"is_beta":false,"boss_relics":[{"not_picked":["Runic Dome","Black Star"],"picked":"Ectoplasm"}],"items_purged_floors":[],"is_endless":false,"potions_floor_spawned":[2,8,10,14,19],"killed_by":"Cultist and Chosen","ascension_level":20}}