{"host":"hoz3ngw650fbea07","time":1612428354,"event":{"mods":["AchievementEnabler","BaseMod","CCEM2","Colored Map","Downfall","GifTheSpireLib","Minty Spire (QoL Compilation)","Permanent Neow","StSLib","Waifu the Spire"],"gold_per_floor":[99,118,218,228,245,245,245,263,263,277,377,388,399,232,250,250,250,250],"floor_reached":16,"language":"ENG","playtime":650,"items_purged":["hexamod:Strike"],"score":96,"play_id":"943cd940-3d9e-4063-809e-6f00e8c67545","local_time":"20210204014554","is_ascension_mode":false,"campfire_choices":[{"data":"hexamod:Sear","floor":1,"key":"SMITH"},{"data":"hexamod:FastForward","floor":6,"key":"SMITH"},{"data":"hexamod:CatchUp","floor":9,"key":"SMITH"}],"circlet_count":0,"master_deck":["hexamod:Strike+1","hexamod:Strike","hexamod:Strike+1","hexamod:Defend","hexamod:Defend","hexamod:Defend","hexamod:Defend","hexamod:Sear+1","hexamod:Float","hexamod:FastForward+1","hexamod:SpectersWail","hexamod:CatchUp+1","hexamod:FourthSeal","hexamod:SpectersWail","hexamod:FirstSeal","hexamod:SpectersWail"],"relics":["hexamod:SpiritBrand","CCEMRelics:SelfSharpeningBlade","Whetstone","downfall:GremlinWheel"],"acts_visited":["Exordium"],"potions_floor_usage":[8,11,11,12,14,15,16,16],"damage_taken":[{"damage":0,"enemies":"Small Slimes","floor":2,"turns":3},{"damage":1,"enemies":"Cultist","floor":4,"turns":3},{"damage":2,"enemies":"2 Louse","floor":5,"turns":4},{"damage":0,"enemies":"2 Fungi Beasts","floor":8,"turns":2},{"damage":0,"enemies":"Blue Slaver","floor":10,"turns":3},{"damage":12,"enemies":"Blue Slaver","floor":11,"turns":3},{"damage":4,"enemies":"3 Louse","floor":12,"turns":3},{"damage":11,"enemies":"Large Slime","floor":13,"turns":4},{"damage":0,"enemies":"downfall:FleeingMerchant","floor":14,"turns":4},{"damage":2,"enemies":"Blue Slaver","floor":15,"turns":3},{"damage":48,"enemies":"WA_ARCHETYPE_RETAIN","floor":16,"turns":5}],"seed_played":"1353797553101628273","potions_obtained":[{"floor":2,"key":"hexamod:InfernoChargePotion"},{"floor":8,"key":"Explosive Potion"},{"floor":10,"key":"Weak Potion"},{"floor":11,"key":"SteroidPotion"},{"floor":11,"key":"Fire Potion"},{"floor":13,"key":"bronze:BurnAndBuffPotion"},{"floor":14,"key":"ColorlessPotion"},{"floor":15,"key":"BlessingOfTheForge"},{"floor":15,"key":"champ:CounterPotion"}],"is_trial":false,"path_per_floor":["R","M","?","M","M","R","T","M","R","M","?","M","M","$","M","B"],"character_chosen":"THE_SPIRIT","items_purchased":["hexamod:FirstSeal"],"campfire_rested":0,"item_purchase_floors":[14],"current_hp_per_floor":[70,70,70,69,67,67,67,67,67,67,55,51,40,40,45,0,0,0],"gold":250,"neow_bonus":"RANDOM_COMMON_RELIC","is_daily":false,"chose_seed":false,"campfire_upgraded":3,"win_rate":0.0,"timestamp":1612428354,"path_taken":["R","M","?","M","M","R","T","M","R","M","?","?","M","?","M","BOSS"],"items_purchased_type":["Card"],"build_version":"2020-12-22","purchased_purges":1,"victory":false,"max_hp_per_floor":[70,70,70,70,70,70,70,70,70,70,70,70,70,70,70,70,70,70],"card_choices":[{"not_picked":["hexamod:RecurringNightmare","hexamod:HauntingEcho"],"picked":"hexamod:FastForward","floor":2},{"not_picked":["hexamod:ThermalTransfer","hexamod:GhostOfSpirePast","hexamod:GhostShield"],"picked":"SKIP","floor":4},{"not_picked":["hexamod:GhostOfSpirePast","hexamod:RecurringNightmare"],"picked":"hexamod:SpectersWail","floor":5},{"not_picked":["hexamod:FastForward","hexamod:GhostflameInferno"],"picked":"hexamod:CatchUp","floor":8},{"not_picked":["hexamod:ShieldOfDarkness","hexamod:BacktrackSmack"],"picked":"hexamod:FourthSeal","floor":10},{"not_picked":["hexamod:FastForward","hexamod:BurningTouch","hexamod:Hexaguard"],"picked":"SKIP","floor":12},{"not_picked":["hexamod:ShieldOfDarkness","hexamod:PowerFromBeyond","hexamod:Again"],"picked":"SKIP","floor":13},{"not_picked":["hexamod:NightmareGuise","hexamod:SkipABeat"],"picked":"hexamod:SpectersWail","floor":14},{"not_picked":["hexamod:GhostShield","hexamod:BacktrackSmack"],"picked":"hexamod:SpectersWail","floor":15}],"player_experience":131864,"relics_obtained":[{"floor":7,"key":"Whetstone"},{"floor":11,"key":"downfall:GremlinWheel"}],"event_choices":[],"is_beta":false,"boss_relics":[],"items_purged_floors":[14],"is_endless":false,"potions_floor_spawned":[2,8,10,11,15],"killed_by":"WA_ARCHETYPE_RETAIN","ascension_level":0}}