{"host":"h51tltv0izczgxti","time":1612408355,"event":{"mods":["2.2 Compatiblity","AchievementEnabler","Act Like it!","Aspiration","BaseMod","Beaked The Cultist","Better Altar","Better Match","Better Note","Better Sensory Stone","Better Skull","Better Third Choice","Better Vampires","BetterRewards","Clockwork Mod","Gensokyo","Halation","Hallownest","Hermit","HololiveMod","Hubris","Infinite Spire","Koishi","Mad Scientist","Magitek Elite","Marisa????????","Melee Mod","Minty Spire (QoL Compilation)","Pale of the Ancients","Poor People Problems","Prisma Mod","Random Character Button","Relic Filter Mod","Reliquary","Remilia??????","Replay The Spire","Retaliation","Robot Space Explorer","Shade Mod","Spicy Shops","Spire Arcade","StS++","StSLib","Strawberry Spire","The Animator","The Bug Knight","The Gatherer","The Kombatant","The Poker Player","The Servant 0.9.4","The Wild Card","TheBandit","WarShipGirlsR/????R mod","Yuyuko"],"gold_per_floor":[114,64,75,75,75,75,87,87,161,38,38,68,83,93,93,192,192,209,33,52,252,327,327,361,377,377,377,377,377,408,408,408,511,511,529,590,590,590,607,607,740,740,808,808,828,847,897,897,897,897,897],"floor_reached":50,"language":"ENG","playtime":2959,"items_purged":["Regret","Strike_B"],"score":853,"play_id":"61131eaf-475c-4507-95eb-55b607655d81","local_time":"20210203211235","is_ascension_mode":true,"campfire_choices":[{"data":"Zap","floor":6,"key":"SMITH"},{"data":"Double Energy","floor":8,"key":"SMITH"},{"data":"Redo","floor":15,"key":"SMITH"},{"floor":23,"key":"REST"},{"data":"Ghostly","floor":32,"key":"SMITH"},{"data":"Ghostly","floor":40,"key":"SMITH"},{"data":"Ghostly","floor":42,"key":"SMITH"},{"floor":44,"key":"RECALL"}],"circlet_count":0,"master_deck":["Strike_B","Defend_B","Defend_B","Defend_B","Zap+1","Dualcast","Streamline","Genetic Algorithm","Conserve Battery+1","Conserve Battery","Double Energy+1","Ball Lightning","Redo+1","Gash","Gash","Machine Learning","Self Repair","Coolheaded","meleeMod_WaveLand","PrismaMod:IllyaBoysLove","TheKombatant:pwrTarkatanRage","infinitespire:Oblivion","Glass Knife+1","StSpp:ChainedTrap","Dash","PrismaMod:ChloeDiscardRecovery+1","Ghostly+1","Ghostly","Ghostly","Ghostly+1","Ghostly+1","rmod:lastglory+1","animator:Raven","EndlessAdversity+1","hubris:Insight+1","Flying Knee","beaked:SacrificialScars+1","PrismaMod:IllyaCheapAttack","Footwork","Flex"],"relics":["Ring of the Snake","halation:PinkSoulGem","StSpp:SailingBoat","Letter Opener","infinitespire:Cubic Diamond","Strawberry","Gem_Box","PrismaticShard","Golden Egg","aspiration:VileToxins","halation:Prosthetics","hubris:GlazedTorus","Question Card","reliquary:BallBearing","aspiration:IroncladSkillbook","hubris:CrystalStatue","hubris:Icosahedron","War Paint","aspiration:HummingbirdHeart","Turnip","halation:PapillonHeart"],"acts_visited":["Exordium","TheCity","TheBeyond"],"potions_floor_usage":[16,16,24,50],"damage_taken":[{"damage":7,"enemies":"Jaw Worm","floor":1,"turns":2},{"damage":0,"enemies":"Small Slimes","floor":3,"turns":3},{"damage":0,"enemies":"Cultist","floor":7,"turns":3},{"damage":29,"enemies":"3 Sentries","floor":12,"turns":8},{"damage":0,"enemies":"2 Fungi Beasts","floor":13,"turns":3},{"damage":0,"enemies":"3 Louse","floor":14,"turns":2},{"damage":27,"enemies":"The Guardian","floor":16,"turns":10},{"damage":10,"enemies":"Spheric Guardian","floor":18,"turns":4},{"damage":8,"enemies":"2 Thieves","floor":20,"turns":4},{"damage":27,"enemies":"Slavers","floor":24,"turns":5},{"damage":11,"enemies":"3 Cultists","floor":25,"turns":5},{"damage":0,"enemies":"Replay:Snechameleon","floor":30,"turns":5},{"damage":17,"enemies":"Champ","floor":33,"turns":10},{"damage":0,"enemies":"3 Shapes","floor":35,"turns":5},{"damage":0,"enemies":"Orb Walker","floor":39,"turns":3},{"damage":0,"enemies":"Giant Head","floor":41,"turns":7},{"damage":17,"enemies":"Transient","floor":45,"turns":5},{"damage":0,"enemies":"Maw","floor":46,"turns":4},{"damage":18,"enemies":"Mind Bloom Boss Battle","floor":47,"turns":7},{"damage":26,"enemies":"infinitespire:MassOfShapes","floor":50,"turns":5}],"seed_played":"2918490681307485420","potions_obtained":[{"floor":3,"key":"StSpp:SecondWindPotion"},{"floor":12,"key":"SpeedPotion"},{"floor":13,"key":"Doom Potion"},{"floor":25,"key":"Cursed Concoction"},{"floor":30,"key":"FocusPotion"},{"floor":36,"key":"Ancient Potion"},{"floor":39,"key":"SteroidPotion"},{"floor":45,"key":"Strength Potion"}],"is_trial":false,"path_per_floor":["M","$","M","?","?","R","M","R","T","$","?","E","M","M","R","B",null,"M","$","M","?","?","R","E","M","T","AVR","T","?","E","?","R","B",null,"M","?","?","?","M","R","E","R","T","R","M","M","?","?","R","B"],"character_chosen":"DEFECT","items_purchased":["Conserve Battery","Ball Lightning","PrismaticShard","Coolheaded"],"campfire_rested":1,"item_purchase_floors":[2,10,19,19],"current_hp_per_floor":[61,61,61,61,61,61,61,61,61,61,61,39,39,39,39,12,65,55,55,47,47,39,63,43,39,39,39,39,39,46,23,23,13,21,23,23,23,23,23,23,23,23,23,23,16,20,19,19,19,0,0],"gold":897,"neow_bonus":"THREE_CARDS","is_daily":false,"chose_seed":false,"campfire_upgraded":6,"win_rate":0.0,"timestamp":1612408355,"path_taken":["M","$","M","?","?","R","?","R","T","$","?","E","M","M","R","BOSS","M","$","M","?","?","R","E","M","T","AVR","?","?","E","?","R","BOSS","M","?","?","?","M","R","E","R","T","R","?","?","?","?","R","BOSS"],"items_purchased_type":["Card","Card","Relic","Card"],"build_version":"2020-12-22","purchased_purges":2,"victory":false,"max_hp_per_floor":[75,75,75,75,75,75,75,75,75,75,75,82,82,82,82,82,82,82,82,82,82,82,82,82,82,82,47,47,47,47,23,23,23,23,23,23,23,23,23,23,23,23,23,23,29,29,35,33,33,39,39],"card_choices":[{"not_picked":["Sweeping Beam","Hologram"],"picked":"Streamline","floor":0},{"not_picked":["Glacier","Gash"],"picked":"Genetic Algorithm","floor":1},{"not_picked":["Leap","Go for the Eyes"],"picked":"Conserve Battery","floor":3},{"not_picked":["Gash","Skim"],"picked":"Double Energy","floor":7},{"not_picked":["Ball Lightning","Static Discharge"],"picked":"Redo","floor":12},{"not_picked":["Melter","Sweeping Beam"],"picked":"Gash","floor":13},{"not_picked":["BootSequence","hubris:PowerSurge"],"picked":"Gash","floor":14},{"not_picked":["StSpp:Saturation","Creative AI"],"picked":"Machine Learning","floor":16},{"not_picked":["Sweeping Beam","Redo+1"],"picked":"Self Repair","floor":18},{"not_picked":["wariomod:HastyRush","Read"],"picked":"meleeMod_WaveLand","floor":20},{"not_picked":["wariomod:BoomForm","theWildCard:CryOfAgony"],"picked":"PrismaMod:IllyaBoysLove","floor":24},{"not_picked":["Replay:AtTheReady","Gatherer:WoolGloves"],"picked":"TheKombatant:pwrTarkatanRage","floor":25},{"not_picked":["StSpp:Resilience","HollowMod:HerrahsAnger","Hololive_RevenueBasedLive"],"picked":"PrismaMod:ChloeDiscardRecovery","floor":30},{"not_picked":["TheKombatant:skillRestand","Metamorphosis","PrismaMod:ChloeAnyAttackTrace"],"picked":"rmod:lastglory","floor":33},{"not_picked":["Koishi:EmbryosDream+1","animator:PandorasActor+1","Death Dancing","animator:Shion"],"picked":"animator:Raven","floor":35},{"not_picked":["Prostrate","animator:Elsword+1","Gensokyo:SalamanderShield","wariomod:DiceyMove"],"picked":"EndlessAdversity+1","floor":36},{"not_picked":["Discovery+1","Trip+1","StSpp:Panic+1","Replay:Parry+1"],"picked":"hubris:Insight+1","floor":38},{"not_picked":["meleeMod_NoDI","beaked:Resilience+1","TimeWarp+1","animator:UneriGinkaku"],"picked":"Flying Knee","floor":39},{"not_picked":["ReplayTheSpireMod:Prepare the Ceremony+1","Hololive_Sequa+1","Koishi:FreudianInstinct+1","rmod:shuttlebombing+1"],"picked":"beaked:SacrificialScars","floor":41},{"not_picked":["hermit:SprayPray","Koishi:IdleWhim+1","Dash+1","Crippling Poison"],"picked":"PrismaMod:IllyaCheapAttack","floor":45},{"not_picked":["Conserve Battery","Sabotage","Barrage","Flame Barrier"],"picked":"Footwork","floor":46}],"player_experience":920219,"relics_obtained":[{"floor":9,"key":"Letter Opener"},{"floor":12,"key":"Strawberry"},{"floor":24,"key":"Golden Egg"},{"floor":26,"key":"aspiration:VileToxins"},{"floor":28,"key":"Question Card"},{"floor":30,"key":"reliquary:BallBearing"},{"floor":36,"key":"hubris:CrystalStatue"},{"floor":41,"key":"War Paint"},{"floor":43,"key":"aspiration:HummingbirdHeart"},{"floor":47,"key":"Turnip"}],"event_choices":[{"damage_healed":0,"gold_gain":0,"player_choice":"Box","damage_taken":0,"relics_obtained":["StSpp:SailingBoat"],"max_hp_gain":0,"max_hp_loss":0,"event_name":"Big Fish","floor":5,"gold_loss":0,"cards_obtained":["Regret"]},{"damage_healed":0,"gold_gain":200,"player_choice":"Gold","damage_taken":0,"max_hp_gain":0,"max_hp_loss":0,"event_name":"Wheel of Change","floor":21,"gold_loss":0},{"damage_healed":0,"gold_gain":75,"player_choice":"Touch","damage_taken":8,"max_hp_gain":0,"max_hp_loss":0,"event_name":"FaceTrader","floor":22,"gold_loss":0},{"damage_healed":0,"gold_gain":0,"player_choice":"Became a Ghost","damage_taken":0,"max_hp_gain":0,"max_hp_loss":24,"event_name":"Ghosts","floor":31,"gold_loss":0,"cards_obtained":["Ghostly","Ghostly","Ghostly","Ghostly","Ghostly"]},{"damage_healed":0,"gold_gain":0,"player_choice":"2","damage_taken":0,"max_hp_gain":0,"max_hp_loss":0,"event_name":"betterMatch:BetterMatch","floor":38,"gold_loss":0,"cards_obtained":["betterMatch:ColorlessUncommonCard"]},{"damage_healed":0,"gold_gain":0,"player_choice":"Fight","damage_taken":0,"max_hp_gain":0,"max_hp_loss":0,"event_name":"MindBloom","floor":47,"gold_loss":0}],"is_beta":false,"boss_relics":[{"not_picked":["strawberrySpire:Dictionifier","hubris:HollowSoul"],"picked":"Gem_Box"},{"not_picked":["Painkiller Herb","Replay:Grab Bag"],"picked":"aspiration:IroncladSkillbook"}],"items_purged_floors":[10,27],"is_endless":false,"potions_floor_spawned":[3,12,13,25,30,39,45],"killed_by":"infinitespire:MassOfShapes","ascension_level":6}}