{"host":"eeeqmyc7a1933jos","time":1612454489,"event":{"mods":["2.2 Compatiblity","Act Like it!","BaseMod","CapriCore","Colored Powertips","Conspire","Downfall","Elementarium","Friendly Minions","Gensokyo","GifTheSpireLib","Gremlin Mod","Hallownest","Hermit","Hubris","Infinite Spire","Jorbs\u0027s Wanderer Trilogy","Marisa????????","Mimic Mod","Minty Spire (QoL Compilation)","Pale of the Ancients","Random Character Button","Random Character Mod","Rare Cards Sparkle","Reimu??????","Relic Sorter","Relic Stats","SIMod","StSLib","The Administrix","The Bug Knight","The Disciple","The Dragon Tamer","The Hierophant","The Immortal","The Marked","The Mystic","The Runesmith","The Senshi","The Servant 0.9.4","The Vixen","TheFirefly","Wandering Minibosses"],"gold_per_floor":[101,116,131,131,45,60,85,115,115,130,130,145,160,38,53,153,153,153,168,183,198,198],"floor_reached":21,"language":"ENG","playtime":2247,"items_purged":[],"score":185,"play_id":"234831a1-6836-4aa5-9960-1cc9c7f1b1b5","local_time":"20210204170129","daily_mods":["Draft","downfall:Jewelcrafting","downfall:Hexed"],"is_ascension_mode":false,"campfire_choices":[{"data":"AdministrixMod:SealAway","floor":11.0,"key":"SMITH"},{"data":"AdministrixMod:StarSwordSoul","floor":18.0,"key":"SMITH"}],"circlet_count":0,"master_deck":["Guardian:ExploitGems","Guardian:ExploitGems","AdministrixMod:RegentEdict","AdministrixMod:PlateOfAntiquity","AdministrixMod:PlateOfAntiquity","AdministrixMod:GuanyinBlessing","AdministrixMod:Transition","AdministrixMod:RebukeDesires","AdministrixMod:TouchOfCinnabar","AdministrixMod:GuanyinBlessing","AdministrixMod:RegentEdict","AdministrixMod:ExtolVirtue","AdministrixMod:CenturiesAscent","AdministrixMod:RisingSunPrince","AdministrixMod:SealAway+1","AdministrixMod:DreamsMausoleum","AdministrixMod:MixOfMercury","AdministrixMod:Transition","AdministrixMod:SipOfSparks","Injury","AdministrixMod:DreamsMausoleum","AdministrixMod:QuietConspiracy","AdministrixMod:ExtolVirtue","AdministrixMod:StarSwordSoul+1","Gensokyo:LockedMedkit","AdministrixMod:BloodlessSapphire","AdministrixMod:HaveItAll","AdministrixMod:TouchOfCinnabar+1"],"relics":["AdministrixMod:ConductorRitualBaton","Guardian:PickAxe","Velvet Choker","Pear","Omamori","hubris:CrystalStatue","expansioncontent:StudyCardRelic"],"acts_visited":["Exordium","TheCity"],"potions_floor_usage":[],"damage_taken":[{"damage":3.0,"enemies":"Gensokyo:2_Kodama","floor":2.0,"turns":4.0},{"damage":7.0,"enemies":"Gensokyo:Gryphon","floor":3.0,"turns":4.0},{"damage":0.0,"enemies":"downfall:FleeingMerchant","floor":5.0,"turns":4.0},{"damage":2.0,"enemies":"Gensokyo:3_Fairies","floor":6.0,"turns":4.0},{"damage":29.0,"enemies":"Gensokyo:Aya","floor":8.0,"turns":5.0},{"damage":6.0,"enemies":"Gensokyo:2_Rabbits","floor":10.0,"turns":4.0},{"damage":0.0,"enemies":"Gensokyo:Gryphon_and_Rabbit","floor":12.0,"turns":5.0},{"damage":3.0,"enemies":"Gensokyo:3_Kodama","floor":13.0,"turns":3.0},{"damage":0.0,"enemies":"Gensokyo:LivingMonolith","floor":15.0,"turns":3.0},{"damage":10.0,"enemies":"DF_ARCHETYPE_STREAMLINE","floor":16.0,"turns":10.0},{"damage":5.0,"enemies":"Spheric Guardian","floor":19.0,"turns":6.0},{"damage":8.0,"enemies":"Centurion and Healer","floor":20.0,"turns":6.0},{"damage":1.0,"enemies":"Cultist and Chosen","floor":21.0,"turns":6.0}],"seed_played":"4031875728642390749","potions_obtained":[{"floor":3.0,"key":"Fire Potion"},{"floor":8.0,"key":"hexamod:SoulburnPotion"},{"floor":12.0,"key":"AttackPotion"},{"floor":13.0,"key":"FairyPotion"},{"floor":16.0,"key":"AttackPotion"}],"is_trial":false,"path_per_floor":["R","M","M","?","$","M","T","E","R","M","R","M","M","COS","M","B",null,"R","M","M","M"],"character_chosen":"TheAdministrix","items_purchased":["AdministrixMod:DreamsMausoleum"],"campfire_rested":0,"item_purchase_floors":[5],"current_hp_per_floor":[65,62,55,65,65,63,63,34,34,28,28,28,25,25,25,15,75,75,70,66,69,69],"gold":198,"neow_bonus":"","is_daily":true,"chose_seed":false,"campfire_upgraded":2,"win_rate":0.0,"timestamp":1612454489,"path_taken":["R","M","?","?","?","M","T","E","R","M","R","?","M","COS","M","BOSS","R","M","M","M"],"items_purchased_type":["Card"],"build_version":"2020-12-22","purchased_purges":0,"victory":false,"max_hp_per_floor":[65,65,65,75,75,75,75,75,75,75,75,75,75,75,75,75,75,75,75,75,75,75],"relic_stats":{"counters":[13,64],"obtain_stats":[{"Guardian:PickAxe":0,"Pear":4,"hubris:CrystalStatue":8,"Velvet Choker":0,"AdministrixMod:ConductorRitualBaton":0,"Omamori":7,"expansioncontent:StudyCardRelic":17},{"Guardian:PickAxe":0,"Pear":2,"hubris:CrystalStatue":5,"Velvet Choker":0,"AdministrixMod:ConductorRitualBaton":0,"Omamori":4,"expansioncontent:StudyCardRelic":10},{"Guardian:PickAxe":0,"Pear":8,"hubris:CrystalStatue":21,"Velvet Choker":0,"AdministrixMod:ConductorRitualBaton":0,"Omamori":16,"expansioncontent:StudyCardRelic":46}]},"card_choices":[{"not_picked":["AdministrixMod:ShadowPlay","AdministrixMod:ImmortalGrace"],"picked":"AdministrixMod:RegentEdict","floor":0.0},{"not_picked":["AdministrixMod:ShadowPlay","AdministrixMod:QuietConspiracy"],"picked":"AdministrixMod:PlateOfAntiquity","floor":0.0},{"not_picked":["AdministrixMod:TrickOfTheLight","AdministrixMod:DiversionaryTactic"],"picked":"AdministrixMod:PlateOfAntiquity","floor":0.0},{"not_picked":["AdministrixMod:TrickOfTheLight","AdministrixMod:Metempsychosis"],"picked":"AdministrixMod:GuanyinBlessing","floor":0.0},{"not_picked":["AdministrixMod:QuietConspiracy","AdministrixMod:RebukeDesires"],"picked":"AdministrixMod:Transition","floor":0.0},{"not_picked":["AdministrixMod:HarmonicReverence","AdministrixMod:PassageOfAges"],"picked":"AdministrixMod:RebukeDesires","floor":0.0},{"not_picked":["AdministrixMod:Convergence","AdministrixMod:ImmortalGrace"],"picked":"AdministrixMod:TouchOfCinnabar","floor":0.0},{"not_picked":["AdministrixMod:FiendishCrimson","AdministrixMod:HiddenPower"],"picked":"AdministrixMod:GuanyinBlessing","floor":0.0},{"not_picked":["AdministrixMod:Transition","AdministrixMod:DiversionaryTactic"],"picked":"AdministrixMod:RegentEdict","floor":0.0},{"not_picked":["AdministrixMod:ShadowPlay","AdministrixMod:PassageOfAges"],"picked":"AdministrixMod:ExtolVirtue","floor":0.0},{"not_picked":["AdministrixMod:PassageOfAges","AdministrixMod:RebukeDesires"],"picked":"AdministrixMod:CenturiesAscent","floor":0.0},{"not_picked":["AdministrixMod:ShadowPlay","AdministrixMod:LightOfYourLife"],"picked":"AdministrixMod:RisingSunPrince","floor":0.0},{"not_picked":["AdministrixMod:TouchOfCinnabar","AdministrixMod:ShadowPlay"],"picked":"AdministrixMod:SealAway","floor":0.0},{"not_picked":["AdministrixMod:TrickOfTheLight","AdministrixMod:ImmortalGrace"],"picked":"AdministrixMod:DreamsMausoleum","floor":0.0},{"not_picked":["AdministrixMod:ImmortalGrace","AdministrixMod:RebukeDesires"],"picked":"AdministrixMod:MixOfMercury","floor":0.0},{"not_picked":["AdministrixMod:SyncreticSurge","AdministrixMod:QuietConspiracy"],"picked":"AdministrixMod:Transition","floor":2.0},{"not_picked":["AdministrixMod:NoblePath","AdministrixMod:SyncreticSurge"],"picked":"AdministrixMod:SipOfSparks","floor":3.0},{"not_picked":["AdministrixMod:Transition","AdministrixMod:ShadowPlay","AdministrixMod:DiversionaryTactic"],"picked":"SKIP","floor":5.0},{"not_picked":["AdministrixMod:BloodBargain","AdministrixMod:ImmortalGrace","AdministrixMod:Convergence"],"picked":"SKIP","floor":6.0},{"not_picked":["AdministrixMod:NoblePath","AdministrixMod:SeventeenArticleLaser","AdministrixMod:LuminaryPath"],"picked":"SKIP","floor":8.0},{"not_picked":["AdministrixMod:CenturiesAscent","AdministrixMod:FuneraryRites"],"picked":"AdministrixMod:QuietConspiracy","floor":10.0},{"not_picked":["AdministrixMod:DiversionaryTactic","AdministrixMod:ArmillarySphere"],"picked":"AdministrixMod:ExtolVirtue","floor":12.0},{"not_picked":["AdministrixMod:ImmortalGrace","AdministrixMod:CrackingPangu"],"picked":"AdministrixMod:StarSwordSoul","floor":13.0},{"not_picked":["AdministrixMod:TrickOfTheLight","AdministrixMod:RebukeDesires"],"picked":"AdministrixMod:BloodlessSapphire","floor":15.0},{"not_picked":["AdministrixMod:ImmortalClarity","AdministrixMod:BrewingCloister"],"picked":"AdministrixMod:HaveItAll","floor":16.0},{"not_picked":["AdministrixMod:DiversionaryTactic+1","AdministrixMod:RebukeDesires","AdministrixMod:CrackingPangu"],"picked":"SKIP","floor":19.0},{"not_picked":["AdministrixMod:SeventeenArticleLaser+1","AdministrixMod:QuietConspiracy"],"picked":"AdministrixMod:TouchOfCinnabar+1","floor":20.0}],"player_experience":1645248,"relics_obtained":[{"floor":7.0,"key":"Omamori"},{"floor":8.0,"key":"hubris:CrystalStatue"}],"event_choices":[],"is_beta":false,"boss_relics":[{"not_picked":["infinitespire:Cupcake","RedLine:ReiMu"],"picked":"expansioncontent:StudyCardRelic"}],"items_purged_floors":[],"is_endless":false,"potions_floor_spawned":[3,8,12,13,16,19],"killed_by":"Cultist and Chosen","ascension_level":0}}