{"host":"at5iok8t9zvyuazy","time":1612419874,"event":{"mods":["Act Like it!","BaseMod","Better Third Choice","Downfall","Hallownest","Minty Spire (QoL Compilation)","Replay The Spire","StSLib"],"gold_per_floor":[99,111,126,126,126,138,138,48,48,66,66,66,66],"floor_reached":11,"language":"ENG","playtime":600,"items_purged":["downfall:Malfunctioning"],"score":63,"play_id":"d534d928-8ba0-4612-af39-3650a37ba0ae","local_time":"20210204002434","is_ascension_mode":false,"campfire_choices":[{"data":"bronze:AlphaBuild","floor":1,"key":"SMITH"},{"data":"bronze:MaxOutput","floor":9,"key":"SMITH"}],"circlet_count":0,"master_deck":["bronze:Strike","bronze:Strike+1","bronze:Strike","bronze:Strike","bronze:Defend","bronze:Defend","bronze:Defend","bronze:Defend+1","bronze:Replicate","bronze:Goto+1","bronze:AlphaBuild+1","bronze:MaxOutput+1","bronze:Iterate"],"relics":["bronze:BronzeCore","Replay:Bottled Flurry"],"acts_visited":["Exordium"],"potions_floor_usage":[10],"damage_taken":[{"damage":6,"enemies":"Jaw Worm","floor":2,"turns":3},{"damage":0,"enemies":"2 Louse","floor":3,"turns":1},{"damage":6,"enemies":"Cultist","floor":6,"turns":3},{"damage":1,"enemies":"downfall:FleeingMerchant","floor":8,"turns":4},{"damage":9,"enemies":"Large Slime","floor":10,"turns":5},{"damage":36,"enemies":"3 Sentries","floor":11,"turns":6}],"seed_played":"-8957209630456596908","potions_obtained":[{"floor":6,"key":"LiquidBronze"},{"floor":10,"key":"Fruit Juice"}],"is_trial":false,"path_per_floor":["R","M","M","?","?","M","T","$","R","M","E"],"character_chosen":"THE_AUTOMATON","items_purchased":[],"campfire_rested":0,"item_purchase_floors":[],"current_hp_per_floor":[70,64,64,64,64,58,58,57,57,53,17,17,17],"gold":66,"neow_bonus":"ONE_RANDOM_RARE_CARD","is_daily":false,"chose_seed":false,"campfire_upgraded":2,"win_rate":0.0,"timestamp":1612419874,"path_taken":["R","M","M","?","?","M","T","$","R","M","E"],"items_purchased_type":[],"build_version":"2020-12-22","purchased_purges":1,"victory":false,"max_hp_per_floor":[70,70,70,70,70,70,70,70,70,75,75,75,75],"card_choices":[{"not_picked":["bronze:Iterate","bronze:Shield"],"picked":"bronze:MaxOutput","floor":2},{"not_picked":["bronze:Shield","bronze:FineTuning"],"picked":"bronze:Iterate","floor":3},{"not_picked":["bronze:BugBarrage","bronze:BuggyMess","bronze:DelayedSlice"],"picked":"SKIP","floor":6},{"not_picked":["bronze:Turbo","bronze:ItsAFeature","bronze:Repulsor"],"picked":"SKIP","floor":8},{"not_picked":["bronze:Return","bronze:FineTuning","bronze:Optimize"],"picked":"SKIP","floor":10},{"not_picked":["bronze:Return","bronze:FineTuning","bronze:Optimize"],"picked":"SKIP","floor":10}],"player_experience":1014934,"relics_obtained":[{"floor":7,"key":"Replay:Bottled Flurry"}],"event_choices":[],"is_beta":false,"boss_relics":[],"items_purged_floors":[8],"is_endless":false,"potions_floor_spawned":[6,10],"killed_by":"3 Sentries","ascension_level":0}}