{"host":"v4tuy5ykrbdcm9o9","time":1612454923,"event":{"mods":["BaseMod","Duelist Mod","Minty Spire (QoL Compilation)","Replay The Spire","StSLib"],"gold_per_floor":[14,27,27,41,4,31,31,56,101,117,130,142,168,185,185,289,289,309,359,369,369,388,388,388],"floor_reached":23,"language":"ENG","playtime":2444,"items_purged":[],"score":324,"play_id":"820b89a5-e40c-4520-9ca3-8927fb00faf4","local_time":"20210204110843","is_ascension_mode":true,"campfire_choices":[{"floor":15,"key":"REST"}],"circlet_count":0,"master_deck":["Strike_B+1","Strike_B+1","Strike_B+1","Strike_B+1","Defend_B","Defend_B","Defend_B","Zap","Dualcast","Crow Ritual+1","Rip and Tear","Compile Driver","Conserve Battery","Sunder","Auto Shields","Steam","Hologram","Go for the Eyes","Rebound","Gash","Panic Button","ReplayTheSpireMod:Omega Cannon","Coolheaded","Conserve Battery","Pain","Gash"],"relics":["Cracked Core","Replay:Bottled Eggs","Vajra","Anchor","Honey Jar","WarpedTongs"],"acts_visited":["Exordium","TheCity"],"potions_floor_usage":[13,13,13],"damage_taken":[{"damage":6,"enemies":"Jaw Worm","floor":1,"turns":4},{"damage":0,"enemies":"Cultist","floor":2,"turns":2},{"damage":8,"enemies":"2 Louse","floor":4,"turns":2},{"damage":20,"enemies":"3 Sentries","floor":6,"turns":5},{"damage":16,"enemies":"Gremlin Nob","floor":8,"turns":4},{"damage":1,"enemies":"Red Slaver","floor":10,"turns":3},{"damage":0,"enemies":"2 Fungi Beasts","floor":11,"turns":2},{"damage":0,"enemies":"Gremlin Gang","floor":12,"turns":3},{"damage":0,"enemies":"Lagavulin","floor":13,"turns":6},{"damage":0,"enemies":"3 Louse","floor":14,"turns":3},{"damage":28,"enemies":"Slime Boss","floor":16,"turns":10},{"damage":0,"enemies":"3 Byrds","floor":18,"turns":4},{"damage":1,"enemies":"2 Thieves","floor":20,"turns":2},{"damage":12,"enemies":"Centurion and Healer","floor":22,"turns":6},{"damage":54,"enemies":"Slavers","floor":23,"turns":3}],"seed_played":"3751881409358586167","potions_obtained":[{"floor":2,"key":"CultistPotion"},{"floor":8,"key":"SkillPotion"},{"floor":11,"key":"SneckoOil"},{"floor":13,"key":"Death Potion"}],"is_trial":false,"path_per_floor":["M","M","?","M","$","E","?","E","T","M","M","M","E","M","R","B",null,"M","?","M","?","M","E"],"character_chosen":"DEFECT","items_purchased":["Sunder"],"campfire_rested":1,"item_purchase_floors":[5],"current_hp_per_floor":[62,62,62,54,54,34,34,18,18,17,17,17,17,17,39,11,59,59,59,58,58,46,0,0],"gold":388,"neow_bonus":"RANDOM_COLORLESS_2","is_daily":false,"chose_seed":false,"campfire_upgraded":0,"win_rate":0.0,"timestamp":1612454923,"path_taken":["M","M","?","?","$","E","?","E","T","?","M","M","E","M","R","BOSS","M","?","?","?","M","E"],"items_purchased_type":["Card"],"build_version":"2020-12-22","purchased_purges":0,"victory":false,"max_hp_per_floor":[75,75,75,75,75,75,75,75,75,75,75,75,75,75,75,75,75,75,75,75,75,75,75,75],"card_choices":[{"not_picked":["Magnetism","HandOfGreed"],"picked":"Crow Ritual","floor":0},{"not_picked":["ReplayTheSpireMod:Repulse","Capacitor"],"picked":"Rip and Tear","floor":1},{"not_picked":["Panic Button","Barrage"],"picked":"Compile Driver","floor":2},{"not_picked":["Static Discharge","Beam Cell"],"picked":"Conserve Battery","floor":4},{"not_picked":["Meteor Strike","ReplaySolidLightProjector"],"picked":"Auto Shields","floor":6},{"not_picked":["Barrage","Conserve Battery"],"picked":"Steam","floor":8},{"not_picked":["Streamline","Redo"],"picked":"Hologram","floor":10},{"not_picked":["BasicCrystalCard","Redo"],"picked":"Go for the Eyes","floor":11},{"not_picked":["Panic Button","Loop"],"picked":"Rebound","floor":12},{"not_picked":["Force Field","Loop"],"picked":"Gash","floor":13},{"not_picked":["BasicCrystalCard","Crystallizer"],"picked":"Panic Button","floor":14},{"not_picked":["Mirror Shield","Machine Learning"],"picked":"ReplayTheSpireMod:Omega Cannon","floor":16},{"not_picked":["Barrage","Cold Snap","Redo"],"picked":"Coolheaded","floor":18},{"not_picked":["Steam","Blizzard","Compile Driver"],"picked":"Conserve Battery","floor":20},{"not_picked":["Conserve Battery+1","Glacier","BasicCrystalCard"],"picked":"Gash","floor":22}],"player_experience":767390,"relics_obtained":[{"floor":6,"key":"Replay:Bottled Eggs"},{"floor":8,"key":"Vajra"},{"floor":13,"key":"Anchor"}],"event_choices":[{"damage_healed":0,"gold_gain":0,"player_choice":"Upgraded","damage_taken":0,"max_hp_gain":0,"max_hp_loss":0,"event_name":"Upgrade Shrine","floor":3,"gold_loss":0,"cards_upgraded":["Crow Ritual"]},{"cards_removed":["Defend_B"],"damage_healed":0,"gold_gain":0,"player_choice":"Offered Basic","damage_taken":0,"max_hp_gain":0,"max_hp_loss":0,"event_name":"Bonfire Elementals","floor":7,"gold_loss":0},{"damage_healed":0,"gold_gain":100,"player_choice":"Bet on Murderer","damage_taken":0,"max_hp_gain":0,"max_hp_loss":0,"event_name":"The Joust","floor":19,"gold_loss":50},{"damage_healed":0,"gold_gain":0,"player_choice":"Rummage","damage_taken":0,"relics_obtained":["WarpedTongs"],"max_hp_gain":0,"max_hp_loss":0,"event_name":"Accursed Blacksmith","floor":21,"gold_loss":0,"cards_obtained":["Pain"]}],"is_beta":false,"boss_relics":[{"not_picked":["SacredBark","FrozenCore"],"picked":"Honey Jar"}],"items_purged_floors":[],"is_endless":false,"potions_floor_spawned":[2,8,11,13],"killed_by":"Slavers","ascension_level":7}}