{"host":"v4tuy5ykrbdcm9o9","time":1612399821,"event":{"mods":["BaseMod","Duelist Mod","Minty Spire (QoL Compilation)","Replay The Spire","StSLib"],"gold_per_floor":[110,75,93,93,103,131,131,142,142,154,179,179,179,179],"floor_reached":13,"language":"ENG","playtime":776,"items_purged":[],"score":128,"play_id":"2864f43b-73fa-4286-9bf8-9cc8d73cf199","local_time":"20210203195021","is_ascension_mode":true,"campfire_choices":[{"floor":7,"key":"RECALL"}],"circlet_count":0,"master_deck":["Strike_B","Strike_B","Strike_B","Strike_B","Defend_B","Defend_B","Defend_B","Defend_B","Zap","Dualcast","Gash","Beam Cell","Turbo","Rebound","Darkness","Redo","Leap"],"relics":["Cracked Core","Nunchaku","Replay:WaspNest"],"acts_visited":["Exordium"],"potions_floor_usage":[6],"damage_taken":[{"damage":2,"enemies":"Jaw Worm","floor":1,"turns":3},{"damage":0,"enemies":"Small Slimes","floor":3,"turns":3},{"damage":2,"enemies":"2 Louse","floor":5,"turns":2},{"damage":20,"enemies":"Lagavulin","floor":6,"turns":7},{"damage":14,"enemies":"Red Slaver","floor":8,"turns":3},{"damage":7,"enemies":"Looter","floor":10,"turns":3},{"damage":25,"enemies":"Gremlin Nob","floor":11,"turns":4},{"damage":11,"enemies":"Lagavulin","floor":13,"turns":5}],"seed_played":"-6745985036749016600","potions_obtained":[{"floor":5,"key":"Weak Potion"},{"floor":6,"key":"Ancient Potion"},{"floor":10,"key":"LiquidBronze"}],"is_trial":false,"path_per_floor":["M","?","M","?","M","E","R","M","T","M","E","?","E"],"character_chosen":"DEFECT","items_purchased":[],"campfire_rested":0,"item_purchase_floors":[],"current_hp_per_floor":[73,82,82,82,80,60,60,46,46,39,14,14,3,3],"gold":179,"neow_bonus":"TEN_PERCENT_HP_BONUS","is_daily":false,"chose_seed":false,"campfire_upgraded":0,"win_rate":0.0,"timestamp":1612399821,"path_taken":["M","?","M","?","M","E","R","M","T","M","E","?","E"],"items_purchased_type":[],"build_version":"2020-12-22","purchased_purges":0,"victory":false,"max_hp_per_floor":[82,82,82,82,82,82,82,82,82,82,82,82,82,82],"card_choices":[{"not_picked":["Conserve Battery","Turbo"],"picked":"Gash","floor":1},{"not_picked":["Compile Driver","Coolheaded"],"picked":"Beam Cell","floor":3},{"not_picked":["Coolheaded","Time Bomb"],"picked":"Turbo","floor":5},{"not_picked":["Go for the Eyes","Meteor Strike"],"picked":"Rebound","floor":6},{"not_picked":["Recycle","Turbo"],"picked":"Darkness","floor":8},{"not_picked":["ReplayTheSpireMod:Calculation Training","Reinforced Body"],"picked":"Redo","floor":10},{"not_picked":["Stack","Undo"],"picked":"Leap","floor":11}],"player_experience":759774,"relics_obtained":[{"floor":6,"key":"Nunchaku"},{"floor":11,"key":"Replay:WaspNest"}],"event_choices":[{"damage_healed":20,"gold_gain":0,"player_choice":"Healed","damage_taken":0,"max_hp_gain":0,"max_hp_loss":0,"event_name":"The Cleric","floor":2,"gold_loss":35},{"damage_healed":0,"gold_gain":0,"player_choice":"Ignored","damage_taken":0,"max_hp_gain":0,"max_hp_loss":0,"event_name":"Golden Wing","floor":4,"gold_loss":0},{"damage_healed":0,"gold_gain":0,"player_choice":"Fled","damage_taken":0,"max_hp_gain":0,"max_hp_loss":0,"event_name":"Scrap Ooze","floor":12,"gold_loss":0}],"is_beta":false,"boss_relics":[],"items_purged_floors":[],"is_endless":false,"potions_floor_spawned":[5,6,10],"killed_by":"Lagavulin","ascension_level":7}}