{"host":"yans4pr1zf0lm9bx","time":1612477900,"event":{"mods":["AchievementEnabler","BaseMod","Downfall","Minty Spire (QoL Compilation)","StSLib","SuperFastMode","slay the spire mod where everything is the same but ironclad has a cowboy hat"],"gold_per_floor":[99,118,148,167,167,179,179,15,34,54,54,54,54,66,83,83,83,83],"floor_reached":16,"language":"ENG","playtime":1015,"items_purged":["Parasite"],"score":97,"play_id":"602c1f5e-bacb-4edc-80f6-09f524f143d8","local_time":"20210204173140","is_ascension_mode":true,"campfire_choices":[{"data":"bronze:Goto","floor":1,"key":"SMITH"},{"data":"bronze:GetLatest","floor":13,"key":"SMITH"}],"circlet_count":0,"master_deck":["bronze:Strike","bronze:Defend","bronze:Defend","bronze:Defend","bronze:Defend","bronze:Replicate","bronze:Goto+1","bronze:Turbo","bronze:DelayedSlice","bronze:TinkerersToolbox","bronze:Frontload","bronze:NullPointer","bronze:BuggyMess","bronze:CutThrough","bronze:Terminator","bronze:CutThrough","bronze:BuggyMess","bronze:Spike","bronze:GetLatest+1","bronze:ClassDefault","bronze:FollowUp"],"relics":["bronze:BronzeCore","Ornamental Fan","Odd Mushroom"],"acts_visited":["Exordium"],"potions_floor_usage":[14],"damage_taken":[{"damage":0,"enemies":"Jaw Worm","floor":2,"turns":6},{"damage":1,"enemies":"Cultist","floor":4,"turns":4},{"damage":0,"enemies":"Small Slimes","floor":6,"turns":2},{"damage":0,"enemies":"downfall:FleeingMerchant","floor":8,"turns":4},{"damage":8,"enemies":"Blue Slaver","floor":9,"turns":3},{"damage":5,"enemies":"The Mushroom Lair","floor":10,"turns":4},{"damage":12,"enemies":"The Mushroom Lair","floor":12,"turns":4},{"damage":0,"enemies":"3 Louse","floor":14,"turns":2},{"damage":0,"enemies":"Exordium Thugs","floor":15,"turns":4},{"damage":52,"enemies":"IC_STATUS_ARCHETYPE","floor":16,"turns":10}],"seed_played":"7349001337163859381","potions_obtained":[{"floor":2,"key":"ColorlessPotion"},{"floor":9,"key":"Fire Potion"},{"floor":12,"key":"bronze:FreeFunctionsPotion"},{"floor":14,"key":"DistilledChaos"}],"is_trial":false,"path_per_floor":["R","M","?","M","?","M","T","$","M","?","T","?","R","M","M","B"],"character_chosen":"THE_AUTOMATON","items_purchased":["bronze:Terminator"],"campfire_rested":0,"item_purchase_floors":[8],"current_hp_per_floor":[77,77,77,76,76,76,76,74,66,61,61,49,49,49,49,0,0,0],"gold":83,"neow_bonus":"TEN_PERCENT_HP_BONUS","is_daily":false,"chose_seed":false,"campfire_upgraded":2,"win_rate":0.0,"timestamp":1612477900,"path_taken":["R","M","?","M","?","M","T","$","?","?","?","?","R","M","M","BOSS"],"items_purchased_type":["Card"],"build_version":"2020-12-22","purchased_purges":1,"victory":false,"max_hp_per_floor":[77,77,77,77,77,77,77,74,74,74,74,74,74,74,74,74,74,74],"card_choices":[{"not_picked":["bronze:WhirlingStrike","bronze:Deprecate"],"picked":"bronze:Turbo","floor":2},{"not_picked":["bronze:Separator","bronze:Turbo"],"picked":"bronze:DelayedSlice","floor":4},{"not_picked":["bronze:NullPointer","bronze:Constructor"],"picked":"bronze:BuggyMess","floor":6},{"not_picked":["bronze:DelayedGuard","bronze:BurnOut"],"picked":"bronze:CutThrough","floor":8},{"not_picked":["bronze:WildBeam","bronze:Deprecate"],"picked":"bronze:CutThrough","floor":9},{"not_picked":["bronze:GetLatest","bronze:BugBarrage"],"picked":"bronze:BuggyMess","floor":10},{"not_picked":[],"picked":"bronze:Spike","floor":12},{"not_picked":["bronze:Shield","bronze:Constructor"],"picked":"bronze:GetLatest","floor":12},{"not_picked":["bronze:Refactor","bronze:FollowUp"],"picked":"bronze:ClassDefault","floor":14},{"not_picked":["bronze:DarkDash","bronze:Separator"],"picked":"bronze:FollowUp","floor":15}],"player_experience":343068,"relics_obtained":[{"floor":7,"key":"Ornamental Fan"},{"floor":10,"key":"Odd Mushroom"}],"event_choices":[{"damage_healed":0,"gold_gain":0,"player_choice":"Fought Mushrooms","damage_taken":0,"max_hp_gain":0,"max_hp_loss":0,"event_name":"Mushrooms","floor":10,"gold_loss":0}],"is_beta":false,"boss_relics":[],"items_purged_floors":[8],"is_endless":false,"potions_floor_spawned":[2,9,12,14,15],"killed_by":"IC_STATUS_ARCHETYPE","ascension_level":1}}