{"host":"gzk4gkgy3zij1c51","time":1612402723,"event":{"mods":["BaseMod","Colored Map","Downfall","Highlight Path","Marked Mod","Minty Spire (QoL Compilation)","Relic Stats","StSLib","everything is the same but u backflip on backflip"],"gold_per_floor":[0,10,27,27,40,40,40,59,59,78,253,353,7,32,48,48,48,48],"floor_reached":16,"language":"ENG","playtime":798,"items_purged":["Doubt"],"score":153,"play_id":"753976f5-fc09-408a-bd45-265ec00fb90c","local_time":"20210204013843","is_ascension_mode":true,"campfire_choices":[{"data":"champ:Taunt","floor":1,"key":"SMITH"},{"data":"champ:StrikeOfGenius","floor":6,"key":"SMITH"},{"floor":9,"key":"RECALL"}],"circlet_count":0,"master_deck":["champ:Strike","champ:Strike","champ:Strike","champ:Strike","champ:Defend","champ:Defend","champ:Defend","champ:Defend","champ:Execute","champ:Taunt+1","champ:DancingMaster","champ:IronFortress","champ:GutPunch","champ:StrikeOfGenius+1","champ:CalledShot","champ:BerserkersShout","champ:ArenaPreparation","champ:HoldFirm","champ:FlashCut","champ:ShieldWall","champ:ShieldSigil","champ:BringItOn"],"relics":["champ:ChampionCrown","Pear","champ:DuelingGlove"],"acts_visited":["Exordium"],"potions_floor_usage":[13,13,16,16],"damage_taken":[{"damage":14,"enemies":"Small Slimes","floor":2,"turns":4},{"damage":25,"enemies":"Jaw Worm","floor":3,"turns":6},{"damage":28,"enemies":"2 Louse","floor":5,"turns":4},{"damage":17,"enemies":"Blue Slaver","floor":8,"turns":4},{"damage":35,"enemies":"3 Louse","floor":10,"turns":4},{"damage":40,"enemies":"downfall:FleeingMerchant","floor":13,"turns":4},{"damage":58,"enemies":"Lagavulin","floor":14,"turns":5},{"damage":41,"enemies":"Lots of Slimes","floor":15,"turns":4},{"damage":37,"enemies":"DF_ARCHETYPE_STREAMLINE","floor":16,"turns":4}],"seed_played":"-4677283346657518397","potions_obtained":[{"floor":5,"key":"hexamod:SoulburnPotion"},{"floor":10,"key":"PowerPotion"},{"floor":14,"key":"Strength Potion"},{"floor":15,"key":"ColorlessPotion"}],"is_trial":false,"path_per_floor":["R","M","M","?","M","R","T","M","R","M","?","?","$","E","M","B"],"character_chosen":"THE_CHAMP","items_purchased":["champ:HoldFirm","champ:FlashCut","champ:ShieldWall"],"campfire_rested":0,"item_purchase_floors":[13,13,13],"current_hp_per_floor":[90,86,81,91,78,78,88,81,81,71,71,71,71,58,32,0,0,0],"gold":48,"neow_bonus":"THREE_RARE_CARDS","is_daily":false,"chose_seed":false,"campfire_upgraded":2,"win_rate":0.0,"timestamp":1612402723,"path_taken":["R","M","M","?","M","R","T","M","R","M","?","?","$","E","M","BOSS"],"items_purchased_type":["Card","Card","Card"],"build_version":"2020-12-22","purchased_purges":1,"victory":false,"max_hp_per_floor":[90,90,90,100,100,100,110,110,110,110,110,110,110,110,110,110,110,110],"relic_stats":{"counters":[9,39],"obtain_stats":[{"champ:DuelingGlove":14,"Pear":7,"champ:ChampionCrown":0},{"champ:DuelingGlove":7,"Pear":3,"champ:ChampionCrown":0},{"champ:DuelingGlove":31,"Pear":14,"champ:ChampionCrown":0}]},"card_choices":[{"not_picked":["champ:CheapShot","champ:EnchantSword"],"picked":"champ:DancingMaster","floor":0},{"not_picked":["champ:Backstep","champ:RapidStrikes"],"picked":"champ:IronFortress","floor":2},{"not_picked":["champ:BerserkersShout","champ:GladiatorStyle"],"picked":"champ:GutPunch","floor":3},{"not_picked":["champ:BringItOn","champ:DefensiveShout"],"picked":"champ:StrikeOfGenius","floor":5},{"not_picked":["champ:DeathBlow","champ:CrownThrow"],"picked":"champ:CalledShot","floor":8},{"not_picked":["champ:EnGarde","champ:BladeFlurry"],"picked":"champ:BerserkersShout","floor":10},{"not_picked":["champ:AdrenalArmor","champ:Lariat"],"picked":"champ:ArenaPreparation","floor":13},{"not_picked":["champ:Parry","champ:FlashCut"],"picked":"champ:ShieldSigil","floor":14},{"not_picked":["champ:IronFortress","champ:RapidStrikes"],"picked":"champ:BringItOn","floor":15}],"player_experience":1138783,"relics_obtained":[{"floor":7,"key":"Pear"},{"floor":14,"key":"champ:DuelingGlove"}],"event_choices":[],"is_beta":false,"boss_relics":[],"items_purged_floors":[13],"is_endless":false,"potions_floor_spawned":[5,10,14,15],"killed_by":"DF_ARCHETYPE_STREAMLINE","ascension_level":5}}