{"host":"og2dufvjgkards7m","time":1612477870,"event":{"mods":["AchievementEnabler","BaseMod","Better Match","Better Note","Better Sensory Stone","Block Reminder","Colored Map","Colored Powertips","DeckTracker","Highlight Path","Minty Spire (QoL Compilation)","Rare Cards Sparkle","Relic Sorter","StSLib","SuperFastMode"],"gold_per_floor":[367,142,154,229,249,274,274,304,358,358,16,16,32,64,64,161,161,172,187,187,187,214,245,245,272,272,272,232,37,37,0,0,96,96,106,126,126,137,137,137,137],"floor_reached":40,"language":"SPA","playtime":1633,"items_purged":["Writhe"],"score":610,"play_id":"3bbbee7d-f6dc-4743-af39-58f029c00e1a","local_time":"20210204143110","is_ascension_mode":true,"campfire_choices":[{"floor":7.0,"key":"REST"},{"floor":10.0,"key":"REST"},{"data":"Apotheosis","floor":12.0,"key":"SMITH"},{"floor":15.0,"key":"REST"},{"floor":27.0,"key":"RECALL"},{"floor":30.0,"key":"REST"},{"floor":32.0,"key":"REST"}],"circlet_count":0,"master_deck":["Strike_B+1","Strike_B","Strike_B","Defend_B","Defend_B","Defend_B","Defend_B","Zap","Dualcast","FTL","Machine Learning","Skim","Amplify","Apotheosis+1","Loop","Electrodynamics","BootSequence+1","Creative AI","Echo Form","Buffer","Mayhem+1","Chill","Seek","White Noise+1","Creative AI+1"],"relics":["FrozenCore","Tiny Chest","Letter Opener","Lantern","Juzu Bracelet","PreservedInsect","Dream Catcher","Lizard Tail","Potion Belt","Frozen Egg 2","Busted Crown","Symbiotic Virus"],"acts_visited":["Exordium","TheCity","TheBeyond"],"potions_floor_usage":[40],"damage_taken":[{"damage":0.0,"enemies":"Cultist","floor":1.0,"turns":3.0},{"damage":0.0,"enemies":"2 Louse","floor":3.0,"turns":1.0},{"damage":5.0,"enemies":"Small Slimes","floor":5.0,"turns":2.0},{"damage":50.0,"enemies":"3 Sentries","floor":6.0,"turns":8.0},{"damage":29.0,"enemies":"Gremlin Nob","floor":8.0,"turns":4.0},{"damage":0.0,"enemies":"Exordium Wildlife","floor":13.0,"turns":2.0},{"damage":15.0,"enemies":"3 Sentries","floor":14.0,"turns":4.0},{"damage":0.0,"enemies":"Slime Boss","floor":16.0,"turns":5.0},{"damage":11.0,"enemies":"Spheric Guardian","floor":18.0,"turns":4.0},{"damage":27.0,"enemies":"2 Thieves","floor":19.0,"turns":3.0},{"damage":34.0,"enemies":"Slavers","floor":23.0,"turns":4.0},{"damage":32.0,"enemies":"Book of Stabbing","floor":25.0,"turns":5.0},{"damage":85.0,"enemies":"Collector","floor":33.0,"turns":12.0},{"damage":24.0,"enemies":"3 Darklings","floor":35.0,"turns":5.0},{"damage":3.0,"enemies":"3 Shapes","floor":36.0,"turns":5.0},{"damage":31.0,"enemies":"Writhing Mass","floor":38.0,"turns":6.0},{"damage":25,"enemies":"Reptomancer","floor":40,"turns":2}],"seed_played":"-5422874138562770091","potions_obtained":[{"floor":5.0,"key":"Energy Potion"},{"floor":6.0,"key":"Explosive Potion"},{"floor":8.0,"key":"Explosive Potion"},{"floor":16.0,"key":"FearPotion"},{"floor":23.0,"key":"SpeedPotion"},{"floor":33.0,"key":"Ancient Potion"},{"floor":35.0,"key":"Dexterity Potion"}],"is_trial":false,"path_per_floor":["M","$","M","?","M","E","R","E","T","R","$","R","M","E","R","B",null,"M","M","?","?","T","E","?","E","T","R","?","$","R","?","R","B",null,"M","M","T","M","?","E"],"character_chosen":"DEFECT","items_purchased":["Tiny Chest","Juzu Bracelet","Apotheosis","Mayhem+1"],"campfire_rested":5,"item_purchase_floors":[2,11,11,29],"current_hp_per_floor":[75,75,75,64,59,9,31,2,2,24,24,24,24,9,31,31,64,53,26,26,85,85,51,34,2,2,2,2,2,27,27,52,14,67,43,40,40,9,9,0,0],"gold":137,"neow_bonus":"TWO_FIFTY_GOLD","is_daily":false,"chose_seed":false,"campfire_upgraded":1,"win_rate":0.0,"timestamp":1612477870,"path_taken":["M","$","M","?","M","E","R","E","T","R","$","R","M","E","R","BOSS","M","M","?","?","?","E","?","E","T","R","?","$","R","?","R","BOSS","M","M","?","M","?","E"],"items_purchased_type":["Relic","Relic","Card","Card"],"build_version":"2020-12-22","purchased_purges":1,"victory":false,"max_hp_per_floor":[75,75,75,75,75,75,75,75,75,75,75,75,75,75,75,75,75,75,75,75,85,85,85,85,85,85,85,85,85,85,85,85,85,85,85,85,85,85,85,85,85],"card_choices":[{"not_picked":["Turbo","Sweeping Beam"],"picked":"FTL","floor":1.0},{"not_picked":["Compile Driver","Rebound"],"picked":"Machine Learning","floor":3.0},{"not_picked":["Sweeping Beam","Steam","Leap"],"picked":"SKIP","floor":5.0},{"not_picked":["Static Discharge","Leap"],"picked":"Skim","floor":6.0},{"not_picked":["Redo","Beam Cell"],"picked":"Amplify","floor":8.0},{"not_picked":["Hologram","Turbo"],"picked":"Loop","floor":13.0},{"not_picked":["Sweeping Beam","Compile Driver"],"picked":"Electrodynamics","floor":14.0},{"not_picked":["Meteor Strike","Core Surge"],"picked":"Seek","floor":16.0},{"not_picked":["Redo","Stack","Cold Snap"],"picked":"SKIP","floor":18.0},{"not_picked":["Ball Lightning+1","Hologram"],"picked":"BootSequence","floor":19.0},{"not_picked":["Hologram","Heatsinks"],"picked":"Creative AI","floor":23.0},{"not_picked":["Loop","Force Field+1"],"picked":"Buffer","floor":25.0},{"not_picked":["Skim","Streamline+1"],"picked":"Chill","floor":30.0},{"not_picked":["All For One","Machine Learning+1"],"picked":"Seek","floor":33.0},{"not_picked":[],"picked":"White Noise+1","floor":35.0},{"not_picked":["Streamline"],"picked":"SKIP","floor":36.0},{"not_picked":["Compile Driver"],"picked":"SKIP","floor":38.0}],"player_experience":171788,"relics_obtained":[{"floor":6.0,"key":"Letter Opener"},{"floor":8.0,"key":"Lantern"},{"floor":14.0,"key":"PreservedInsect"},{"floor":22.0,"key":"Dream Catcher"},{"floor":23.0,"key":"Lizard Tail"},{"floor":25.0,"key":"Potion Belt"},{"floor":26.0,"key":"Frozen Egg 2"},{"floor":37.0,"key":"Symbiotic Virus"}],"event_choices":[{"damage_healed":0.0,"max_hp_gain":0.0,"max_hp_loss":0.0,"gold_gain":75.0,"event_name":"World of Goop","player_choice":"Gather Gold","floor":4.0,"gold_loss":0.0,"damage_taken":11.0},{"damage_healed":0.0,"max_hp_gain":0.0,"max_hp_loss":0.0,"gold_gain":0.0,"event_name":"Ghosts","player_choice":"Ignored","floor":20.0,"gold_loss":0.0,"damage_taken":0.0},{"cards_removed":["Seek"],"damage_healed":49.0,"max_hp_gain":10.0,"max_hp_loss":0.0,"gold_gain":0.0,"event_name":"Bonfire Elementals","player_choice":"Offered Rare","floor":21.0,"gold_loss":0.0,"damage_taken":0.0},{"damage_healed":0.0,"max_hp_gain":0.0,"max_hp_loss":17.0,"gold_gain":2.0,"event_name":"betterStone:BetterStone","player_choice":"2","floor":24.0,"gold_loss":0.0,"damage_taken":0.0},{"damage_healed":0.0,"max_hp_gain":0.0,"max_hp_loss":0.0,"gold_gain":0.0,"event_name":"Designer","player_choice":"Upgraded Two","floor":28.0,"gold_loss":40.0,"damage_taken":0.0,"cards_upgraded":["BootSequence","Strike_B"]},{"damage_healed":0.0,"max_hp_gain":0.0,"max_hp_loss":0.0,"gold_gain":0.0,"event_name":"Masked Bandits","player_choice":"Paid Fearfully","floor":31.0,"gold_loss":37.0,"damage_taken":0.0},{"damage_healed":0.0,"max_hp_gain":0.0,"max_hp_loss":0.0,"gold_gain":0.0,"cards_transformed":["Strike_B"],"event_name":"Transmorgrifier","player_choice":"Transformed","floor":39.0,"gold_loss":0.0,"damage_taken":0.0,"cards_obtained":["Creative AI"]}],"is_beta":false,"boss_relics":[{"not_picked":["SlaversCollar","Velvet Choker"],"picked":"FrozenCore"},{"not_picked":["Astrolabe","Calling Bell"],"picked":"Busted Crown"}],"items_purged_floors":[2],"is_endless":false,"potions_floor_spawned":[5,6,8,16,23,33,35],"killed_by":"Reptomancer","ascension_level":5}}