{"host":"erjc6dqs793djrmy","time":1612423933,"event":{"mods":["BaseMod","Minty Spire (QoL Compilation)","StSLib","The Animator"],"gold_per_floor":[114,28,28,303,324,324,376,16,16,49,49,78,78,91,91,202,202,215,130,130,155,169,169,188,204,204,204,204],"floor_reached":27,"language":"ENG","playtime":1994,"items_purged":["Regret"],"score":393,"play_id":"1992733a-5919-4b4e-a83d-360479aced49","local_time":"20210204023213","is_ascension_mode":true,"campfire_choices":[{"data":"animator:EmiyaShirou","floor":6,"key":"SMITH"},{"data":"animator:Nanami","floor":11,"key":"SMITH"},{"data":"animator:Melzalgald","floor":13,"key":"SMITH"},{"data":"animator:MetalKnight","floor":15,"key":"SMITH"},{"data":"animator:Saitama","floor":23,"key":"SMITH"}],"circlet_count":0,"master_deck":["AscendersBane","animator:Strike_OnePunchMan","animator:Defend_OnePunchMan","animator:Strike","animator:Strike","animator:Strike","animator:Defend","animator:Defend","animator:Defend","animator:Genos","animator:MumenRider","animator:EmiyaShirou+1","animator:Canti","animator:Nanami+1","animator:IzunaHatsuse","animator:CowGirl","animator:HighElfArcher","animator:Melzalgald+1","animator:IzunaHatsuse","animator:MetalKnight+1","animator:Saitama+1","animator:Archer","animator:Sonic","animator:Emonzaemon","animator:Archer"],"relics":["animator:LivingPicture","animator:TheMissingPiece","NeowsBlessing","Golden Idol","MawBank","ClockworkSouvenir","Mercury Hourglass","Odd Mushroom","Philosopher\u0027s Stone","Champion Belt","Potion Belt"],"acts_visited":["Exordium","TheCity"],"potions_floor_usage":[12,16,22,24,27],"damage_taken":[{"damage":0,"enemies":"2 Louse","floor":1,"turns":1},{"damage":0,"enemies":"Small Slimes","floor":5,"turns":1},{"damage":0,"enemies":"Gremlin Nob","floor":7,"turns":1},{"damage":0,"enemies":"Cultist","floor":10,"turns":3},{"damage":8,"enemies":"The Mushroom Lair","floor":12,"turns":4},{"damage":27,"enemies":"Large Slime","floor":14,"turns":5},{"damage":22,"enemies":"The Guardian","floor":16,"turns":12},{"damage":0,"enemies":"Spheric Guardian","floor":18,"turns":5},{"damage":10,"enemies":"Shell Parasite","floor":21,"turns":4},{"damage":15,"enemies":"Snake Plant","floor":22,"turns":3},{"damage":3,"enemies":"Chosen and Byrds","floor":24,"turns":7},{"damage":17,"enemies":"Centurion and Healer","floor":25,"turns":5},{"damage":25,"enemies":"Slavers","floor":27,"turns":2}],"seed_played":"4368691135667700107","potions_obtained":[{"floor":5,"key":"Energy Potion"},{"floor":12,"key":"SkillPotion"},{"floor":16,"key":"SpeedPotion"},{"floor":21,"key":"DuplicationPotion"},{"floor":25,"key":"SneckoOil"}],"is_trial":false,"path_per_floor":["M","$","?","?","M","R","E","$","T","M","R","?","R","M","R","B",null,"M","?","T","M","M","R","M","M","T","E"],"character_chosen":"THE_ANIMATOR","items_purchased":["animator:Canti","ClockworkSouvenir","animator:CowGirl","animator:HighElfArcher"],"campfire_rested":0,"item_purchase_floors":[2,8,8,8],"current_hp_per_floor":[59,59,59,59,59,59,59,59,59,59,59,51,51,25,25,17,51,51,51,51,41,27,27,24,19,19,0,0],"gold":204,"neow_bonus":"THREE_ENEMY_KILL","is_daily":false,"chose_seed":false,"campfire_upgraded":5,"win_rate":0.0,"timestamp":1612423933,"path_taken":["M","$","?","?","?","R","E","$","T","M","R","?","R","M","R","BOSS","M","?","?","?","M","R","M","M","T","E"],"items_purchased_type":["Card","Relic","Card","Card"],"build_version":"2020-12-22","purchased_purges":1,"victory":false,"max_hp_per_floor":[66,66,61,61,61,61,61,61,61,61,61,61,61,62,62,62,62,62,62,62,62,63,63,63,63,63,63,63],"card_choices":[{"not_picked":["animator:Benimaru","animator:DwarfShaman"],"picked":"animator:EmiyaShirou","floor":1},{"not_picked":["animator:TsurugaMeisai","animator:Azekura"],"picked":"animator:Nanami","floor":5},{"not_picked":["animator:LizardPriest","animator:SwordMaiden"],"picked":"animator:IzunaHatsuse","floor":7},{"not_picked":["animator:Genos","animator:Geryuganshoop"],"picked":"animator:Melzalgald","floor":10},{"not_picked":["animator:Kuribayashi","animator:Berserker"],"picked":"animator:IzunaHatsuse","floor":12},{"not_picked":["animator:Berserker","animator:DolaCouronne"],"picked":"animator:MetalKnight","floor":14},{"not_picked":["animator:Gilgamesh","animator:Rimuru"],"picked":"animator:Saitama","floor":16},{"not_picked":["animator:LeleiLaLalena","animator:Rider","animator:Vesta+1"],"picked":"SKIP","floor":18},{"not_picked":["animator:Lancer","animator:UneriGinkaku"],"picked":"animator:Archer","floor":21},{"not_picked":["animator:MumenRider","animator:Genos"],"picked":"animator:Sonic","floor":22},{"not_picked":["animator:YaoHaDucy","animator:ItamiYouji"],"picked":"animator:Emonzaemon","floor":24},{"not_picked":["animator:Rider","animator:UneriGinkaku"],"picked":"animator:Archer","floor":25}],"player_experience":425560,"relics_obtained":[{"floor":7,"key":"MawBank"},{"floor":9,"key":"Mercury Hourglass"},{"floor":12,"key":"Odd Mushroom"},{"floor":26,"key":"Potion Belt"}],"event_choices":[{"damage_healed":0,"gold_gain":0,"player_choice":"Lose Max HP","damage_taken":0,"relics_obtained":["Golden Idol"],"max_hp_gain":0,"max_hp_loss":5,"event_name":"Golden Idol","floor":3,"gold_loss":0},{"damage_healed":0,"gold_gain":275,"player_choice":"Desecrate","damage_taken":0,"max_hp_gain":0,"max_hp_loss":0,"event_name":"Golden Shrine","floor":4,"gold_loss":0,"cards_obtained":["Regret"]},{"damage_healed":0,"gold_gain":0,"player_choice":"Fought Mushrooms","damage_taken":0,"max_hp_gain":0,"max_hp_loss":0,"event_name":"Mushrooms","floor":12,"gold_loss":0},{"damage_healed":0,"gold_gain":0,"player_choice":"Obtained Relic","damage_taken":0,"relics_obtained":["Champion Belt"],"max_hp_gain":0,"max_hp_loss":0,"event_name":"Addict","floor":19,"gold_loss":85}],"is_beta":false,"boss_relics":[{"not_picked":["SacredBark","Empty Cage"],"picked":"Philosopher\u0027s Stone"}],"items_purged_floors":[8],"is_endless":false,"potions_floor_spawned":[5,12,16,21,25],"killed_by":"Slavers","ascension_level":13}}