{"host":"8d5lz1qub9wfpdii","time":1612397607,"event":{"mods":["2.2 Compatiblity","AchievementEnabler","Act Like it!","Arknights","Aspiration","BaseMod","Beaked The Cultist","Bestiary","Better Altar","Better Match","Better Note","Better Skull","Better Third Choice","BetterRewards","Colored Powertips","Conspire","Downfall","Friendly Minions","GifTheSpireLib","Hallownest","Hermit","Hubris","Infinite Spire","Jorbs\u0027s Wanderer Trilogy","Minty Spire (QoL Compilation)","RNG Fix","Relic Stats","Replay The Spire","Shade Mod","Shop Mod","Spicy Shops","Spire Arcade","StSLib","Stuff the Spire","The Animator","The Blackbeard","The Bug Knight","The Clintock","The Forsaken","The Hayseed","The Hierophant","The Necromancer","The Runesmith","The Servant 0.9.4","Uncapped","Wandering Minibosses"],"gold_per_floor":[99,119,119,136,156,156,179,211,211,211,222,254,254,265,281,376,376,376,390,407,422,422,422,422,422,422,422],"floor_reached":25,"language":"ENG","playtime":1262,"items_purged":[],"score":213,"play_id":"e4702b61-57fb-4fbc-b8a1-80aaebf9410a","local_time":"20210204104327","is_ascension_mode":false,"campfire_choices":[{"floor":1,"key":"DIG"},{"data":"champ:Execute","floor":6,"key":"SMITH"},{"data":"champ:FlashCut","floor":9,"key":"SMITH"},{"floor":13,"key":"REST"},{"data":"champ:AdrenalArmor","floor":18,"key":"SMITH"}],"circlet_count":0,"master_deck":["champ:Strike","champ:Strike","champ:Strike","champ:Strike","champ:Defend","champ:Defend","champ:Defend","champ:Defend","champ:Execute+1","champ:Taunt","champ:BerserkersShout","champ:AdrenalArmor+1","champ:FlashCut+1","champ:SkillfulDodge","champ:GutPunch","champ:ShieldSlam","champ:IgnorePain","champ:BringItOn"],"relics":["champ:ChampionCrown","hubris:TenFootPole","Runesmith:AutoHammer","Boot","StuffTheSpire:OldFever","hubris:MedicalManual","aspiration:MobileForge","ReplayTheSpireMod:Shallot","Chameleon Ring"],"acts_visited":["Exordium","TheCity"],"potions_floor_usage":[4,12,15,16],"damage_taken":[{"damage":19,"enemies":"Cultist","floor":2,"turns":5},{"damage":25,"enemies":"Jaw Worm","floor":4,"turns":3},{"damage":30,"enemies":"Small Slimes","floor":5,"turns":3},{"damage":87,"enemies":"HollowMod:MossKnight","floor":8,"turns":9},{"damage":20,"enemies":"conspire:2 RoseBushes","floor":11,"turns":5},{"damage":53,"enemies":"3 Sentries","floor":12,"turns":6},{"damage":41,"enemies":"Large Slime","floor":14,"turns":5},{"damage":38,"enemies":"Gremlin Gang","floor":15,"turns":3},{"damage":72,"enemies":"SI_SHIV_ARCHETYPE","floor":16,"turns":7},{"damage":26,"enemies":"conspire:FuzzyDice","floor":19,"turns":7},{"damage":51,"enemies":"Chosen","floor":20,"turns":4},{"damage":60,"enemies":"Centurion and Healer","floor":21,"turns":9},{"damage":74,"enemies":"Slavers","floor":25,"turns":4}],"seed_played":"-2887762753539879972","potions_obtained":[{"floor":2,"key":"Explosive Potion"},{"floor":8,"key":"BlessingOfTheForge"},{"floor":11,"key":"champ:CounterPotion"},{"floor":14,"key":"champ:CounterPotion"},{"floor":15,"key":"Swift Potion"},{"floor":21,"key":"Guardian:BlockOnCardUsePotion"}],"is_trial":false,"path_per_floor":["R","M","?","M","M","R","T","E","R","?","M","E","R","M","M","B",null,"R","M","M","M","?","AVR","T","E"],"character_chosen":"THE_CHAMP","items_purchased":[],"campfire_rested":1,"item_purchase_floors":[],"current_hp_per_floor":[99,90,90,90,90,90,90,63,63,63,58,45,74,63,45,13,99,99,88,82,62,62,62,62,0,0,0],"gold":422,"neow_bonus":"TEN_PERCENT_HP_BONUS","is_daily":false,"chose_seed":false,"campfire_upgraded":3,"win_rate":0.0,"timestamp":1612397607,"path_taken":["R","M","?","M","M","R","T","E","R","?","M","E","R","M","M","BOSS","R","M","M","M","?","AVR","T","E"],"items_purchased_type":[],"build_version":"2020-12-22","purchased_purges":0,"victory":false,"max_hp_per_floor":[99,99,99,99,99,99,99,99,99,99,99,99,99,99,99,99,99,99,99,99,99,99,99,99,99,99,99],"relic_stats":{"counters":[13,70],"Boot":[7],"obtain_stats":[{"Chameleon Ring":24,"ReplayTheSpireMod:Shallot":23,"aspiration:MobileForge":17,"champ:ChampionCrown":0,"hubris:MedicalManual":12,"hubris:TenFootPole":1,"Runesmith:AutoHammer":3,"Boot":7,"StuffTheSpire:OldFever":8},{"Chameleon Ring":12,"ReplayTheSpireMod:Shallot":12,"aspiration:MobileForge":9,"champ:ChampionCrown":0,"hubris:MedicalManual":6,"hubris:TenFootPole":0,"Runesmith:AutoHammer":1,"Boot":3,"StuffTheSpire:OldFever":4},{"Chameleon Ring":66,"ReplayTheSpireMod:Shallot":66,"aspiration:MobileForge":46,"champ:ChampionCrown":0,"hubris:MedicalManual":31,"hubris:TenFootPole":0,"Runesmith:AutoHammer":5,"Boot":11,"StuffTheSpire:OldFever":20}]},"card_choices":[{"not_picked":["champ:CrownThrow","champ:PreemptiveStrike"],"picked":"champ:BerserkersShout","floor":2},{"not_picked":["champ:EnragedBash","champ:PerfectedStrike"],"picked":"champ:AdrenalArmor","floor":4},{"not_picked":["champ:DeathBlow","champ:CrownThrow"],"picked":"champ:FlashCut","floor":5},{"not_picked":["champ:Endure","champ:Improvising"],"picked":"champ:SkillfulDodge","floor":8},{"not_picked":["champ:Shatter","champ:TornadoPunch"],"picked":"champ:GutPunch","floor":11},{"not_picked":["champ:CrownThrow","champ:StanceDance","champ:EndlessRage"],"picked":"SKIP","floor":12},{"not_picked":["champ:CrownThrow","champ:Lariat"],"picked":"champ:PerfectedStrike","floor":14},{"not_picked":["champ:CalledShot","champ:EnGarde"],"picked":"champ:ShieldSlam","floor":15},{"not_picked":["champ:CheapShot","champ:SwordThrow"],"picked":"champ:IgnorePain","floor":16},{"not_picked":["champ:PreciseThrust","champ:Circumvent","champ:AdrenalArmor"],"picked":"SKIP","floor":19},{"not_picked":["champ:DefensiveShout+1","champ:FocusedBerserking"],"picked":"champ:BringItOn","floor":20},{"not_picked":["champ:PerfectedStrike","champ:BringItOn","champ:ShieldSlam"],"picked":"SKIP","floor":21}],"player_experience":105086,"relics_obtained":[{"floor":1,"key":"hubris:TenFootPole"},{"floor":3,"key":"Runesmith:AutoHammer"},{"floor":7,"key":"Boot"},{"floor":8,"key":"StuffTheSpire:OldFever"},{"floor":12,"key":"hubris:MedicalManual"},{"floor":24,"key":"Chameleon Ring"}],"event_choices":[],"is_beta":false,"boss_relics":[{"not_picked":["Runic Pyramid","Cursed Key"],"picked":"aspiration:MobileForge"}],"items_purged_floors":[],"is_endless":false,"potions_floor_spawned":[2,8,11,14,15,21],"killed_by":"Slavers","ascension_level":0}}