{"host":"yx5rao87132cy5xq","time":1612465092,"event":{"mods":["2.2 Compatiblity","AchievementEnabler","BaseMod","Bestiary","Colored Map","Colored Powertips","Minty Spire (QoL Compilation)","Quick Restart","Relic Stats","Slay-I","SuperFastMode"],"gold_per_floor":[116,116,126,136,151,176,176,50,50,81,81,110,128,48,48,48,48],"floor_reached":16,"language":"ENG","playtime":1346,"items_purged":["Clash"],"score":222,"play_id":"de4cc034-cb61-45dc-918a-7044ec0e73a7","local_time":"20210204195812","is_ascension_mode":true,"campfire_choices":[{"floor":7.0,"key":"REST"},{"floor":11.0,"key":"REST"},{"data":"Double Tap","floor":15,"key":"SMITH"}],"circlet_count":0,"master_deck":["AscendersBane","Strike_R","Strike_R","Strike_R","Strike_R","Defend_R","Defend_R","Defend_R","Defend_R","Bash","Combust","Power Through","Reckless Charge","Cleave","Double Tap+1","True Grit","Wild Strike","Rupture","Second Wind","Bloodletting"],"relics":["Burning Blood","Thread and Needle","Bottled Lightning","TungstenRod","Orichalcum","Lantern"],"acts_visited":["Exordium"],"potions_floor_usage":[16],"damage_taken":[{"damage":4.0,"enemies":"2 Louse","floor":1.0,"turns":2.0},{"damage":2.0,"enemies":"Cultist","floor":3.0,"turns":3.0},{"damage":3.0,"enemies":"Jaw Worm","floor":4.0,"turns":7.0},{"damage":28.0,"enemies":"Exordium Thugs","floor":5.0,"turns":6.0},{"damage":28.0,"enemies":"Gremlin Nob","floor":6.0,"turns":4.0},{"damage":44.0,"enemies":"3 Sentries","floor":10.0,"turns":11.0},{"damage":10.0,"enemies":"Lagavulin","floor":12.0,"turns":8.0},{"damage":18,"enemies":"Exordium Wildlife","floor":13,"turns":7},{"damage":48,"enemies":"Hexaghost","floor":16,"turns":12}],"seed_played":"7314115552074037762","potions_obtained":[{"floor":3.0,"key":"SteroidPotion"},{"floor":4.0,"key":"Fruit Juice"},{"floor":5.0,"key":"BloodPotion"}],"is_trial":false,"path_per_floor":["M","?","M","M","M","E","R","$","T","E","R","E","M","$","R","B"],"character_chosen":"IRONCLAD","items_purchased":["True Grit","Bloodletting"],"campfire_rested":2,"item_purchase_floors":[8,14],"current_hp_per_floor":[70,70,74,75,58,36,60,60,60,22,46,42,30,30,30,0,0],"gold":48,"neow_bonus":"TRANSFORM_CARD","is_daily":false,"chose_seed":false,"campfire_upgraded":1,"win_rate":0.0,"timestamp":1612465092,"path_taken":["M","?","M","?","M","E","R","?","T","E","R","E","?","$","R","BOSS"],"items_purchased_type":["Card","Card"],"build_version":"2020-12-22","purchased_purges":1,"victory":false,"max_hp_per_floor":[75,75,75,75,80,80,80,80,80,80,80,80,80,80,80,80,80],"relic_stats":{"counters":[9,60],"Orichalcum":[66],"obtain_stats":[{"Lantern":12,"Thread and Needle":2,"Bottled Lightning":6,"Orichalcum":10,"Burning Blood":0,"TungstenRod":9},{"Lantern":7,"Thread and Needle":1,"Bottled Lightning":5,"Orichalcum":6,"Burning Blood":0,"TungstenRod":5},{"Lantern":41,"Thread and Needle":2,"Bottled Lightning":22,"Orichalcum":33,"Burning Blood":0,"TungstenRod":22}],"Burning Blood":46,"TungstenRod":55},"card_choices":[{"not_picked":["Anger","Shockwave"],"picked":"Power Through","floor":1.0},{"not_picked":["Armaments","Ghostly Armor"],"picked":"Clash","floor":3.0},{"not_picked":["Warcry","Sever Soul"],"picked":"Reckless Charge","floor":4.0},{"not_picked":["Sword Boomerang","Heavy Blade"],"picked":"Cleave","floor":5.0},{"not_picked":["Heavy Blade","Infernal Blade"],"picked":"Double Tap","floor":6.0},{"not_picked":["Flame Barrier","Dropkick"],"picked":"Wild Strike","floor":10.0},{"not_picked":["Havoc","Anger"],"picked":"Rupture","floor":12.0},{"not_picked":["Blood for Blood","Power Through"],"picked":"Second Wind","floor":13}],"player_experience":986845,"relics_obtained":[{"floor":2.0,"key":"Thread and Needle"},{"floor":6.0,"key":"Bottled Lightning"},{"floor":9.0,"key":"TungstenRod"},{"floor":10.0,"key":"Orichalcum"},{"floor":12.0,"key":"Lantern"}],"event_choices":[{"damage_healed":0.0,"max_hp_gain":0.0,"max_hp_loss":0.0,"gold_gain":0.0,"event_name":"Wheel of Change","player_choice":"Relic","floor":2.0,"gold_loss":0.0,"damage_taken":0.0}],"is_beta":false,"boss_relics":[],"items_purged_floors":[8],"is_endless":false,"potions_floor_spawned":[3,4,5],"killed_by":"Hexaghost","ascension_level":17}}