{"host":"bvc3bp2iol2n355r","time":1612412758,"event":{"mods":["AchievementEnabler","BaseMod","Dark Map","Downfall","Minty Spire (QoL Compilation)","Relic Stats","StSLib"],"gold_per_floor":[112,132,148,223,173,206,225,225,251,251,261,273,283,312,312,312,312],"floor_reached":16,"language":"ENG","playtime":695,"items_purged":[],"score":194,"play_id":"1743fdbb-1626-4c00-b65d-994cf5630bc9","local_time":"20210203232558","is_ascension_mode":true,"campfire_choices":[{"floor":8,"key":"REST"},{"data":"True Grit","floor":10,"key":"SMITH"},{"data":"Bash","floor":15,"key":"SMITH"}],"circlet_count":0,"master_deck":["AscendersBane","Strike_R","Strike_R","Strike_R","Defend_R","Defend_R","Defend_R","Defend_R","Bash+1","Feel No Pain","Anger","True Grit+1","Sever Soul","Power Through","Headbutt","Shockwave","Battle Trance"],"relics":["Burning Blood","Ancient Tea Set","Toy Ornithopter","Centennial Puzzle"],"acts_visited":[],"potions_floor_usage":[6,7,14,14,16],"damage_taken":[{"damage":0,"enemies":"Small Slimes","floor":1,"turns":3},{"damage":9,"enemies":"Jaw Worm","floor":2,"turns":3},{"damage":10,"enemies":"Cultist","floor":3,"turns":4},{"damage":36,"enemies":"3 Sentries","floor":6,"turns":11},{"damage":25,"enemies":"Exordium Thugs","floor":7,"turns":7},{"damage":0,"enemies":"3 Louse","floor":11,"turns":5},{"damage":5,"enemies":"2 Fungi Beasts","floor":12,"turns":4},{"damage":7,"enemies":"Looter","floor":13,"turns":3},{"damage":11,"enemies":"Gremlin Nob","floor":14,"turns":4},{"damage":45,"enemies":"The Guardian","floor":16,"turns":10}],"seed_played":"-3135841211772051231","potions_obtained":[{"floor":3,"key":"Swift Potion"},{"floor":6,"key":"Strength Potion"},{"floor":7,"key":"HeartOfIron"},{"floor":11,"key":"Strength Potion"},{"floor":14,"key":"CultistPotion"}],"is_trial":false,"path_per_floor":["M","M","M","?","?","E","M","R","T","R","M","M","M","E","R","B"],"character_chosen":"IRONCLAD","items_purchased":[],"campfire_rested":1,"item_purchase_floors":[],"current_hp_per_floor":[74,71,67,56,56,26,7,29,29,29,35,36,35,40,40,0,0],"gold":312,"neow_bonus":"REMOVE_CARD","is_daily":false,"chose_seed":false,"campfire_upgraded":2,"win_rate":0.0,"timestamp":1612412758,"path_taken":["M","M","M","?","?","E","M","R","T","R","M","M","M","E","R","BOSS"],"items_purchased_type":[],"build_version":"2020-12-22","purchased_purges":0,"victory":false,"max_hp_per_floor":[75,75,75,75,75,75,75,75,75,75,75,75,75,75,75,75,75],"relic_stats":{"Centennial Puzzle":[3],"counters":[10,54],"obtain_stats":[{"Centennial Puzzle":14,"Ancient Tea Set":6,"Burning Blood":0,"Toy Ornithopter":9},{"Centennial Puzzle":9,"Ancient Tea Set":4,"Burning Blood":0,"Toy Ornithopter":5},{"Centennial Puzzle":44,"Ancient Tea Set":21,"Burning Blood":0,"Toy Ornithopter":28}],"Burning Blood":54,"Toy Ornithopter":15},"card_choices":[{"not_picked":["Shrug It Off","Havoc"],"picked":"Feel No Pain","floor":1},{"not_picked":["Shrug It Off","Armaments"],"picked":"Anger","floor":2},{"not_picked":["Clash","Thunderclap"],"picked":"True Grit","floor":3},{"not_picked":["Rupture","Seeing Red"],"picked":"Sever Soul","floor":6},{"not_picked":["Entrench","Dropkick"],"picked":"Power Through","floor":7},{"not_picked":["Iron Wave","Clash"],"picked":"Headbutt","floor":11},{"not_picked":["Blood for Blood","Heavy Blade","Warcry"],"picked":"SKIP","floor":12},{"not_picked":["Twin Strike","Havoc"],"picked":"Shockwave","floor":13},{"not_picked":["Rampage","Bludgeon"],"picked":"Battle Trance","floor":14}],"player_experience":584318,"relics_obtained":[{"floor":6,"key":"Ancient Tea Set"},{"floor":9,"key":"Toy Ornithopter"},{"floor":14,"key":"Centennial Puzzle"}],"event_choices":[{"damage_healed":0,"gold_gain":75,"player_choice":"Gather Gold","damage_taken":11,"max_hp_gain":0,"max_hp_loss":0,"event_name":"World of Goop","floor":4,"gold_loss":0},{"cards_removed":["Strike_R"],"damage_healed":0,"gold_gain":0,"player_choice":"Card Removal","damage_taken":0,"max_hp_gain":0,"max_hp_loss":0,"event_name":"The Cleric","floor":5,"gold_loss":50}],"is_beta":false,"boss_relics":[],"items_purged_floors":[],"is_endless":false,"potions_floor_spawned":[3,6,7,11,14],"killed_by":"The Guardian","ascension_level":14}}