{"host":"vz6qv7tthcp8jtis","time":1612468382,"event":{"mods":["BaseMod","Block Reminder","Colored Map","Highlight Path","Keyboard Shortcuts","Minty Spire (QoL Compilation)","Relic Stats"],"gold_per_floor":[109,109,109,128,78,111,111,140,140,154,189,209,209,225,225,329,329,340,340,118,128,147,180,80,111,111,111,142,142,142,158,158,253,253,264,282,332,332,242,269,269,285,311,327,327,342,367,378,378,378,378,378,80,114,114],"floor_reached":56,"language":"ENG","playtime":6306,"items_purged":["Defend_P","Defend_P"],"score":1361,"play_id":"23e4df8d-d345-4ff1-97d6-a361552b945e","local_time":"20210204205302","is_ascension_mode":true,"campfire_choices":[{"data":"TalkToTheHand","floor":7,"key":"SMITH"},{"data":"ForeignInfluence","floor":15,"key":"SMITH"},{"data":"Nirvana","floor":27,"key":"SMITH"},{"floor":30,"key":"REST"},{"data":"FlurryOfBlows","floor":32,"key":"SMITH"},{"data":"Mind Blast","floor":41,"key":"SMITH"},{"data":"Thinking Ahead","floor":45,"key":"SMITH"},{"floor":49,"key":"RECALL"},{"data":"Secret Weapon","floor":52,"key":"SMITH"}],"circlet_count":0,"master_deck":["Strike_P","Defend_P","Eruption","Vigilance","Adaptation","DeceiveReality+1","EmptyBody","TalkToTheHand+1","FlurryOfBlows+1","ForeignInfluence+1","Wireheading","EmptyFist","SpiritShield+1","Crescendo","InnerPeace","Nirvana+1","ThirdEye","JustLucky","FollowUp+1","Weave+1","ClearTheMind+1","JustLucky+1","LessonLearned","Crescendo+1","FlurryOfBlows+1","Thinking Ahead+1","Mind Blast+1","Secret Weapon+1","Nirvana+1","Sanctity","FlurryOfBlows+1","Adaptation"],"relics":["HolyWater","Bag of Preparation","Shuriken","Ancient Tea Set","Pantograph","Boot","Blood Vial","Juzu Bracelet","Damaru","Letter Opener","Sozu","TungstenRod","Happy Flower","Nunchaku","Oddly Smooth Stone","Bottled Lightning","Anchor"],"acts_visited":["Exordium","TheCity","TheBeyond","TheEnding"],"potions_floor_usage":[8,11,21,23,33,47],"damage_taken":[{"damage":0,"enemies":"Cultist","floor":1,"turns":2},{"damage":0,"enemies":"2 Louse","floor":4,"turns":4},{"damage":48,"enemies":"Gremlin Nob","floor":6,"turns":6},{"damage":6,"enemies":"3 Sentries","floor":8,"turns":9},{"damage":1,"enemies":"Jaw Worm","floor":10,"turns":3},{"damage":0,"enemies":"Lagavulin","floor":11,"turns":7},{"damage":0,"enemies":"2 Fungi Beasts","floor":12,"turns":2},{"damage":0,"enemies":"Large Slime","floor":14,"turns":3},{"damage":4,"enemies":"Hexaghost","floor":16,"turns":7},{"damage":0,"enemies":"Spheric Guardian","floor":18,"turns":2},{"damage":0,"enemies":"2 Thieves","floor":21,"turns":3},{"damage":1,"enemies":"Snecko","floor":22,"turns":7},{"damage":23,"enemies":"Book of Stabbing","floor":23,"turns":7},{"damage":21,"enemies":"Slavers","floor":25,"turns":6},{"damage":0,"enemies":"Book of Stabbing","floor":28,"turns":3},{"damage":0,"enemies":"Centurion and Healer","floor":31,"turns":3},{"damage":4,"enemies":"Champ","floor":33,"turns":7},{"damage":8,"enemies":"3 Darklings","floor":35,"turns":3},{"damage":0,"enemies":"3 Shapes","floor":36,"turns":1},{"damage":0,"enemies":"Mind Bloom Boss Battle","floor":37,"turns":3},{"damage":29,"enemies":"Nemesis","floor":40,"turns":3},{"damage":0,"enemies":"Transient","floor":42,"turns":5},{"damage":0,"enemies":"Jaw Worm Horde","floor":44,"turns":5},{"damage":0,"enemies":"Maw","floor":46,"turns":5},{"damage":10,"enemies":"Reptomancer","floor":47,"turns":4},{"damage":0,"enemies":"4 Shapes","floor":48,"turns":4},{"damage":31,"enemies":"Donu and Deca","floor":50,"turns":7},{"damage":14,"enemies":"Shield and Spear","floor":54,"turns":4},{"damage":74,"enemies":"The Heart","floor":55,"turns":6}],"seed_played":"-5715712454250200454","potions_obtained":[{"floor":1,"key":"FairyPotion"},{"floor":6,"key":"StancePotion"},{"floor":10,"key":"Explosive Potion"},{"floor":11,"key":"DuplicationPotion"},{"floor":12,"key":"Energy Potion"},{"floor":18,"key":"BottledMiracle"},{"floor":25,"key":"DistilledChaos"},{"floor":28,"key":"Swift Potion"}],"is_trial":false,"path_per_floor":["M","?","?","M","?","E","R","E","T","M","E","M","?","M","R","B",null,"M","?","$","M","M","E","$","E","T","R","E","?","R","M","R","B",null,"M","M","?","?","?","E","R","M","T","M","R","M","E","M","R","B",null,"R","$","E","B",null],"character_chosen":"WATCHER","items_purchased":["Nirvana","ThirdEye","JustLucky","Adaptation","Bottled Lightning"],"campfire_rested":1,"item_purchase_floors":[20,20,20,53,53],"current_hp_per_floor":[72,72,69,69,69,21,21,15,15,14,14,16,40,42,42,65,72,72,72,72,72,71,49,49,30,30,30,32,19,42,44,44,67,77,69,71,77,68,68,41,41,43,43,45,45,47,39,41,41,37,77,77,77,63,3],"gold":114,"neow_bonus":"RANDOM_COMMON_RELIC","is_daily":false,"chose_seed":false,"campfire_upgraded":7,"win_rate":0.0,"timestamp":1612468382,"path_taken":["M","?","?","?","?","E","R","E","T","M","E","M","?","M","R","BOSS","M","?","$","M","?","E","$","E","T","R","E","?","R","M","R","BOSS","M","M","?","?","?","E","R","M","T","M","R","M","E","M","R","BOSS","R","$","E","BOSS"],"items_purchased_type":["Card","Card","Card","Card","Relic"],"build_version":"2020-12-22","purchased_purges":2,"victory":true,"max_hp_per_floor":[72,72,72,72,72,72,72,72,72,72,72,72,72,72,72,72,72,72,72,72,72,72,72,72,72,72,72,72,77,77,77,77,77,77,77,77,77,77,77,77,77,77,77,77,77,77,77,77,77,77,77,77,77,77,77],"relic_stats":{"Happy Flower":[13],"counters":[29,131],"Bag of Preparation":[58],"Juzu Bracelet":0,"Letter Opener":[192],"Boot":[69],"Blood Vial":35,"Sozu":7,"Nunchaku":[16],"Shuriken":[113],"Pantograph":91,"obtain_stats":[{"Happy Flower":40,"Damaru":25,"Oddly Smooth Stone":47,"Bag of Preparation":0,"Juzu Bracelet":23,"Letter Opener":28,"Ancient Tea Set":6,"Boot":9,"Blood Vial":11,"Sozu":34,"Nunchaku":43,"Anchor":54,"Shuriken":3,"Pantograph":8,"HolyWater":17,"Bottled Lightning":53,"PureWater":0,"TungstenRod":37},{"Happy Flower":21,"Damaru":14,"Oddly Smooth Stone":25,"Bag of Preparation":0,"Juzu Bracelet":13,"Letter Opener":15,"Ancient Tea Set":3,"Boot":4,"Blood Vial":6,"Sozu":17,"Nunchaku":22,"Anchor":28,"Shuriken":1,"Pantograph":4,"HolyWater":9,"Bottled Lightning":27,"PureWater":0,"TungstenRod":20},{"Happy Flower":91,"Damaru":68,"Oddly Smooth Stone":110,"Bag of Preparation":0,"Juzu Bracelet":62,"Letter Opener":71,"Ancient Tea Set":12,"Boot":21,"Blood Vial":31,"Sozu":81,"Nunchaku":96,"Anchor":125,"Shuriken":2,"Pantograph":21,"HolyWater":43,"Bottled Lightning":121,"PureWater":0,"TungstenRod":88}],"TungstenRod":29},"card_choices":[{"not_picked":["Evaluate","WaveOfTheHand"],"picked":"Adaptation","floor":1},{"not_picked":["SignatureMove","Vengeance"],"picked":"EmptyBody","floor":4},{"not_picked":["SignatureMove","Collect"],"picked":"TalkToTheHand","floor":6},{"not_picked":["Halt","Tantrum"],"picked":"FlurryOfBlows","floor":8},{"not_picked":["SashWhip","Evaluate"],"picked":"ForeignInfluence","floor":10},{"not_picked":["Study","SandsOfTime"],"picked":"Wireheading","floor":11},{"not_picked":["CrushJoints","Protect","DeceiveReality"],"picked":"SKIP","floor":12},{"not_picked":["CrushJoints","LikeWater"],"picked":"EmptyFist","floor":14},{"not_picked":["Ragnarok","Scrawl"],"picked":"SpiritShield","floor":16},{"not_picked":["CarveReality+1","FlyingSleeves"],"picked":"Crescendo","floor":18},{"not_picked":["BowlingBash","Crescendo"],"picked":"FollowUp","floor":21},{"not_picked":["Protect+1","Prostrate","Crescendo"],"picked":"SKIP","floor":22},{"not_picked":["Protect+1","Prostrate","Crescendo"],"picked":"SKIP","floor":22},{"not_picked":["Protect","ThirdEye"],"picked":"Weave","floor":23},{"not_picked":["Consecrate","CrushJoints"],"picked":"ClearTheMind","floor":25},{"not_picked":["Wireheading","ClearTheMind","CrushJoints"],"picked":"SKIP","floor":28},{"not_picked":["Conclude","FollowUp"],"picked":"JustLucky","floor":31},{"not_picked":["Ragnarok","SpiritShield"],"picked":"LessonLearned","floor":33},{"not_picked":["JustLucky","BowlingBash"],"picked":"Crescendo+1","floor":35},{"not_picked":["FlyingSleeves+1","Wallop+1"],"picked":"FlurryOfBlows+1","floor":36},{"not_picked":["Secret Technique","Deep Breath"],"picked":"Thinking Ahead","floor":38},{"not_picked":["Swift Strike","Magnetism"],"picked":"Mind Blast","floor":38},{"not_picked":["Swift Strike","Flash of Steel"],"picked":"Secret Weapon","floor":38},{"not_picked":["SignatureMove","Collect","Meditate+1"],"picked":"SKIP","floor":40},{"not_picked":["LikeWater","PathToVictory"],"picked":"Nirvana+1","floor":42},{"not_picked":["Consecrate+1","EmptyBody","CrushJoints+1"],"picked":"SKIP","floor":44},{"not_picked":["CrushJoints+1","JustLucky","CarveReality+1"],"picked":"SKIP","floor":46},{"not_picked":["Alpha","Scrawl"],"picked":"Sanctity","floor":47},{"not_picked":["PathToVictory+1","FollowUp+1"],"picked":"FlurryOfBlows+1","floor":48},{"not_picked":["Halt","Consecrate+1","Judgement"],"picked":"SKIP","floor":54}],"player_experience":124525,"relics_obtained":[{"floor":6,"key":"Ancient Tea Set"},{"floor":8,"key":"Pantograph"},{"floor":9,"key":"Boot"},{"floor":11,"key":"Blood Vial"},{"floor":23,"key":"Juzu Bracelet"},{"floor":25,"key":"Damaru"},{"floor":28,"key":"Letter Opener"},{"floor":37,"key":"TungstenRod"},{"floor":40,"key":"Happy Flower"},{"floor":43,"key":"Nunchaku"},{"floor":47,"key":"Oddly Smooth Stone"},{"floor":54,"key":"Anchor"}],"event_choices":[{"damage_healed":0,"gold_gain":0,"cards_transformed":["Defend_P"],"player_choice":"Change","damage_taken":0,"max_hp_gain":0,"max_hp_loss":0,"event_name":"Living Wall","floor":2,"gold_loss":0,"cards_obtained":["DeceiveReality"]},{"damage_healed":0,"gold_gain":0,"player_choice":"Success","damage_taken":3,"relics_obtained":["Shuriken"],"max_hp_gain":0,"max_hp_loss":0,"event_name":"Scrap Ooze","floor":3,"gold_loss":0},{"cards_removed":["Strike_P"],"damage_healed":0,"gold_gain":0,"player_choice":"Card Removal","damage_taken":0,"max_hp_gain":0,"max_hp_loss":0,"event_name":"The Cleric","floor":5,"gold_loss":50},{"damage_healed":24,"gold_gain":0,"player_choice":"Banana","damage_taken":0,"max_hp_gain":0,"max_hp_loss":0,"event_name":"Big Fish","floor":13,"gold_loss":0},{"damage_healed":0,"gold_gain":0,"cards_transformed":["Strike_P"],"player_choice":"Transformed","damage_taken":0,"max_hp_gain":0,"max_hp_loss":0,"event_name":"Transmorgrifier","floor":19,"gold_loss":0,"cards_obtained":["InnerPeace"]},{"damage_healed":0,"gold_gain":0,"player_choice":"Shed Blood","damage_taken":18,"max_hp_gain":5,"max_hp_loss":0,"event_name":"Forgotten Altar","floor":29,"gold_loss":0},{"damage_healed":0,"gold_gain":0,"player_choice":"Fight","damage_taken":0,"max_hp_gain":0,"max_hp_loss":0,"event_name":"MindBloom","floor":37,"gold_loss":0},{"damage_healed":0,"gold_gain":0,"player_choice":"Memory 3","damage_taken":10,"max_hp_gain":0,"max_hp_loss":0,"event_name":"SensoryStone","floor":38,"gold_loss":0},{"cards_removed":["Strike_P"],"damage_healed":0,"gold_gain":0,"player_choice":"Upgrade and Remove","damage_taken":0,"max_hp_gain":0,"max_hp_loss":0,"event_name":"Designer","floor":39,"gold_loss":90,"cards_upgraded":["JustLucky"]}],"is_beta":false,"boss_relics":[{"not_picked":["Velvet Choker","Fusion Hammer"],"picked":"HolyWater"},{"not_picked":["Coffee Dripper","Runic Dome"],"picked":"Sozu"}],"items_purged_floors":[20,24],"is_endless":false,"potions_floor_spawned":[1,6,10,11,12,18,25,28,35,36,42,46,47,48,54],"ascension_level":2}}