{"host":"iy2a593ihq2f18ts","time":1612409773,"event":{"mods":["2.2 Compatiblity","AchievementEnabler","BaseMod","Bestiary","Better Third Choice","Block Reminder","Card Forge","Curses Come First","Dark Map","Downfall","Energized Spire","Hermit","Marisa????????","Minty Spire (QoL Compilation)","Rare Cards Sparkle","Reliquary","Replay The Spire","StSLib","SuperFastMode","The Bug Knight","The Necromancer","The Runesmith","The Servant 0.9.4"],"gold_per_floor":[116,93,93,107,207,228,228,303,303,303,316,334,375,398,398,398,398],"floor_reached":16,"language":"ENG","playtime":269,"items_purged":[],"score":152,"play_id":"f569f910-ad99-410f-a1aa-c909c8c40f89","local_time":"20210203193613","is_ascension_mode":false,"campfire_choices":[{"floor":7,"key":"RECALL"},{"floor":15,"key":"REST"}],"circlet_count":0,"master_deck":["hermit:Strike_Hermit+1","hermit:Strike_Hermit+1","hermit:Defend_Hermit+1","hermit:Defend_Hermit+1","hermit:Defend_Hermit+1","hermit:Defend_Hermit+1","hermit:Snapshot+1","hermit:Covet+1","hermit:FullyLoaded+1","hermit:HighCaliber+1","hermit:Desperado+1","hermit:Purgatory+1","hermit:WideOpen+1","hermit:Enervate+1","hermit:Misfire+1"],"relics":["hermit:Momento","Hammer of Thor","Seething Fire","Anvil of the Gods","Golden Idol","Darkstone Periapt","Mummified Hand","reliquary:PorcupineQuills"],"acts_visited":["Exordium"],"potions_floor_usage":[16],"damage_taken":[{"damage":0,"enemies":"Jaw Worm","floor":1,"turns":2},{"damage":0,"enemies":"Small Slimes","floor":4,"turns":3},{"damage":0,"enemies":"2 Louse","floor":6,"turns":2},{"damage":0,"enemies":"Blue Slaver","floor":11,"turns":1},{"damage":0,"enemies":"Exordium Thugs","floor":12,"turns":3},{"damage":6,"enemies":"Gremlin Nob","floor":13,"turns":3},{"damage":7,"enemies":"3 Louse","floor":14,"turns":2},{"damage":144,"enemies":"Slime Boss","floor":16,"turns":2}],"seed_played":"4192892899892553626","potions_obtained":[{"floor":0,"key":"EntropicBrew"},{"floor":0,"key":"Adrenaline Potion"},{"floor":0,"key":"BlessingOfTheForge"}],"is_trial":false,"path_per_floor":["M","$","?","M","?","M","R","?","T","?","M","M","E","M","R","B"],"character_chosen":"HERMIT","items_purchased":["hermit:HighCaliber"],"campfire_rested":1,"item_purchase_floors":[2],"current_hp_per_floor":[75,75,75,75,110,110,110,99,99,99,99,99,93,86,110,0,0],"gold":398,"neow_bonus":"THREE_SMALL_POTIONS","is_daily":false,"chose_seed":false,"campfire_upgraded":0,"win_rate":0.0,"timestamp":1612409773,"path_taken":["M","$","?","M","?","M","R","?","T","?","M","?","E","M","R","BOSS"],"items_purchased_type":["Card"],"build_version":"2020-12-22","purchased_purges":0,"victory":false,"max_hp_per_floor":[75,75,75,75,110,110,110,110,110,110,110,110,110,110,110,110,110],"card_choices":[{"not_picked":["hermit:SprayPray","hermit:Deadeye"],"picked":"hermit:FullyLoaded","floor":1},{"not_picked":["hermit:ShadowCloak","hermit:Quickdraw"],"picked":"hermit:Desperado","floor":4},{"not_picked":["hermit:Roulette","hermit:CalledShot"],"picked":"hermit:WideOpen","floor":6},{"not_picked":["hermit:Vantage","hermit:Determination"],"picked":"hermit:Enervate","floor":11},{"not_picked":["hermit:Gestalt","hermit:CalledShot","hermit:Vantage"],"picked":"SKIP","floor":12},{"not_picked":["hermit:Glare","hermit:SprayPray"],"picked":"hermit:Misfire","floor":13},{"not_picked":["hermit:FromBeyond","hermit:Coalescence","hermit:HoleUp"],"picked":"SKIP","floor":14}],"player_experience":19379,"relics_obtained":[{"floor":9,"key":"Mummified Hand"},{"floor":13,"key":"reliquary:PorcupineQuills"}],"event_choices":[{"damage_healed":0,"gold_gain":0,"player_choice":"Take Wound","damage_taken":0,"relics_obtained":["Golden Idol"],"max_hp_gain":0,"max_hp_loss":0,"event_name":"Golden Idol","floor":3,"gold_loss":0,"cards_obtained":["Injury"]},{"damage_healed":0,"gold_gain":75,"player_choice":"Gold","damage_taken":11,"max_hp_gain":0,"max_hp_loss":0,"event_name":"betterThird:BetterGoop","floor":8,"gold_loss":0},{"cards_removed":["hermit:Strike_Hermit"],"damage_healed":0,"gold_gain":0,"player_choice":"Forget","damage_taken":0,"max_hp_gain":0,"max_hp_loss":0,"event_name":"Living Wall","floor":10,"gold_loss":0}],"is_beta":false,"boss_relics":[],"items_purged_floors":[],"is_endless":false,"potions_floor_spawned":[6,11,12],"killed_by":"Slime Boss","ascension_level":0}}