{"host":"j4g6ia6asvpyu2b0","time":1612461483,"event":{"mods":["BaseMod","Colored Map","Minty Spire (QoL Compilation)","Permanent Neow","Quick Restart","Relic Stats","StSLib","Unceasing Turn Reminder"],"gold_per_floor":[112,132,207,223,223,253,279,298,322,322,362,362,403,430,430,539,539,566,594,594,634,634,634],"floor_reached":22,"language":"ENG","playtime":692,"items_purged":[],"score":235,"play_id":"958a1c3c-2bbb-4148-ad69-56af48331710","local_time":"20210204105803","is_ascension_mode":true,"campfire_choices":[{"data":"Catalyst","floor":12,"key":"SMITH"},{"data":"Burst","floor":15,"key":"SMITH"}],"circlet_count":0,"master_deck":["Strike_G","Strike_G","Strike_G","Strike_G","Strike_G","Defend_G","Defend_G","Defend_G","Defend_G","Defend_G","Survivor","Neutralize","Dodge and Roll","Sucker Punch","Bouncing Flask+1","Deadly Poison","Catalyst+1","Deadly Poison","Burst+1","Backflip","Die Die Die","Outmaneuver+1","Poisoned Stab","Dagger Throw+1"],"relics":["Ring of the Snake","Blood Vial","Bronze Scales","Odd Mushroom","Toy Ornithopter","CeramicFish","Bottled Flame","Sozu","Red Mask"],"acts_visited":["Exordium","TheCity"],"potions_floor_usage":[11,11],"damage_taken":[{"damage":0,"enemies":"2 Louse","floor":1,"turns":3},{"damage":1,"enemies":"Small Slimes","floor":2,"turns":5},{"damage":6,"enemies":"Jaw Worm","floor":4,"turns":6},{"damage":33,"enemies":"Gremlin Nob","floor":6,"turns":5},{"damage":11,"enemies":"The Mushroom Lair","floor":7,"turns":4},{"damage":4,"enemies":"Blue Slaver","floor":8,"turns":3},{"damage":2,"enemies":"Lagavulin","floor":11,"turns":4},{"damage":13,"enemies":"Gremlin Nob","floor":13,"turns":3},{"damage":0,"enemies":"2 Fungi Beasts","floor":14,"turns":3},{"damage":10,"enemies":"Hexaghost","floor":16,"turns":7},{"damage":2,"enemies":"Chosen","floor":18,"turns":4},{"damage":30,"enemies":"2 Thieves","floor":19,"turns":3},{"damage":40,"enemies":"Masked Bandits","floor":21,"turns":4},{"damage":6,"enemies":"Centurion and Healer","floor":22,"turns":2}],"seed_played":"-5336992878255362434","potions_obtained":[{"floor":6,"key":"Regen Potion"},{"floor":7,"key":"FearPotion"},{"floor":8,"key":"Poison Potion"},{"floor":14,"key":"PowerPotion"},{"floor":16,"key":"LiquidMemories"}],"is_trial":false,"path_per_floor":["M","M","?","M","?","E","?","M","T","?","E","R","E","M","R","B",null,"M","M","?","?","M"],"character_chosen":"THE_SILENT","items_purchased":[],"campfire_rested":0,"item_purchase_floors":[],"current_hp_per_floor":[70,69,58,54,54,23,14,12,12,12,36,36,25,27,27,19,70,68,40,40,2,0,0],"gold":634,"neow_bonus":"RANDOM_COMMON_RELIC","is_daily":false,"chose_seed":false,"campfire_upgraded":2,"win_rate":0.0,"timestamp":1612461483,"path_taken":["M","M","?","M","?","E","?","?","T","?","E","R","E","M","R","BOSS","M","M","?","?","M"],"items_purchased_type":[],"build_version":"2020-12-22","purchased_purges":0,"victory":false,"max_hp_per_floor":[70,70,70,70,70,70,70,70,70,70,70,70,70,70,70,70,70,70,70,70,70,70,70],"relic_stats":{"Blood Vial":22,"Sozu":1,"counters":[14,56],"Bronze Scales":[108],"CeramicFish":63,"obtain_stats":[{"Blood Vial":0,"Sozu":17,"Bottled Flame":13,"Bronze Scales":6,"CeramicFish":11,"Red Mask":21,"Odd Mushroom":7,"Toy Ornithopter":9,"Ring of the Snake":0},{"Blood Vial":0,"Sozu":10,"Bottled Flame":8,"Bronze Scales":4,"CeramicFish":7,"Red Mask":13,"Odd Mushroom":5,"Toy Ornithopter":6,"Ring of the Snake":0},{"Blood Vial":0,"Sozu":43,"Bottled Flame":33,"Bronze Scales":19,"CeramicFish":30,"Red Mask":54,"Odd Mushroom":23,"Toy Ornithopter":26,"Ring of the Snake":0}],"Toy Ornithopter":10,"Ring of the Snake":[28]},"card_choices":[{"not_picked":["Bane","Deflect"],"picked":"Dodge and Roll","floor":1},{"not_picked":["Outmaneuver","Deflect"],"picked":"Sucker Punch","floor":2},{"not_picked":["Dagger Throw","Slice"],"picked":"Bouncing Flask","floor":4},{"not_picked":["Unload","Escape Plan"],"picked":"Deadly Poison","floor":6},{"not_picked":["Dagger Spray","Choke"],"picked":"Catalyst","floor":7},{"not_picked":["Setup","Endless Agony","Eviscerate"],"picked":"SKIP","floor":8},{"not_picked":["Dagger Throw","Cloak And Dagger"],"picked":"Deadly Poison","floor":11},{"not_picked":["Escape Plan","Flechettes"],"picked":"Burst","floor":13},{"not_picked":["Deflect","Bane"],"picked":"Backflip","floor":14},{"not_picked":["Phantasmal Killer","Storm of Steel"],"picked":"Die Die Die","floor":16},{"not_picked":["Escape Plan","Dagger Throw"],"picked":"Outmaneuver+1","floor":18},{"not_picked":["Outmaneuver+1","Cloak And Dagger"],"picked":"Poisoned Stab","floor":19},{"not_picked":["Dodge and Roll","Poisoned Stab"],"picked":"Dagger Throw+1","floor":21}],"player_experience":1147229,"relics_obtained":[{"floor":6,"key":"Bronze Scales"},{"floor":7,"key":"Odd Mushroom"},{"floor":9,"key":"Toy Ornithopter"},{"floor":11,"key":"CeramicFish"},{"floor":13,"key":"Bottled Flame"},{"floor":21,"key":"Red Mask"}],"event_choices":[{"damage_healed":0,"gold_gain":75,"player_choice":"Gather Gold","damage_taken":11,"max_hp_gain":0,"max_hp_loss":0,"event_name":"World of Goop","floor":3,"gold_loss":0},{"damage_healed":0,"gold_gain":0,"player_choice":"Grow","damage_taken":0,"max_hp_gain":0,"max_hp_loss":0,"event_name":"Living Wall","floor":5,"gold_loss":0,"cards_upgraded":["Bouncing Flask"]},{"damage_healed":0,"gold_gain":0,"player_choice":"Fought Mushrooms","damage_taken":0,"max_hp_gain":0,"max_hp_loss":0,"event_name":"Mushrooms","floor":7,"gold_loss":0},{"damage_healed":0,"gold_gain":0,"player_choice":"Ignored","damage_taken":0,"max_hp_gain":0,"max_hp_loss":0,"event_name":"Shining Light","floor":10,"gold_loss":0},{"damage_healed":0,"gold_gain":0,"player_choice":"Ignored","damage_taken":0,"max_hp_gain":0,"max_hp_loss":0,"event_name":"Ghosts","floor":20,"gold_loss":0},{"damage_healed":0,"gold_gain":0,"player_choice":"Fought Bandits","damage_taken":0,"max_hp_gain":0,"max_hp_loss":0,"event_name":"Masked Bandits","floor":21,"gold_loss":0}],"is_beta":false,"boss_relics":[{"not_picked":["Ring of the Serpent","Runic Dome"],"picked":"Sozu"}],"items_purged_floors":[],"is_endless":false,"potions_floor_spawned":[6,7,8,14,16,18],"killed_by":"Centurion and Healer","ascension_level":3}}