{"host":"61y0z9o9vf3ujftj","time":1612453637,"event":{"mods":["BaseMod","Colored Map","Colored Powertips","GifTheSpireLib","HexUI Lib","Highlight Path","Minty Spire (QoL Compilation)","Permanent Neow","Relic Stats","StSLib","ojb\u0027s Info Mod"],"gold_per_floor":[115,115,127,127,137,137,172,172,172,183,198,198,218,247,247,247,247],"floor_reached":16,"language":"ENG","playtime":1588,"items_purged":[],"score":185,"play_id":"8af10e10-a258-4d78-8a75-6e2675b373ab","local_time":"20210204094717","is_ascension_mode":true,"campfire_choices":[{"data":"Carnage","floor":6.0,"key":"SMITH"},{"data":"Bash","floor":8.0,"key":"SMITH"},{"data":"Corruption","floor":12.0,"key":"SMITH"},{"data":"Cleave","floor":15.0,"key":"SMITH"}],"circlet_count":0,"master_deck":["AscendersBane","Strike_R","Strike_R","Strike_R","Strike_R","Strike_R","Defend_R","Defend_R","Defend_R","Defend_R","Bash+1","Carnage+1","Dual Wield","Corruption+1","Body Slam","Cleave+1","Shrug It Off"],"relics":["Coffee Dripper","Eternal Feather","Sundial","Strawberry"],"acts_visited":["Exordium"],"potions_floor_usage":[16,16],"damage_taken":[{"damage":4.0,"enemies":"2 Louse","floor":1.0,"turns":2.0},{"damage":0.0,"enemies":"Jaw Worm","floor":3.0,"turns":3.0},{"damage":1.0,"enemies":"Cultist","floor":5.0,"turns":3.0},{"damage":25.0,"enemies":"3 Sentries","floor":7.0,"turns":8.0},{"damage":18.0,"enemies":"Large Slime","floor":10.0,"turns":2.0},{"damage":2.0,"enemies":"3 Louse","floor":11.0,"turns":3.0},{"damage":22.0,"enemies":"Exordium Thugs","floor":13.0,"turns":4.0},{"damage":20.0,"enemies":"Lagavulin","floor":14.0,"turns":5.0},{"damage":54,"enemies":"The Guardian","floor":16,"turns":9}],"seed_played":"-5926884346240046427","potions_obtained":[{"floor":1.0,"key":"BloodPotion"},{"floor":5.0,"key":"GamblersBrew"},{"floor":10.0,"key":"BloodPotion"},{"floor":14.0,"key":"DuplicationPotion"}],"is_trial":false,"path_per_floor":["M","?","M","?","M","R","E","R","T","M","M","R","M","E","R","B"],"character_chosen":"IRONCLAD","items_purchased":[],"campfire_rested":0,"item_purchase_floors":[],"current_hp_per_floor":[68,73,73,73,72,72,47,53,53,52,50,59,37,24,33,0,0],"gold":247,"neow_bonus":"BOSS_RELIC","is_daily":false,"chose_seed":false,"campfire_upgraded":4,"win_rate":0.0,"timestamp":1612453637,"path_taken":["M","?","M","?","M","R","E","R","T","M","M","R","M","E","R","BOSS"],"items_purchased_type":[],"build_version":"2020-12-22","purchased_purges":0,"victory":false,"max_hp_per_floor":[80,85,85,85,85,85,85,85,85,85,85,85,85,92,92,92,92],"relic_stats":{"counters":[9,39],"Sundial":[2],"Eternal Feather":24,"obtain_stats":[{"Sundial":9,"Strawberry":14,"Eternal Feather":7,"Coffee Dripper":0,"Burning Blood":0},{"Sundial":4,"Strawberry":8,"Eternal Feather":4,"Coffee Dripper":0,"Burning Blood":0},{"Sundial":16,"Strawberry":30,"Eternal Feather":16,"Coffee Dripper":0,"Burning Blood":0}]},"card_choices":[{"not_picked":["Power Through","Twin Strike"],"picked":"Carnage","floor":1.0},{"not_picked":["Flex","Entrench","Bloodletting"],"picked":"SKIP","floor":3.0},{"not_picked":["Flex","Wild Strike"],"picked":"Dual Wield","floor":5.0},{"not_picked":["Uppercut","Ghostly Armor"],"picked":"Corruption","floor":7.0},{"not_picked":["Heavy Blade","Combust","Dual Wield"],"picked":"SKIP","floor":10.0},{"not_picked":["Hemokinesis","Rupture"],"picked":"Body Slam","floor":11.0},{"not_picked":["Intimidate","Havoc"],"picked":"Cleave","floor":13.0},{"not_picked":["Havoc","Pommel Strike"],"picked":"Shrug It Off","floor":14.0}],"player_experience":506033,"relics_obtained":[{"floor":7.0,"key":"Eternal Feather"},{"floor":9.0,"key":"Sundial"},{"floor":14.0,"key":"Strawberry"}],"event_choices":[{"damage_healed":0.0,"max_hp_gain":5.0,"max_hp_loss":0.0,"gold_gain":0.0,"event_name":"Big Fish","player_choice":"Donut","floor":2.0,"gold_loss":0.0,"damage_taken":0.0},{"damage_healed":0.0,"max_hp_gain":0.0,"max_hp_loss":0.0,"gold_gain":0.0,"event_name":"The Woman in Blue","player_choice":"Bought 0 Potions","floor":4.0,"gold_loss":0.0,"damage_taken":0.0}],"is_beta":false,"boss_relics":[],"items_purged_floors":[],"is_endless":false,"potions_floor_spawned":[1,5,10,14],"killed_by":"The Guardian","ascension_level":13}}