{"host":"dhlnk6yox2l1s6up","time":1612404953,"event":{"mods":["BaseMod","Bestiary","Colored Map","Highlight Path","Minty Spire (QoL Compilation)","Relic Stats","StSLib"],"gold_per_floor":[115,115,11,11,25,64,64,97,97,115,149,2,2,20,20,146,146,120,134,224,224,224],"floor_reached":21,"language":"ENG","playtime":4931,"items_purged":[],"score":333,"play_id":"dfde101b-d359-4c1f-9b37-5e76de8e8020","local_time":"20210203201553","is_ascension_mode":true,"campfire_choices":[{"data":"Envenom","floor":7,"key":"SMITH"},{"data":"Dagger Spray","floor":13,"key":"SMITH"},{"data":"Backstab","floor":15,"key":"SMITH"}],"circlet_count":0,"master_deck":["AscendersBane","Strike_G","Strike_G","Strike_G","Strike_G","Strike_G","Defend_G","Defend_G","Defend_G","Defend_G","Defend_G","Survivor","Neutralize","Deadly Poison","Noxious Fumes","Dagger Spray+1","Backstab+1","Envenom+1","Leg Sweep","Footwork","PiercingWail","Adrenaline","Dagger Throw+1","Acrobatics+1","Discovery"],"relics":["Ring of the Snake","NeowsBlessing","Golden Idol","Question Card","WingedGreaves","Orichalcum","Anchor","Lee\u0027s Waffle","Philosopher\u0027s Stone"],"acts_visited":["Exordium","TheCity"],"potions_floor_usage":[11,11,18,21,21],"damage_taken":[{"damage":0,"enemies":"Small Slimes","floor":1,"turns":1},{"damage":0,"enemies":"Jaw Worm","floor":5,"turns":1},{"damage":0,"enemies":"3 Sentries","floor":6,"turns":1},{"damage":21,"enemies":"Gremlin Nob","floor":8,"turns":4},{"damage":0,"enemies":"Cultist","floor":10,"turns":3},{"damage":11,"enemies":"3 Sentries","floor":11,"turns":6},{"damage":7,"enemies":"Large Slime","floor":14,"turns":8},{"damage":46,"enemies":"Slime Boss","floor":16,"turns":14},{"damage":4,"enemies":"2 Thieves","floor":18,"turns":5},{"damage":16,"enemies":"Spheric Guardian","floor":19,"turns":6},{"damage":18,"enemies":"Snake Plant","floor":21,"turns":6}],"seed_played":"7238647050109094957","potions_obtained":[{"floor":5,"key":"Fire Potion"},{"floor":8,"key":"CultistPotion"},{"floor":10,"key":"ColorlessPotion"},{"floor":16,"key":"PowerPotion"}],"is_trial":false,"path_per_floor":["M","?","$","?","M","E","R","E","T","M","E","$","R","M","R","B",null,"M","M","?","M"],"character_chosen":"THE_SILENT","items_purchased":["Noxious Fumes","Dagger Spray","Lee\u0027s Waffle"],"campfire_rested":0,"item_purchase_floors":[3,3,12],"current_hp_per_floor":[63,63,63,45,45,45,45,24,24,24,13,72,72,65,65,19,59,55,39,15,0,0],"gold":224,"neow_bonus":"THREE_ENEMY_KILL","is_daily":false,"chose_seed":false,"campfire_upgraded":3,"win_rate":0.0,"timestamp":1612404953,"path_taken":["M","?","$","?","M","E","R","E","T","M","E","$","R","M","R","BOSS","M","M","?","M"],"items_purchased_type":["Card","Card","Relic"],"build_version":"2020-12-22","purchased_purges":0,"victory":false,"max_hp_per_floor":[70,65,65,65,65,65,65,65,65,65,65,72,72,72,72,72,72,72,72,72,72,72],"relic_stats":{"Lee\u0027s Waffle":59,"counters":[11,55],"Golden Idol":65,"Orichalcum":[84],"Question Card":9,"obtain_stats":[{"Anchor":11,"Lee\u0027s Waffle":12,"NeowsBlessing":0,"Golden Idol":2,"Philosopher\u0027s Stone":17,"WingedGreaves":6,"Orichalcum":8,"Question Card":4,"Ring of the Snake":0},{"Anchor":6,"Lee\u0027s Waffle":6,"NeowsBlessing":0,"Golden Idol":1,"Philosopher\u0027s Stone":8,"WingedGreaves":3,"Orichalcum":4,"Question Card":1,"Ring of the Snake":0},{"Anchor":16,"Lee\u0027s Waffle":16,"NeowsBlessing":0,"Golden Idol":1,"Philosopher\u0027s Stone":38,"WingedGreaves":3,"Orichalcum":7,"Question Card":1,"Ring of the Snake":0}],"Ring of the Snake":[22]},"card_choices":[{"not_picked":["Dodge and Roll","Calculated Gamble"],"picked":"Deadly Poison","floor":1},{"not_picked":["Dagger Throw","Dodge and Roll","Tactician"],"picked":"Backstab","floor":5},{"not_picked":["Heel Hook","Underhanded Strike","Blade Dance"],"picked":"Envenom","floor":6},{"not_picked":["All Out Attack","Poisoned Stab","Backstab","Concentrate"],"picked":"SKIP","floor":8},{"not_picked":["Backflip","Dagger Spray","Prepared"],"picked":"Leg Sweep","floor":10},{"not_picked":["Acrobatics","Dagger Throw","Dagger Spray"],"picked":"Footwork","floor":11},{"not_picked":["Masterful Stab","Deflect","Distraction"],"picked":"PiercingWail","floor":14},{"not_picked":["Tools of the Trade","Night Terror","Doppelganger"],"picked":"Adrenaline","floor":16},{"not_picked":["Acrobatics","Reflex","Setup"],"picked":"Dagger Throw+1","floor":18},{"not_picked":["Quick Slash","Escape Plan","Deadly Poison"],"picked":"Acrobatics+1","floor":19}],"player_experience":6095178,"relics_obtained":[{"floor":6,"key":"WingedGreaves"},{"floor":8,"key":"Orichalcum"},{"floor":11,"key":"Anchor"}],"event_choices":[{"damage_healed":0,"gold_gain":0,"player_choice":"Lose Max HP","damage_taken":0,"relics_obtained":["Golden Idol"],"max_hp_gain":0,"max_hp_loss":5,"event_name":"Golden Idol","floor":2,"gold_loss":0},{"damage_healed":0,"gold_gain":0,"player_choice":"Success","damage_taken":18,"relics_obtained":["Question Card"],"max_hp_gain":0,"max_hp_loss":0,"event_name":"Scrap Ooze","floor":4,"gold_loss":0},{"damage_healed":0,"gold_gain":90,"player_choice":"POTION GOLD CARD ","damage_taken":24,"max_hp_gain":0,"max_hp_loss":0,"event_name":"Knowing Skull","floor":20,"potions_obtained":["DuplicationPotion"],"gold_loss":0,"cards_obtained":["Discovery"]}],"is_beta":false,"boss_relics":[{"not_picked":["Tiny House","Pandora\u0027s Box"],"picked":"Philosopher\u0027s Stone"}],"items_purged_floors":[],"is_endless":false,"potions_floor_spawned":[5,8,10,16],"killed_by":"Snake Plant","ascension_level":10}}