{"host":"andja9kgajlggmm4","time":1612481844,"event":{"mods":["BaseMod","Downfall","Hubris","Infinite Spire","MarisaÅiñ∂âJÅ@ñÇóùçπÅj","Minty Spire (QoL Compilation)","StSLib","The Cursed","The Servant 0.9.4"],"gold_per_floor":[109,109,109,127,141,141,153,153,179,254,254,274,274,339,339,437,487,503,503,61,80,96,96,96,115,138,165,179,179,213,225,225,330,330,341,341,30,48,64,64,64],"floor_reached":40,"language":"ENG","playtime":2584,"items_purged":["Strike_R","Strike_R+1"],"score":443,"play_id":"261be998-6e71-41c7-b145-ad88f1394170","local_time":"20210205003724","is_ascension_mode":false,"campfire_choices":[{"data":"Juggernaut","floor":6,"key":"SMITH"},{"data":"Metallicize","floor":8,"key":"SMITH"},{"data":"Shrug It Off","floor":11,"key":"SMITH"},{"data":"Warcry","floor":13,"key":"SMITH"},{"data":"Defend_R","floor":15,"key":"SMITH"},{"data":"Shrug It Off","floor":23,"key":"SMITH"},{"data":"Flame Barrier","floor":29,"key":"SMITH"},{"data":"Armaments","floor":32,"key":"SMITH"}],"circlet_count":0,"master_deck":["Strike_R+1","Strike_R+1","Defend_R+1","Defend_R+1","Defend_R+1","Defend_R+1","Bash+1","Juggernaut+1","Shrug It Off+1","Defend_R+1","Spot Weakness+1","Metallicize+1","Warcry+1","Thunderclap","Feed","Cleave","Shrug It Off+1","hubris:ReadiedAction+1","Cleave","Twin Strike+1","Iron Wave","Metallicize","Flame Barrier+1","Body Slam","Armaments+1","Berserk","CurseOfTheBell","Body Slam+1","hubris:Insight","Flame Barrier","Spot Weakness+1"],"relics":["Burning Blood","Ancient Tea Set","hubris:ChampionShield","Shuriken","Tiny House","hubris:Towel","Membership Card","hubris:PeanutButter","PreservedInsect","Nunchaku","Regal Pillow","War Paint","Calling Bell","Centennial Puzzle","Pantograph","Mango","hubris:GlazedTorus","infinitespire:Beetle Shell"],"acts_visited":["Exordium","TheCity","TheBeyond"],"potions_floor_usage":[16,21,22,30,40,40],"damage_taken":[{"damage":12,"enemies":"Jaw Worm","floor":1,"turns":5},{"damage":3,"enemies":"Small Slimes","floor":4,"turns":4},{"damage":1,"enemies":"Cultist","floor":5,"turns":5},{"damage":9,"enemies":"2 Fungi Beasts","floor":7,"turns":6},{"damage":0,"enemies":"Looter","floor":12,"turns":2},{"damage":12,"enemies":"3 Sentries","floor":14,"turns":7},{"damage":33,"enemies":"The Guardian","floor":16,"turns":12},{"damage":0,"enemies":"Chosen","floor":18,"turns":5},{"damage":21,"enemies":"2 Thieves","floor":21,"turns":4},{"damage":7,"enemies":"Cultist and Chosen","floor":22,"turns":6},{"damage":6,"enemies":"Snecko","floor":25,"turns":8},{"damage":23,"enemies":"Gremlin Leader","floor":27,"turns":8},{"damage":0,"enemies":"Shelled Parasite and Fungi","floor":28,"turns":9},{"damage":10,"enemies":"Nightmare","floor":30,"turns":7},{"damage":9,"enemies":"Snake Plant","floor":31,"turns":7},{"damage":55,"enemies":"Collector","floor":33,"turns":10},{"damage":25,"enemies":"Orb Walker","floor":35,"turns":7},{"damage":0,"enemies":"3 Shapes","floor":38,"turns":6},{"damage":35,"enemies":"Transient","floor":39,"turns":5},{"damage":101,"enemies":"Giant Head","floor":40,"turns":9}],"seed_played":"2840652579972413276","potions_obtained":[{"floor":1,"key":"champ:CounterPotion"},{"floor":12,"key":"sneckomod:MuddlingPotion"},{"floor":14,"key":"FearPotion"},{"floor":16,"key":"Explosive Potion"},{"floor":17,"key":"ElixirPotion"},{"floor":18,"key":"Regen Potion"},{"floor":22,"key":"BloodPotion"},{"floor":27,"key":"Regen Potion"},{"floor":33,"key":"FearPotion"},{"floor":38,"key":"EssenceOfSteel"},{"floor":39,"key":"bronze:BurnAndBuffPotion"}],"is_trial":false,"path_per_floor":["M","?","?","M","M","R","M","R","T","?","R","M","R","?","R","B",null,"M","?","$","M","M","R","?","M","T","E","M","R","NM","M","R","B",null,"M","?","$","M","M","E"],"character_chosen":"IRONCLAD","items_purchased":["Membership Card","hubris:ReadiedAction","hubris:PeanutButter","PreservedInsect","hubris:GlazedTorus","infinitespire:Beetle Shell","hubris:Insight"],"campfire_rested":0,"item_purchase_floors":[20,20,20,20,37,37,37],"current_hp_per_floor":[74,67,67,70,75,75,72,72,72,61,61,67,67,61,61,34,85,88,88,88,73,90,90,90,90,90,73,79,79,84,84,84,35,108,89,89,89,95,66,0,0],"gold":64,"neow_bonus":"ONE_RANDOM_RARE_CARD","is_daily":false,"chose_seed":false,"campfire_upgraded":8,"win_rate":0.0,"timestamp":1612481844,"path_taken":["M","?","?","M","M","R","?","R","T","?","R","M","R","?","R","BOSS","M","?","$","M","M","R","?","M","T","E","M","R","NM","M","R","BOSS","M","?","?","?","M","E"],"items_purchased_type":["Relic","Card","Relic","Relic","Relic","Relic","Card"],"build_version":"2020-12-22","purchased_purges":2,"victory":false,"max_hp_per_floor":[80,80,80,80,80,80,80,80,80,80,80,80,80,80,80,80,85,88,88,88,88,91,91,91,91,91,91,91,91,91,94,94,94,108,108,108,108,108,108,108,108],"card_choices":[{"not_picked":["Iron Wave","Whirlwind"],"picked":"Shrug It Off","floor":1},{"not_picked":["Sword Boomerang","Shockwave"],"picked":"Spot Weakness","floor":4},{"not_picked":["Dual Wield","Armaments"],"picked":"Metallicize","floor":5},{"not_picked":["hubris:ReadiedAction","Impervious"],"picked":"Warcry","floor":7},{"not_picked":["Rupture","Reckless Charge"],"picked":"Thunderclap","floor":12},{"not_picked":["Offering","Brutality"],"picked":"Feed","floor":16},{"not_picked":["Thunderclap","Sword Boomerang"],"picked":"Cleave","floor":17},{"not_picked":["infinitespire:OneForAll+1","Burning Pact"],"picked":"Shrug It Off","floor":18},{"not_picked":["Rupture","Anger"],"picked":"Cleave","floor":21},{"not_picked":["Inflame","Rampage"],"picked":"Twin Strike+1","floor":22},{"not_picked":["Hemokinesis","Fire Breathing+1"],"picked":"Iron Wave","floor":25},{"not_picked":["Pommel Strike","Demon Form"],"picked":"Metallicize","floor":27},{"not_picked":["Fire Breathing","Flex"],"picked":"Flame Barrier","floor":28},{"not_picked":["Sever Soul+1","Shockwave"],"picked":"Body Slam","floor":30},{"not_picked":["Clash","Warcry"],"picked":"Armaments","floor":31},{"not_picked":["Brutality","Reaper"],"picked":"Berserk","floor":33},{"not_picked":["Cleave","Twin Strike"],"picked":"Body Slam+1","floor":35},{"not_picked":["Armaments","Sword Boomerang+1"],"picked":"Flame Barrier","floor":38},{"not_picked":["Reckless Charge","Heavy Blade"],"picked":"Spot Weakness+1","floor":39}],"player_experience":15887,"relics_obtained":[{"floor":9,"key":"hubris:ChampionShield"},{"floor":14,"key":"Shuriken"},{"floor":26,"key":"Nunchaku"},{"floor":27,"key":"Regal Pillow"},{"floor":30,"key":"War Paint"},{"floor":34,"key":"Centennial Puzzle"},{"floor":34,"key":"Pantograph"},{"floor":34,"key":"Mango"}],"event_choices":[{"damage_healed":0,"gold_gain":0,"player_choice":"Success","damage_taken":7,"relics_obtained":["Ancient Tea Set"],"max_hp_gain":0,"max_hp_loss":0,"event_name":"Scrap Ooze","floor":2,"gold_loss":0},{"cards_removed":["Strike_R"],"damage_healed":0,"gold_gain":0,"player_choice":"Took Card","damage_taken":0,"max_hp_gain":0,"max_hp_loss":0,"event_name":"NoteForYourself","floor":3,"gold_loss":0,"cards_obtained":["Defend_R"]},{"damage_healed":0,"gold_gain":75,"player_choice":"Gather Gold","damage_taken":11,"max_hp_gain":0,"max_hp_loss":0,"event_name":"World of Goop","floor":10,"gold_loss":0},{"damage_healed":0,"gold_gain":0,"player_choice":"Searched \u00271\u0027 times","damage_taken":0,"max_hp_gain":0,"max_hp_loss":0,"event_name":"Dead Adventurer","floor":14,"gold_loss":0},{"damage_healed":0,"gold_gain":0,"player_choice":"Simplicity","damage_taken":0,"max_hp_gain":0,"max_hp_loss":0,"event_name":"Back to Basics","floor":24,"gold_loss":0,"cards_upgraded":["Strike_R","Strike_R","Strike_R","Defend_R","Defend_R","Defend_R"]},{"damage_healed":0,"gold_gain":0,"player_choice":"Ignored","damage_taken":0,"max_hp_gain":0,"max_hp_loss":0,"event_name":"SecretPortal","floor":36,"gold_loss":0}],"is_beta":false,"boss_relics":[{"not_picked":["Runic Dome","Black Blood"],"picked":"Tiny House"},{"not_picked":["hubris:ScarierMask","hubris:RunicObelisk"],"picked":"Calling Bell"}],"items_purged_floors":[20,37],"is_endless":false,"potions_floor_spawned":[1,12,14,16,18,22,27,33,38,39],"killed_by":"Giant Head","ascension_level":0}}