{"host":"mnlj73t2ynwgq04b","time":1612447981,"event":{"mods":["100% Spire Juice","Act Like it!","AlwaysNeverKeys","BaseMod","CapriCore","Colored Map","Colored Powertips","FoggyMod","Gensokyo","GifTheSpireLib","Googly Eyes","GungeonMod","HexUI Lib","KinomotoSakuraMod(木之本樱)","Marisa（F雨　魔理沙）","Minty Spire (QoL Compilation)","MostiFishMod","Permanent Neow","Quick Restart","Rare Cards Sparkle","Red Circlet Mod","Remilia（蕾米莉亚）","Shop Mod","Spicy Shops","StSLib","The Immortal","The Senshi","Yakumo Yukari mod","【功能Mod】混沌之环修复补丁","篝火指南"],"gold_per_floor":[115,115,15,115,133,163,163,163,163,163,163,163,163,48,48,48,48],"floor_reached":16,"language":"ZHS","playtime":773,"items_purged":[],"score":94,"play_id":"4991236d-bc6b-487c-a36e-a4944ff88343","local_time":"20210204221301","is_ascension_mode":false,"campfire_choices":[{"data":"SpellCardSeal","floor":8,"key":"SMITH"},{"floor":12,"key":"REST"},{"data":"ClowCardTheSweet","floor":15,"key":"SMITH"}],"circlet_count":0,"master_deck":["ClowCardTheSword","ClowCardTheSword","ClowCardTheSword","ClowCardTheShield","ClowCardTheShield","SpellCardSeal+1","SpellCardRelease","ClowCardTheChange","ClowCardTheDream","ClowCardTheSweet+1","Clumsy"],"relics":["KSMOD_SealedBook","KSMOD_SealedWand","DaveBox","ChiXiaoBlade","SynthV:TestCard","DemoMod:OrangeGuonStone","Pear","Gremlin Horn","Juzu Bracelet","Gensokyo:NagashiBinaDoll","DemoMod:GnawedKey"],"acts_visited":["Gensokyo:Gensokyo"],"potions_floor_usage":[],"damage_taken":[{"damage":7.0,"enemies":"Gensokyo:3_Fairies","floor":1.0,"turns":6.0},{"damage":0.0,"enemies":"Gensokyo:Python","floor":5.0,"turns":2.0},{"damage":28,"enemies":"Gensokyo:Cirno","floor":6,"turns":6},{"damage":68,"enemies":"Gensokyo:Reimu","floor":16,"turns":7}],"seed_played":"3486202674090778840","potions_obtained":[{"floor":5.0,"key":"LiquidBronze"}],"is_trial":false,"path_per_floor":["M","?","?","?","M","E","?","R","T","T","?","R","?","$","R","B"],"character_chosen":"KINOMOTOSAKURA","items_purchased":["DemoMod:GnawedKey"],"campfire_rested":1,"item_purchase_floors":[14],"current_hp_per_floor":[63,35,35,35,35,17,17,17,17,17,17,41,41,41,41,0,0],"gold":48,"neow_bonus":"THREE_CARDS","is_daily":false,"chose_seed":false,"campfire_upgraded":2,"win_rate":0.0,"timestamp":1612447981,"path_taken":["M","?","?","?","?","E","?","R","T","?","?","R","?","$","R","BOSS"],"items_purchased_type":["Relic"],"build_version":"2020-12-22","purchased_purges":0,"victory":false,"max_hp_per_floor":[70,70,70,70,70,80,80,80,80,80,80,80,80,80,80,80,80],"card_choices":[{"not_picked":["ClowCardTheSilent","ClowCardTheMist"],"picked":"ClowCardTheChange","floor":0.0},{"not_picked":["ClowCardTheMirror","ClowCardTheChange"],"picked":"ClowCardTheDream","floor":1.0},{"not_picked":["ClowCardTheChange","ClowCardTheDream","ClowCardTheMist","ClowCardTheSnow","ClowCardTheIllusion"],"picked":"SKIP","floor":5.0},{"not_picked":["ClowCardTheBig","ClowCardTheSnow","ClowCardTheErase","ClowCardTheFight"],"picked":"ClowCardTheSweet","floor":6}],"player_experience":78328,"relics_obtained":[{"floor":1.0,"key":"SynthV:TestCard"},{"floor":6,"key":"Pear"},{"floor":9,"key":"Gremlin Horn"},{"floor":10,"key":"Juzu Bracelet"}],"event_choices":[],"is_beta":false,"boss_relics":[],"items_purged_floors":[],"is_endless":false,"potions_floor_spawned":[5],"killed_by":"Gensokyo:Reimu","ascension_level":0}}