{"host":"27c7lqff1bu0ydoz","time":1612441806,"event":{"mods":["AchievementEnabler","BaseMod","Block Reminder","CapriCore","GifTheSpireLib","Hubris","Infinite Spire","Minty Spire (QoL Compilation)","Rare Cards Sparkle","StSLib","The Immortal","yUi"],"gold_per_floor":[216,216,11,21,31,31,57,57,57,57,69,148,148,176,176,276,276,290,359,371,193,206,206,90,90,144,144,11,11,25,38,38,38,38,38],"floor_reached":33,"language":"ENG","playtime":2587,"items_purged":[],"score":278,"play_id":"5bc3c748-3c16-4c06-8458-3a47f54fdbac","local_time":"20210204133006","is_ascension_mode":true,"campfire_choices":[{"data":"MokouMod:BurningDraft","floor":6,"key":"SMITH"},{"floor":8,"key":"REST"},{"floor":10,"key":"REST"},{"floor":13,"key":"REST"},{"floor":15,"key":"REST"},{"floor":23,"key":"REST"},{"floor":25,"key":"REST"},{"data":"MokouMod:Overheat","floor":27,"key":"SMITH"},{"floor":32,"key":"REST"}],"circlet_count":0,"master_deck":["MokouMod:Strike","MokouMod:Strike","MokouMod:Strike","MokouMod:Strike","MokouMod:Strike","MokouMod:Defend","MokouMod:Defend","MokouMod:Defend","MokouMod:Defend","MokouMod:HeatSpark","MokouMod:ResoluteFlare","MokouMod:BurningDraft+1","MokouMod:Meltdown","MokouMod:Ember","MokouMod:ResonanceReactor","MokouMod:FusionFlare","MokouMod:IgnitionBlast+1","MokouMod:ResonanceReactor+1","MokouMod:ResonatingAura+1","MokouMod:DanceofFlames","MokouMod:Firecracker+1","MokouMod:InfernalWave+1","MokouMod:Overheat+1","MokouMod:Sear","MokouMod:BurningDraft+1","Regret","MokouMod:Wildfire","MokouMod:Sear","MokouMod:Overheat","MokouMod:Firecracker","MokouMod:Overheat+1"],"relics":["MokouMod:PhoenixFeather","Happy Flower","hubris:MobiusCoin","Frozen Egg 2","Unceasing Top","The Courier","Cursed Key","MealTicket","Anchor","Regal Pillow"],"acts_visited":["Exordium","TheCity"],"potions_floor_usage":[14,16,22,30,33],"damage_taken":[{"damage":7,"enemies":"Jaw Worm","floor":1,"turns":5},{"damage":1,"enemies":"infinitespire:Voidling","floor":4,"turns":2},{"damage":0,"enemies":"Cultist","floor":5,"turns":4},{"damage":44,"enemies":"3 Sentries","floor":7,"turns":9},{"damage":4,"enemies":"Gremlin Gang","floor":11,"turns":4},{"damage":26,"enemies":"Lagavulin","floor":12,"turns":6},{"damage":32,"enemies":"Gremlin Nob","floor":14,"turns":4},{"damage":61,"enemies":"Hexaghost","floor":16,"turns":10},{"damage":20,"enemies":"Spheric Guardian","floor":18,"turns":4},{"damage":24,"enemies":"Shell Parasite","floor":19,"turns":6},{"damage":37,"enemies":"Centurion and Healer","floor":20,"turns":6},{"damage":36,"enemies":"3 Cultists","floor":22,"turns":6},{"damage":28,"enemies":"Cultist and Chosen","floor":30,"turns":7},{"damage":23,"enemies":"Centurion and Healer","floor":31,"turns":7},{"damage":73,"enemies":"hubris:MusketHawk","floor":33,"turns":7}],"seed_played":"6847462795422374377","potions_obtained":[{"floor":1,"key":"SteroidPotion"},{"floor":2,"key":"Dexterity Potion"},{"floor":2,"key":"Regen Potion"},{"floor":2,"key":"FearPotion"},{"floor":5,"key":"Ancient Potion"},{"floor":14,"key":"Fruit Juice"},{"floor":16,"key":"GamblersBrew"},{"floor":20,"key":"SkillPotion"}],"is_trial":false,"path_per_floor":["M","?","$","M","M","R","E","R","T","R","M","E","R","E","R","B",null,"M","M","M","$","M","R","$","R","T","R","$","?","M","M","R","B"],"character_chosen":"MKU","items_purchased":["MokouMod:BurningDraft","Happy Flower","MokouMod:Overheat","MokouMod:Sear","MealTicket","Anchor","MokouMod:Wildfire","MokouMod:Sear","MokouMod:Overheat"],"campfire_rested":7,"item_purchase_floors":[3,3,21,21,21,24,28,28,28],"current_hp_per_floor":[68,68,68,67,67,67,23,45,45,67,63,37,59,32,56,16,80,60,36,20,20,8,32,47,71,71,71,80,80,52,29,68,0,0,0],"gold":38,"neow_bonus":"HUNDRED_GOLD","is_daily":false,"chose_seed":false,"campfire_upgraded":2,"win_rate":0.0,"timestamp":1612441806,"path_taken":["M","?","$","M","?","R","E","R","T","R","M","E","R","E","R","BOSS","M","?","M","$","?","R","?","R","T","R","$","?","M","M","R","BOSS"],"items_purchased_type":["Card","Relic","Card","Card","Relic","Relic","Card","Card","Card"],"build_version":"2020-12-22","purchased_purges":0,"victory":false,"max_hp_per_floor":[75,75,75,75,75,75,75,75,75,75,75,75,75,80,80,80,80,80,80,80,80,80,80,80,80,80,80,80,80,80,80,80,80,80,80],"card_choices":[{"not_picked":["MokouMod:IcarusDive","MokouMod:DanceofFlames"],"picked":"MokouMod:ResoluteFlare","floor":1},{"not_picked":["MokouMod:UncontrollableSolarReaction","MokouMod:Trailblazer"],"picked":"MokouMod:Meltdown","floor":4},{"not_picked":["MokouMod:TemporalFireSeal","MokouMod:BurningDraft"],"picked":"MokouMod:Ember","floor":5},{"not_picked":["MokouMod:PhoenixFeathers","MokouMod:FujiyamaVolcano"],"picked":"MokouMod:ResonanceReactor","floor":7},{"not_picked":["MokouMod:ResoluteFlare","MokouMod:BurningDraft"],"picked":"MokouMod:FusionFlare","floor":11},{"not_picked":["MokouMod:SearingShot","MokouMod:UncontrollableSolarReaction"],"picked":"MokouMod:IgnitionBlast+1","floor":12},{"not_picked":["MokouMod:Geothermal","MokouMod:Wildfire"],"picked":"MokouMod:ResonanceReactor+1","floor":14},{"not_picked":["MokouMod:ProfanedFlare","MokouMod:SearingBlow"],"picked":"MokouMod:ResonatingAura+1","floor":16},{"not_picked":["MokouMod:HeartofFire+1","MokouMod:ResoluteFlare"],"picked":"MokouMod:DanceofFlames","floor":18},{"not_picked":["MokouMod:Overheat","MokouMod:AdaptivePyromancy+1"],"picked":"MokouMod:Firecracker+1","floor":19},{"not_picked":["MokouMod:GuidingSmoke","MokouMod:RoaringFlare+1"],"picked":"MokouMod:InfernalWave+1","floor":20},{"not_picked":["MokouMod:CrimsonFlare","MokouMod:IndiscriminateIgnition"],"picked":"MokouMod:BurningDraft+1","floor":22},{"not_picked":["MokouMod:InfernalWave+1","MokouMod:BlazingComet+1"],"picked":"MokouMod:Firecracker","floor":30},{"not_picked":["MokouMod:Stoke","MokouMod:FlickeringFlame+1"],"picked":"MokouMod:Overheat+1","floor":31}],"player_experience":197761,"relics_obtained":[{"floor":7,"key":"hubris:MobiusCoin"},{"floor":9,"key":"Frozen Egg 2"},{"floor":12,"key":"Unceasing Top"},{"floor":14,"key":"The Courier"},{"floor":26,"key":"Regal Pillow"}],"event_choices":[{"damage_healed":0,"gold_gain":0,"player_choice":"Got Potions","damage_taken":0,"max_hp_gain":0,"max_hp_loss":0,"event_name":"Lab","floor":2,"gold_loss":0},{"damage_healed":0,"gold_gain":0,"player_choice":"Ignored","damage_taken":0,"max_hp_gain":0,"max_hp_loss":0,"event_name":"N\u0027loth","floor":29,"gold_loss":0}],"is_beta":false,"boss_relics":[{"not_picked":["Velvet Choker","Snecko Eye"],"picked":"Cursed Key"}],"items_purged_floors":[],"is_endless":false,"potions_floor_spawned":[1,5,11,14,16,20],"killed_by":"hubris:MusketHawk","ascension_level":1}}