{"host":"820xk69ekh5gtclf","time":1612398649,"event":{"mods":["Ascension Unlocker","BaseMod","Challenge The Spire","Curses Come First","Custom Start","Downfall","Minty Spire (QoL Compilation)","Relic Stats","StSLib"],"gold_per_floor":[119,134,150,161,171,171,171,202,282,302,321,321,349,365,365,466,466,466],"floor_reached":16,"language":"ENG","playtime":1042,"items_purged":[],"score":208,"play_id":"7bfd76ac-25a7-4525-8048-4c9a0c758e6a","local_time":"20210203193049","is_ascension_mode":true,"campfire_choices":[{"data":"Guardian:RefractedBeam","floor":6,"key":"SMITH"},{"data":"Guardian:RefractedBeam+1","floor":12,"key":"SMITH"},{"data":"Guardian:RefractedBeam+2","floor":15,"key":"SMITH"}],"circlet_count":0,"master_deck":["Guardian:Strike_Guardian","Guardian:Strike_Guardian","Guardian:Strike_Guardian","Guardian:Defend_Guardian","Guardian:Defend_Guardian","Guardian:Defend_Guardian","Guardian:Defend_Guardian","Guardian:CurlUp","Guardian:TwinSlam","Guardian:RefractedBeam+3","Guardian:ShieldCharger","Guardian:Suspension","Guardian:ArmoredProtocol"],"relics":["Guardian:ModeShifter","Centennial Puzzle","HornCleat","Ginger"],"acts_visited":["Exordium"],"potions_floor_usage":[],"damage_taken":[{"damage":1,"enemies":"Cultist","floor":1,"turns":5},{"damage":0,"enemies":"Small Slimes","floor":2,"turns":3},{"damage":0,"enemies":"2 Louse","floor":3,"turns":2},{"damage":8,"enemies":"Blue Slaver","floor":4,"turns":4},{"damage":5,"enemies":"Exordium Wildlife","floor":5,"turns":5},{"damage":16,"enemies":"Lagavulin","floor":8,"turns":7},{"damage":0,"enemies":"3 Louse","floor":10,"turns":3},{"damage":0,"enemies":"Large Slime","floor":11,"turns":6},{"damage":1,"enemies":"Gremlin Nob","floor":13,"turns":3},{"damage":8,"enemies":"Exordium Wildlife","floor":14,"turns":3},{"damage":38,"enemies":"The Guardian","floor":16,"turns":16}],"seed_played":"-128429573878424395","potions_obtained":[{"floor":3,"key":"PowerPotion"},{"floor":4,"key":"DuplicationPotion"},{"floor":8,"key":"Explosive Potion"},{"floor":13,"key":"LiquidMemories"}],"is_trial":false,"path_per_floor":["M","M","M","M","M","R","?","E","T","M","M","R","E","M","R","B"],"character_chosen":"GUARDIAN","items_purchased":[],"campfire_rested":0,"item_purchase_floors":[],"current_hp_per_floor":[87,87,87,79,74,74,67,51,51,51,51,51,50,42,42,4,4,4],"gold":466,"neow_bonus":"TEN_PERCENT_HP_BONUS","is_daily":false,"chose_seed":false,"campfire_upgraded":3,"win_rate":0.0,"timestamp":1612398649,"path_taken":["M","?","M","M","M","R","?","E","T","M","M","R","E","M","R","BOSS"],"items_purchased_type":[],"build_version":"2020-12-22","purchased_purges":0,"victory":false,"max_hp_per_floor":[88,88,88,88,88,88,88,88,88,88,88,88,88,88,88,88,88,88],"relic_stats":{"Centennial Puzzle":[9],"counters":[11,57],"Ginger":[0],"obtain_stats":[{"Centennial Puzzle":8,"HornCleat":9,"Guardian:ModeShifter":0,"Ginger":13},{"Centennial Puzzle":6,"HornCleat":6,"Guardian:ModeShifter":0,"Ginger":9},{"Centennial Puzzle":26,"HornCleat":26,"Guardian:ModeShifter":0,"Ginger":38}]},"card_choices":[{"not_picked":["Guardian:Planning","Guardian:TemporalShield"],"picked":"Guardian:Gem_Crimson","floor":1},{"not_picked":["Guardian:Gem_Lightblue","Guardian:Suspension"],"picked":"Guardian:RefractedBeam","floor":2},{"not_picked":["Guardian:TemporalStrike","Guardian:CrystalBeam"],"picked":"Guardian:ShieldCharger","floor":3},{"not_picked":["Guardian:Gem_Lightblue","Guardian:PrismaticBarrier"],"picked":"Guardian:Gem_Purple","floor":4},{"not_picked":["Guardian:MultiBeam","Guardian:Repulse"],"picked":"Guardian:Suspension","floor":5},{"not_picked":["Guardian:MultiBeam","Guardian:Gem_White"],"picked":"Guardian:Gem_Red","floor":8},{"not_picked":["Guardian:Suspension","Guardian:Gem_Orange","Guardian:DecasProtection"],"picked":"SKIP","floor":10},{"not_picked":["Guardian:TemporalStrike","Guardian:VentSteam","Guardian:WalkerClaw"],"picked":"SKIP","floor":11},{"not_picked":["Guardian:Gem_Lightblue","Guardian:Gem_Green"],"picked":"Guardian:ArmoredProtocol","floor":13},{"not_picked":["Guardian:Suspension","Guardian:Emergency","Guardian:ShieldCharger"],"picked":"SKIP","floor":14}],"player_experience":2331298,"relics_obtained":[{"floor":8,"key":"Centennial Puzzle"},{"floor":9,"key":"HornCleat"},{"floor":13,"key":"Ginger"}],"event_choices":[{"cards_removed":["Guardian:Strike_Guardian"],"damage_healed":0,"gold_gain":0,"player_choice":"Card Removal","damage_taken":7,"max_hp_gain":0,"max_hp_loss":0,"event_name":"Golden Wing","floor":7,"gold_loss":0}],"is_beta":false,"boss_relics":[],"items_purged_floors":[],"is_endless":false,"potions_floor_spawned":[3,4,8,13,16],"killed_by":"The Guardian","ascension_level":5}}