{"host":"tpbmol9dayg75a5s","time":1612455701,"event":{"mods":["BaseMod","Bestiary","Block Reminder","Colored Powertips","Dark Map","Downfall","Minty Spire (QoL Compilation)","Quick Restart","Relic Stats","Reliquary","Spire Arcade","StSLib"],"gold_per_floor":[99,110,110,122,32,49,49,63,63,96,96,131,144,144,155,253,253,153,165,185,201,9,28,54,54,54,70,70,3,3,20,40,40,40,40],"floor_reached":33,"language":"ENG","playtime":2158,"items_purged":["Guardian:Defend_Guardian","downfall:Malfunctioning"],"score":403,"play_id":"72f407dd-0545-47ef-9570-b57850c99b61","local_time":"20210204132141","is_ascension_mode":true,"campfire_choices":[{"floor":1,"key":"RECALL"},{"data":"Guardian:TwinSlam","floor":9,"key":"SMITH"},{"floor":11,"key":"REST"},{"data":"Guardian:PiercingHide","floor":18,"key":"SMITH"},{"data":"Guardian:HyperBeam_Guardian","floor":25,"key":"SMITH"},{"data":"Guardian:SphericShield","floor":30,"key":"SMITH"}],"circlet_count":0,"master_deck":["Guardian:Strike_Guardian","Guardian:Strike_Guardian","Guardian:Strike_Guardian","Guardian:Defend_Guardian","Guardian:Defend_Guardian","Guardian:Defend_Guardian+1","Guardian:CurlUp","Guardian:TwinSlam+1","Guardian:CrystalBeam+1","Guardian:PiercingHide+1","Guardian:RollAttack","Guardian:AncientConstruct","Guardian:Recover","Guardian:PrismaticBarrier+1","Guardian:Reroute","Guardian:HyperBeam_Guardian+1","Guardian:SentryBeam","Guardian:TemporalStrike","Guardian:Suspension+1","Guardian:SphericShield+1","Guardian:Orbwalk","downfall:Haunted","downfall:Haunted","Guardian:ChargeCore+1","Guardian:TemporalShield+1"],"relics":["Guardian:ModeShifter","hexamod:Sixitude","Bag of Marbles","Vajra","reliquary:Ember","downfall:HeartBlessingRed","reliquary:TatteredRug","Darkstone Periapt"],"acts_visited":["Exordium","TheCity"],"potions_floor_usage":[10,16,33],"damage_taken":[{"damage":9,"enemies":"Jaw Worm","floor":2,"turns":5},{"damage":2,"enemies":"Cultist","floor":4,"turns":4},{"damage":2,"enemies":"downfall:FleeingMerchant","floor":5,"turns":4},{"damage":2,"enemies":"Small Slimes","floor":6,"turns":5},{"damage":1,"enemies":"Blue Slaver","floor":8,"turns":4},{"damage":10,"enemies":"Lagavulin","floor":10,"turns":5},{"damage":16,"enemies":"Gremlin Nob","floor":12,"turns":4},{"damage":0,"enemies":"2 Fungi Beasts","floor":13,"turns":2},{"damage":6,"enemies":"Exordium Thugs","floor":15,"turns":4},{"damage":33,"enemies":"IC_STATUS_ARCHETYPE","floor":16,"turns":11},{"damage":1,"enemies":"Spheric Guardian","floor":19,"turns":3},{"damage":8,"enemies":"3 Byrds","floor":20,"turns":3},{"damage":4,"enemies":"Shelled Parasite and Fungi","floor":21,"turns":1},{"damage":7,"enemies":"downfall:FleeingMerchant","floor":22,"turns":4},{"damage":2,"enemies":"Centurion and Healer","floor":23,"turns":1},{"damage":2,"enemies":"3 Cultists","floor":27,"turns":3},{"damage":7,"enemies":"downfall:FleeingMerchant","floor":29,"turns":4},{"damage":22,"enemies":"Snecko","floor":31,"turns":3},{"damage":5,"enemies":"Centurion and Healer","floor":32,"turns":2},{"damage":27,"enemies":"WA_ARCHETYPE_CALM","floor":33,"turns":5}],"seed_played":"-2090913947204148714","potions_obtained":[{"floor":4,"key":"LiquidBronze"},{"floor":6,"key":"champ:CounterPotion"},{"floor":10,"key":"Fruit Juice"},{"floor":13,"key":"Weak Potion"},{"floor":16,"key":"Explosive Potion"},{"floor":31,"key":"sneckomod:MuddlingPotion"}],"is_trial":false,"path_per_floor":["R","M","?","M","$","M","T","M","R","E","R","E","M","?","M","B",null,"R","M","M","M","$","M","T","R","?","M","?","$","R","M","M","B"],"character_chosen":"GUARDIAN","items_purchased":["Guardian:SphericShield","Guardian:Gem_Cyan"],"campfire_rested":1,"item_purchase_floors":[22,29],"current_hp_per_floor":[72,63,63,61,59,57,57,56,56,51,76,60,60,60,54,21,69,69,68,60,56,49,47,47,47,59,57,57,50,50,28,23,0,0,0],"gold":40,"neow_bonus":"TRANSFORM_CARD","is_daily":false,"chose_seed":false,"campfire_upgraded":4,"win_rate":0.0,"timestamp":1612455701,"path_taken":["R","M","?","?","?","M","T","M","R","E","R","E","M","?","M","BOSS","R","M","M","M","$","M","T","R","?","M","?","$","R","M","M","BOSS"],"items_purchased_type":["Card","Card"],"build_version":"2020-12-22","purchased_purges":2,"victory":false,"max_hp_per_floor":[80,80,80,80,80,80,80,80,80,85,85,85,85,85,85,85,85,85,85,85,85,85,85,85,85,97,97,97,97,97,97,97,97,97,97],"relic_stats":{"Darkstone Periapt":12,"counters":[20,77],"obtain_stats":[{"Darkstone Periapt":26,"downfall:HeartBlessingRed":18,"Guardian:ModeShifter":0,"hexamod:Sixitude":7,"Vajra":12,"reliquary:TatteredRug":24,"Bag of Marbles":10,"reliquary:Ember":17},{"Darkstone Periapt":15,"downfall:HeartBlessingRed":10,"Guardian:ModeShifter":0,"hexamod:Sixitude":4,"Vajra":7,"reliquary:TatteredRug":15,"Bag of Marbles":6,"reliquary:Ember":10},{"Darkstone Periapt":60,"downfall:HeartBlessingRed":48,"Guardian:ModeShifter":0,"hexamod:Sixitude":18,"Vajra":31,"reliquary:TatteredRug":60,"Bag of Marbles":27,"reliquary:Ember":48}]},"card_choices":[{"not_picked":["Guardian:PrimingBeam","Guardian:ChargeCore"],"picked":"Guardian:Gem_Cyan","floor":2},{"not_picked":["Guardian:EvasiveProtocol","Guardian:Gem_Lightblue"],"picked":"Guardian:PiercingHide","floor":4},{"not_picked":["Guardian:FloatingOrbs","Guardian:Incinerate"],"picked":"Guardian:Gem_Lightblue","floor":5},{"not_picked":["Guardian:BronzeOrb","Guardian:WalkerClaw"],"picked":"Guardian:RollAttack","floor":6},{"not_picked":["Guardian:Harden","Guardian:WalkerClaw"],"picked":"Guardian:Gem_Green","floor":8},{"not_picked":["Guardian:PiercingHide","Guardian:ShieldCharger"],"picked":"Guardian:AncientConstruct","floor":10},{"not_picked":["Guardian:MultiBeam","Guardian:DonusPower"],"picked":"Guardian:Recover","floor":12},{"not_picked":["Guardian:WalkerClaw","Guardian:TimeCapacitor"],"picked":"Guardian:PrismaticBarrier","floor":13},{"not_picked":["Guardian:TimeCapacitor","Guardian:Incinerate"],"picked":"Guardian:Reroute","floor":15},{"not_picked":["Guardian:TimeSifter","Guardian:ConstructionForm"],"picked":"Guardian:HyperBeam_Guardian","floor":16},{"not_picked":["Guardian:Gem_Green","Guardian:PrimingBeam"],"picked":"Guardian:SentryBeam","floor":19},{"not_picked":["Guardian:Reroute","Guardian:SentryBeam"],"picked":"Guardian:TemporalStrike","floor":20},{"not_picked":["Guardian:TemporalShield","Guardian:PiercingHide","Guardian:Suspension"],"picked":"SKIP","floor":21},{"not_picked":["Guardian:FuturePlans","Guardian:TemporalStrike+1"],"picked":"Guardian:Suspension+1","floor":22},{"not_picked":["Guardian:FastForward","Guardian:PrimingBeam"],"picked":"Guardian:Orbwalk","floor":23},{"not_picked":["Guardian:ArmoredProtocol","Guardian:PrimingBeam"],"picked":"Guardian:Gem_Crimson","floor":27},{"not_picked":["Guardian:TimeCapacitor","Guardian:RollAttack","Guardian:CrystalBeam"],"picked":"SKIP","floor":29},{"not_picked":["Guardian:Planning+1","Guardian:DonusPower"],"picked":"Guardian:ChargeCore+1","floor":31},{"not_picked":["Guardian:Suspension","Guardian:PiercingHide+1"],"picked":"Guardian:TemporalShield+1","floor":32}],"player_experience":1099886,"relics_obtained":[{"floor":7,"key":"hexamod:Sixitude"},{"floor":10,"key":"Bag of Marbles"},{"floor":12,"key":"Vajra"},{"floor":24,"key":"reliquary:TatteredRug"}],"event_choices":[{"damage_healed":0,"gold_gain":0,"player_choice":"Ignored","damage_taken":0,"max_hp_gain":0,"max_hp_loss":0,"event_name":"Vampires","floor":28,"gold_loss":0}],"is_beta":false,"boss_relics":[{"not_picked":["Velvet Choker","Runic Dome"],"picked":"reliquary:Ember"}],"items_purged_floors":[5,22],"is_endless":false,"potions_floor_spawned":[4,6,10,13,16,21,27,31],"killed_by":"WA_ARCHETYPE_CALM","ascension_level":9}}