{"host":"nptej036rrbiurf5","time":1612420238,"event":{"mods":["BaseMod","Colored Map","Colored Powertips","DeckTracker","Minty Spire (QoL Compilation)","StSLib","SuperFastMode"],"gold_per_floor":[110,185,185,185,202,232,252,33,33,33,43,43,57,57,57,133,133,146,163,163,78,78,78,91,91,115,58,77,21,51,51,51],"floor_reached":31,"language":"KOR","playtime":702,"items_purged":[],"score":606,"play_id":"341d89fd-6836-45b0-b2a1-c3e80283e1f6","local_time":"20210204153038","is_ascension_mode":true,"campfire_choices":[{"data":"Apotheosis","floor":10.0,"key":"SMITH"},{"data":"Footwork","floor":12.0,"key":"SMITH"},{"data":"Bouncing Flask","floor":15.0,"key":"SMITH"},{"data":"Bullet Time","floor":23.0,"key":"SMITH"},{"data":"Footwork","floor":25.0,"key":"SMITH"}],"circlet_count":0,"master_deck":["AscendersBane","Strike_G","Strike_G","Defend_G","Defend_G","Defend_G","Defend_G","Defend_G","Survivor","Neutralize","Footwork+1","Cloak And Dagger","Dash","Footwork","Apotheosis+1","Acrobatics","Footwork+1","Bouncing Flask+1","Bullet Time+1","Blade Dance+1","Slice+1","Dash+1","Crippling Poison","Bouncing Flask","Acrobatics","PiercingWail+1","Backflip+1","Cloak And Dagger+1","Prepared+1","Calculated Gamble+1"],"relics":["Ring of the Snake","NeowsBlessing","Eternal Feather","Kunai","Pear","Astrolabe","Toxic Egg 2","Art of War"],"acts_visited":["Exordium","TheCity"],"potions_floor_usage":[30],"damage_taken":[{"damage":0.0,"enemies":"Small Slimes","floor":1.0,"turns":1.0},{"damage":0.0,"enemies":"2 Louse","floor":5.0,"turns":1.0},{"damage":0.0,"enemies":"Lagavulin","floor":6.0,"turns":1.0},{"damage":0.0,"enemies":"Cultist","floor":7.0,"turns":4.0},{"damage":0.0,"enemies":"2 Fungi Beasts","floor":11.0,"turns":4.0},{"damage":17.0,"enemies":"3 Louse","floor":13.0,"turns":5.0},{"damage":36.0,"enemies":"Slime Boss","floor":16.0,"turns":14.0},{"damage":3.0,"enemies":"3 Byrds","floor":18.0,"turns":6.0},{"damage":15.0,"enemies":"Spheric Guardian","floor":19.0,"turns":5.0},{"damage":24.0,"enemies":"Snake Plant","floor":24.0,"turns":6.0},{"damage":26.0,"enemies":"Sentry and Sphere","floor":28.0,"turns":6.0},{"damage":0,"enemies":"Slavers","floor":30,"turns":5},{"damage":0,"enemies":"Masked Bandits","floor":31,"turns":3}],"seed_played":"-8665970432489892899","potions_obtained":[{"floor":1.0,"key":"SteroidPotion"},{"floor":5.0,"key":"LiquidMemories"},{"floor":19.0,"key":"SteroidPotion"},{"floor":28.0,"key":"DistilledChaos"}],"is_trial":false,"path_per_floor":["M","?","?","?","M","E","M","$","T","R","M","R","M","$","R","B",null,"M","M","?","?","?","R","M","R","T","$","M","$","E","?"],"character_chosen":"THE_SILENT","items_purchased":["Apotheosis","Acrobatics","Backflip+1","Prepared+1"],"campfire_rested":0,"item_purchase_floors":[8,8,27,29],"current_hp_per_floor":[59,48,22,13,13,13,13,13,23,32,32,44,27,27,39,3,58,55,40,40,40,40,55,31,46,46,46,20,20,20,20,20],"gold":51,"neow_bonus":"THREE_ENEMY_KILL","is_daily":false,"chose_seed":false,"campfire_upgraded":5,"win_rate":0.0,"timestamp":1612420238,"path_taken":["M","?","?","?","M","E","M","$","T","R","M","R","M","$","R","BOSS","M","M","?","?","?","R","M","R","T","$","M","?","E","?"],"items_purchased_type":["Card","Card","Card","Card"],"build_version":"2020-12-22","purchased_purges":0,"victory":false,"max_hp_per_floor":[66,66,66,66,66,66,66,66,76,76,76,76,76,76,76,76,76,76,76,76,76,76,76,76,76,76,76,76,76,76,76,76],"card_choices":[{"not_picked":["Backflip","Poisoned Stab"],"picked":"Footwork","floor":1.0},{"not_picked":["Finisher","Deadly Poison"],"picked":"Cloak And Dagger","floor":5.0},{"not_picked":["Deflect","Prepared"],"picked":"Dash","floor":6.0},{"not_picked":["Deflect","Bane"],"picked":"Footwork","floor":7.0},{"not_picked":["Deflect","Prepared"],"picked":"Footwork","floor":11.0},{"not_picked":["Acrobatics","Backflip"],"picked":"Bouncing Flask","floor":13.0},{"not_picked":["Unload","A Thousand Cuts"],"picked":"Bullet Time","floor":16.0},{"not_picked":["Deadly Poison","Concentrate"],"picked":"Crippling Poison","floor":18.0},{"not_picked":["Cloak And Dagger","Endless Agony+1"],"picked":"Bouncing Flask","floor":19.0},{"not_picked":["Choke","Dodge and Roll+1"],"picked":"PiercingWail+1","floor":24.0},{"not_picked":["Dagger Spray","Masterful Stab"],"picked":"Cloak And Dagger+1","floor":28.0},{"not_picked":["Heel Hook","Bane+1"],"picked":"Calculated Gamble+1","floor":30}],"player_experience":901150,"relics_obtained":[{"floor":6.0,"key":"Kunai"},{"floor":9.0,"key":"Pear"},{"floor":30,"key":"Art of War"}],"event_choices":[{"damage_healed":0.0,"max_hp_gain":0.0,"max_hp_loss":0.0,"gold_gain":75.0,"event_name":"World of Goop","player_choice":"Gather Gold","floor":2.0,"gold_loss":0.0,"damage_taken":11.0},{"damage_healed":0.0,"max_hp_gain":0.0,"max_hp_loss":0.0,"gold_gain":0.0,"event_name":"Scrap Ooze","player_choice":"Success","floor":3.0,"gold_loss":0.0,"damage_taken":26.0,"relics_obtained":["Eternal Feather"]},{"damage_healed":0.0,"max_hp_gain":0.0,"max_hp_loss":0.0,"gold_gain":0.0,"event_name":"Wheel of Change","player_choice":"Damaged","floor":4.0,"gold_loss":0.0,"damage_taken":9.0},{"damage_healed":0.0,"max_hp_gain":0.0,"max_hp_loss":0.0,"gold_gain":0.0,"event_name":"The Library","player_choice":"Read","floor":20.0,"gold_loss":0.0,"damage_taken":0.0,"cards_obtained":["Acrobatics"]},{"damage_healed":0.0,"max_hp_gain":0.0,"max_hp_loss":0.0,"gold_gain":0.0,"event_name":"Addict","player_choice":"Obtained Relic","floor":21.0,"gold_loss":85.0,"damage_taken":0.0,"relics_obtained":["Toxic Egg 2"]},{"damage_healed":0.0,"max_hp_gain":0.0,"max_hp_loss":0.0,"gold_gain":0.0,"event_name":"The Mausoleum","player_choice":"Ignored","floor":22.0,"gold_loss":0.0,"damage_taken":0.0},{"damage_healed":0,"gold_gain":0,"player_choice":"Fought Bandits","damage_taken":0,"max_hp_gain":0,"max_hp_loss":0,"event_name":"Masked Bandits","floor":31,"gold_loss":0}],"is_beta":false,"boss_relics":[{"not_picked":["Fusion Hammer","HoveringKite"],"picked":"Astrolabe"}],"items_purged_floors":[],"is_endless":false,"potions_floor_spawned":[1,5,7,19,28],"killed_by":"Masked Bandits","ascension_level":20}}