{"host":"630px4nyj50z5id8","time":1612435037,"event":{"mods":["BaseMod","Colored Powertips","Downfall","Minty Spire (QoL Compilation)","Quick Restart","Replay The Spire","StSLib","Waifu the Spire"],"gold_per_floor":[115,40,53,53,128,160,160,193,193,213,213,223,258,258,258,258,258],"floor_reached":16,"language":"ZHS","playtime":325,"items_purged":["Strike_G"],"score":265,"play_id":"b6b2d189-90b8-44be-b3d6-b95b4b57bf91","local_time":"20210204183717","is_ascension_mode":true,"campfire_choices":[{"data":"Bouncing Flask","floor":7.0,"key":"SMITH"},{"data":"Draining Mist","floor":11.0,"key":"SMITH"},{"floor":15.0,"key":"REST"}],"circlet_count":0,"master_deck":["AscendersBane","Strike_G","Strike_G","Strike_G","Strike_G","Defend_G","Defend_G","Defend_G","Defend_G","Defend_G","Survivor","Neutralize","Replay:Poison Smokescreen","ReplayTheSpireMod:The Works","Bouncing Flask+1","Noxious Fumes","Draining Mist+1","Prepared"],"relics":["Ring of the Snake","NeowsBlessing","PreservedInsect","Incense Burner","Orichalcum","ReplayTheSpireMod:Ninjato"],"acts_visited":["Exordium"],"potions_floor_usage":[],"damage_taken":[{"damage":0.0,"enemies":"2 Louse","floor":1.0,"turns":1.0},{"damage":0.0,"enemies":"Small Slimes","floor":3.0,"turns":1.0},{"damage":0.0,"enemies":"3 Sentries","floor":6.0,"turns":2.0},{"damage":7.0,"enemies":"Gremlin Nob","floor":8.0,"turns":4.0},{"damage":1.0,"enemies":"Jaw Worm","floor":10.0,"turns":3.0},{"damage":6.0,"enemies":"2 Fungi Beasts","floor":12.0,"turns":3.0},{"damage":19.0,"enemies":"Lagavulin","floor":13.0,"turns":4.0},{"damage":0,"enemies":"Slime Boss","floor":16,"turns":1}],"seed_played":"8017658558858487124","potions_obtained":[{"floor":6.0,"key":"Weak Potion"},{"floor":8.0,"key":"AttackPotion"},{"floor":13.0,"key":"AttackPotion"}],"is_trial":false,"path_per_floor":["M","$","M","$","?","E","R","E","T","M","R","M","E","?","R","B"],"character_chosen":"THE_SILENT","items_purchased":[],"campfire_rested":1,"item_purchase_floors":[],"current_hp_per_floor":[59,59,59,59,48,48,48,41,41,40,40,34,15,15,34,34,34],"gold":258,"neow_bonus":"THREE_ENEMY_KILL","is_daily":false,"chose_seed":false,"campfire_upgraded":2,"win_rate":0.0,"timestamp":1612435037,"path_taken":["M","$","M","$","?","E","R","E","T","M","R","M","E","?","R","BOSS"],"items_purchased_type":[],"build_version":"2020-12-22","purchased_purges":1,"victory":false,"max_hp_per_floor":[66,66,66,66,66,66,66,66,66,66,66,66,66,66,66,66,66],"card_choices":[{"not_picked":["Dodge and Roll","Dagger Spray"],"picked":"Replay:Poison Smokescreen","floor":1.0},{"not_picked":["Flechettes","Choke"],"picked":"ReplayTheSpireMod:The Works","floor":3.0},{"not_picked":["Dagger Spray","Outmaneuver"],"picked":"Bouncing Flask","floor":6.0},{"not_picked":["Dagger Throw","Eviscerate"],"picked":"Noxious Fumes","floor":8.0},{"not_picked":["Endless Agony","Leg Sweep"],"picked":"Draining Mist","floor":10.0},{"not_picked":["Expertise","Replay:Poison Smokescreen"],"picked":"Prepared","floor":12.0},{"not_picked":["Sucker Punch","ReplayTheSpireMod:The Works","Eviscerate"],"picked":"SKIP","floor":13.0}],"player_experience":371079,"relics_obtained":[{"floor":6.0,"key":"PreservedInsect"},{"floor":8.0,"key":"Incense Burner"},{"floor":9.0,"key":"Orichalcum"},{"floor":13.0,"key":"ReplayTheSpireMod:Ninjato"}],"event_choices":[{"damage_healed":0.0,"max_hp_gain":0.0,"max_hp_loss":0.0,"gold_gain":75.0,"event_name":"World of Goop","player_choice":"Gather Gold","floor":5.0,"gold_loss":0.0,"damage_taken":11.0},{"damage_healed":0.0,"max_hp_gain":0.0,"max_hp_loss":0.0,"gold_gain":0.0,"event_name":"Liars Game","player_choice":"Ignored","floor":14.0,"gold_loss":0.0,"damage_taken":0.0}],"is_beta":false,"boss_relics":[],"items_purged_floors":[2],"is_endless":false,"potions_floor_spawned":[6,8,13],"killed_by":"Slime Boss","ascension_level":17}}