{"host":"126yiuos2nq86se7","time":1612409824,"event":{"mods":["AchievementEnabler","Act Like it!","BaseMod","Colored Map","Colored Powertips","Friendly Minions","Highlight Path","Hubris","Minty Spire (QoL Compilation)","Reimu??????","StSLib","SuperFastMode"],"gold_per_floor":[112,37,37,48,48,74,74,91,91,107,122,135,35,35,35,138,188,203,203,203,43,61,61,61],"floor_reached":23,"language":"ENG","playtime":4795,"items_purged":["Strike_Lin:ReiMu","Strike_Lin:ReiMu","Strike_Lin:ReiMu"],"score":241,"play_id":"119ba315-8593-4106-b8dc-455972c02616","local_time":"20210204143704","is_ascension_mode":false,"campfire_choices":[{"floor":7,"key":"REST"},{"data":"TakeOff:ReiMu","floor":15,"key":"SMITH"}],"circlet_count":0,"master_deck":["Strike_Lin:ReiMu","Defend_Lin:ReiMu","Defend_Lin:ReiMu+1","Defend_Lin:ReiMu","Defend_Lin:ReiMu","NB:ReiMu","Stagnation:ReiMu","AirStrike:ReiMu","TakeOff:ReiMu+1","AirStrike:ReiMu","CleanRite:ReiMu","SafetyPray:ReiMu","WonderfulDomain:ReiMu","Dreaming:ReiMu","AirManeuver:ReiMu","YinYangSange:ReiMu","OctopathBindingBorder2:ReiMu","PassingAway:ReiMu","OctopathBindingBorder2:ReiMu"],"relics":["FlyPower:ReiMu","hubris:SlimyHat","Regal Pillow","Tea:ReiMu","TungstenRod","Tiny House","MutagenicStrength"],"acts_visited":["Exordium","TheCity"],"potions_floor_usage":[16,16,23,23],"damage_taken":[{"damage":0,"enemies":"Small Slimes","floor":1,"turns":6},{"damage":0,"enemies":"2 Louse","floor":4,"turns":3},{"damage":42,"enemies":"Lagavulin","floor":6,"turns":9},{"damage":0,"enemies":"Jaw Worm","floor":8,"turns":3},{"damage":0,"enemies":"3 Louse","floor":10,"turns":3},{"damage":0,"enemies":"Looter","floor":11,"turns":4},{"damage":0,"enemies":"Exordium Wildlife","floor":12,"turns":6},{"damage":0,"enemies":"Slime Boss","floor":16,"turns":18},{"damage":4,"enemies":"Chosen","floor":18,"turns":12},{"damage":17,"enemies":"3 Byrds","floor":22,"turns":9},{"damage":52,"enemies":"Slavers","floor":23,"turns":3}],"seed_played":"-4031645004340800169","potions_obtained":[{"floor":8,"key":"Explosive Potion"},{"floor":11,"key":"Ancient Potion"},{"floor":17,"key":"DuplicationPotion"},{"floor":18,"key":"Dexterity Potion"}],"is_trial":false,"path_per_floor":["M","$","?","M","?","E","R","M","T","M","M","M","$","?","R","B",null,"M","?","?","$","M","E"],"character_chosen":"REIMU","items_purchased":["PassingAway:ReiMu"],"campfire_rested":1,"item_purchase_floors":[21],"current_hp_per_floor":[65,65,65,65,58,16,50,50,50,50,50,50,50,50,65,65,70,66,66,66,66,49,0,0],"gold":61,"neow_bonus":"RANDOM_COMMON_RELIC","is_daily":false,"chose_seed":false,"campfire_upgraded":1,"win_rate":0.0,"timestamp":1612409824,"path_taken":["M","$","?","M","?","E","R","M","T","?","M","M","$","?","R","BOSS","M","?","?","$","M","E"],"items_purchased_type":["Card"],"build_version":"2020-12-22","purchased_purges":3,"victory":false,"max_hp_per_floor":[65,65,65,65,65,65,65,65,65,65,65,65,65,65,65,65,70,70,70,70,70,70,70,70],"card_choices":[{"not_picked":["Conquer:ReiMu","RainPray2:ReiMu"],"picked":"AirStrike:ReiMu","floor":1},{"not_picked":["LearningPray:ReiMu","Conquer:ReiMu","PassingAway:ReiMu"],"picked":"SKIP","floor":4},{"not_picked":["AlertArray:ReiMu","MountainWay:ReiMu"],"picked":"TakeOff:ReiMu","floor":6},{"not_picked":["NineCharacters:ReiMu","MountainWay:ReiMu"],"picked":"AirStrike:ReiMu","floor":8},{"not_picked":["Gathering:ReiMu","FantasyBorder:ReiMu"],"picked":"CleanRite:ReiMu","floor":10},{"not_picked":["EmergencyTakeOff:ReiMu","SubcavityInstant:ReiMu"],"picked":"SafetyPray:ReiMu","floor":11},{"not_picked":["Amulet:ReiMu","DoubleButterfly:ReiMu"],"picked":"WonderfulDomain:ReiMu","floor":12},{"not_picked":["HakureiPhantom:ReiMu","PrayRite:ReiMu"],"picked":"Dreaming:ReiMu","floor":16},{"not_picked":["SafetyPray:ReiMu","CareerPray:ReiMu"],"picked":"AirManeuver:ReiMu","floor":17},{"not_picked":["AirStrike:ReiMu","FineLineFantasy:ReiMu"],"picked":"YinYangSange:ReiMu","floor":18},{"not_picked":["CollectionFlower2:ReiMu","TightArray:ReiMu+1"],"picked":"OctopathBindingBorder2:ReiMu","floor":22}],"player_experience":1488676,"relics_obtained":[{"floor":6,"key":"Tea:ReiMu"},{"floor":9,"key":"TungstenRod"}],"event_choices":[{"damage_healed":0,"gold_gain":0,"player_choice":"Leave","damage_taken":0,"max_hp_gain":0,"max_hp_loss":0,"event_name":"The Cleric","floor":3,"gold_loss":0},{"damage_healed":0,"gold_gain":0,"player_choice":"Success","damage_taken":7,"relics_obtained":["Regal Pillow"],"max_hp_gain":0,"max_hp_loss":0,"event_name":"Scrap Ooze","floor":5,"gold_loss":0},{"damage_healed":0,"gold_gain":0,"player_choice":"Inject Mutagens","damage_taken":0,"relics_obtained":["MutagenicStrength"],"max_hp_gain":0,"max_hp_loss":0,"event_name":"Drug Dealer","floor":19,"gold_loss":0},{"damage_healed":0,"gold_gain":0,"player_choice":"Read","damage_taken":0,"max_hp_gain":0,"max_hp_loss":0,"event_name":"The Library","floor":20,"gold_loss":0,"cards_obtained":["OctopathBindingBorder2:ReiMu"]}],"is_beta":false,"boss_relics":[{"not_picked":["Runic Dome","Snecko Eye"],"picked":"Tiny House"}],"items_purged_floors":[2,13,21],"is_endless":false,"potions_floor_spawned":[8,11,18],"killed_by":"Slavers","ascension_level":0}}