{"host":"3xramekeme16g407","time":1612467040,"event":{"mods":["2.2 Compatiblity","AchievementEnabler","BaseMod","Bestiary","Minty Spire (QoL Compilation)","Relic Stats","StSLib"],"gold_per_floor":[109,109,34,54,69,102,121,121,121,121,140,150,169,199,199,294,294,312,212,222,97,111,111,111,146,146,160,173,173,202,221,221,321,321,339,349,349,42,52,52,79,79,79,113,113,73,73,84,84,84],"floor_reached":51,"language":"ENG","playtime":4109,"items_purged":["Strike_B","Defend_B","Defend_B","Defend_B"],"score":834,"play_id":"ac18feac-440b-42df-bbd7-e4bff2ca4680","local_time":"20210204113040","is_ascension_mode":false,"campfire_choices":[{"floor":8,"key":"REST"},{"data":"Genetic Algorithm","floor":15,"key":"SMITH"},{"floor":23,"key":"REST"},{"floor":29,"key":"REST"},{"floor":32,"key":"REST"},{"data":"Echo Form","floor":40,"key":"SMITH"},{"data":"Double Energy","floor":42,"key":"SMITH"},{"data":"Loop","floor":49,"key":"SMITH"}],"circlet_count":0,"master_deck":["Strike_B","Strike_B","Strike_B","Defend_B","Zap","Dualcast","Ball Lightning","Reinforced Body","Electrodynamics","Genetic Algorithm+1","Conserve Battery","Loop","Chill","Echo Form+1","Loop+1","Reinforced Body","Ball Lightning","Consume+1","Leap","Capacitor","Buffer","Reinforced Body+1","Chaos+1","Master of Strategy","Parasite","Chill","Double Energy+1","Double Energy+1","Loop+1","Conserve Battery+1"],"relics":["Cracked Core","Matryoshka","Cables","Bag of Preparation","Shuriken","Runic Pyramid","StoneCalendar","Juzu Bracelet","CaptainsWheel","Inserter","Chemical X","Art of War","Potion Belt","Ice Cream"],"acts_visited":["Exordium","TheCity","TheBeyond"],"potions_floor_usage":[16,28,35,50,50],"damage_taken":[{"damage":1,"enemies":"2 Louse","floor":1,"turns":2},{"damage":0,"enemies":"Cultist","floor":4,"turns":3},{"damage":5,"enemies":"Small Slimes","floor":5,"turns":3},{"damage":31,"enemies":"Lagavulin","floor":6,"turns":7},{"damage":3,"enemies":"Red Slaver","floor":7,"turns":4},{"damage":0,"enemies":"3 Louse","floor":11,"turns":3},{"damage":2,"enemies":"Blue Slaver","floor":12,"turns":3},{"damage":0,"enemies":"Exordium Thugs","floor":13,"turns":3},{"damage":4,"enemies":"3 Sentries","floor":14,"turns":4},{"damage":7,"enemies":"The Guardian","floor":16,"turns":10},{"damage":4,"enemies":"2 Thieves","floor":18,"turns":4},{"damage":5,"enemies":"Spheric Guardian","floor":20,"turns":6},{"damage":14,"enemies":"3 Cultists","floor":22,"turns":5},{"damage":22,"enemies":"Slavers","floor":25,"turns":3},{"damage":4,"enemies":"Snake Plant","floor":27,"turns":5},{"damage":11,"enemies":"Centurion and Healer","floor":28,"turns":6},{"damage":27,"enemies":"Gremlin Leader","floor":30,"turns":4},{"damage":0,"enemies":"Shelled Parasite and Fungi","floor":31,"turns":7},{"damage":0,"enemies":"Champ","floor":33,"turns":9},{"damage":0,"enemies":"3 Shapes","floor":35,"turns":5},{"damage":0,"enemies":"3 Darklings","floor":36,"turns":4},{"damage":0,"enemies":"Writhing Mass","floor":39,"turns":7},{"damage":0,"enemies":"Nemesis","floor":41,"turns":9},{"damage":0,"enemies":"Reptomancer","floor":44,"turns":5},{"damage":0,"enemies":"Transient","floor":48,"turns":5},{"damage":69,"enemies":"Time Eater","floor":50,"turns":10}],"seed_played":"-7341954215468726746","potions_obtained":[{"floor":2,"key":"Weak Potion"},{"floor":2,"key":"CultistPotion"},{"floor":2,"key":"FairyPotion"},{"floor":12,"key":"BlessingOfTheForge"},{"floor":14,"key":"FocusPotion"},{"floor":22,"key":"SpeedPotion"},{"floor":28,"key":"Fruit Juice"},{"floor":31,"key":"Strength Potion"},{"floor":33,"key":"PotionOfCapacity"},{"floor":35,"key":"Fruit Juice"},{"floor":36,"key":"Block Potion"},{"floor":48,"key":"SkillPotion"}],"is_trial":false,"path_per_floor":["M","?","$","M","M","E","M","R","T","?","M","M","M","E","R","B",null,"M","$","M","$","M","R","$","E","T","M","M","R","E","M","R","B",null,"M","M","?","$","M","R","E","R","T","E","?","$","?","M","R","B",null],"character_chosen":"DEFECT","items_purchased":["Chemical X","Loop"],"campfire_rested":4,"item_purchase_floors":[38,46],"current_hp_per_floor":[81,81,81,81,76,45,42,66,66,66,66,64,64,60,60,53,82,78,78,73,73,59,82,82,60,60,56,50,76,49,49,75,75,87,92,92,92,92,92,92,92,92,92,92,92,92,92,92,92,23],"gold":84,"neow_bonus":"TEN_PERCENT_HP_BONUS","is_daily":false,"chose_seed":false,"campfire_upgraded":4,"win_rate":0.0,"timestamp":1612467040,"path_taken":["M","?","?","M","M","E","M","R","T","?","M","M","M","E","R","BOSS","M","$","M","$","M","R","$","E","T","M","M","R","E","M","R","BOSS","M","M","?","$","M","R","E","R","T","E","?","$","?","M","R","BOSS"],"items_purchased_type":["Relic","Card"],"build_version":"2020-12-22","purchased_purges":4,"victory":true,"max_hp_per_floor":[82,82,82,82,82,82,82,82,82,82,82,82,82,82,82,82,82,82,82,82,82,82,82,82,82,82,82,87,87,87,87,87,87,87,92,92,92,92,92,92,92,92,92,92,92,92,92,92,92,92],"relic_stats":{"Inserter":[22],"counters":[26,133],"Shuriken":[4],"StoneCalendar":[193],"Bag of Preparation":[42],"Juzu Bracelet":0,"Art of War":[11],"Chemical X":[13],"obtain_stats":[{"Potion Belt":43,"Ice Cream":44,"Inserter":34,"StoneCalendar":25,"Bag of Preparation":9,"Juzu Bracelet":26,"Cables":9,"CaptainsWheel":30,"Matryoshka":6,"Shuriken":14,"Art of War":41,"Chemical X":38,"Cracked Core":0,"Runic Pyramid":17},{"Potion Belt":23,"Ice Cream":24,"Inserter":19,"StoneCalendar":14,"Bag of Preparation":5,"Juzu Bracelet":14,"Cables":5,"CaptainsWheel":17,"Matryoshka":4,"Shuriken":9,"Art of War":23,"Chemical X":21,"Cracked Core":0,"Runic Pyramid":10},{"Potion Belt":113,"Ice Cream":118,"Inserter":89,"StoneCalendar":59,"Bag of Preparation":19,"Juzu Bracelet":59,"Cables":19,"CaptainsWheel":73,"Matryoshka":15,"Shuriken":32,"Art of War":113,"Chemical X":97,"Cracked Core":0,"Runic Pyramid":42}],"Cables":[103,74,26,0,3]},"card_choices":[{"not_picked":["Storm","Coolheaded"],"picked":"Ball Lightning","floor":1},{"not_picked":["Rebound","Compile Driver"],"picked":"Doom and Gloom","floor":4},{"not_picked":["Rebound","Hologram"],"picked":"Reinforced Body","floor":5},{"not_picked":["Beam Cell","Leap"],"picked":"Electrodynamics","floor":6},{"not_picked":["Streamline","Ball Lightning"],"picked":"Genetic Algorithm","floor":7},{"not_picked":["Beam Cell","Aggregate","Hologram"],"picked":"SKIP","floor":11},{"not_picked":["Beam Cell","Recycle"],"picked":"Loop","floor":12},{"not_picked":["Heatsinks","Chaos","Hologram"],"picked":"SKIP","floor":13},{"not_picked":["Doom and Gloom","Scrape"],"picked":"Chill","floor":14},{"not_picked":["All For One","Rainbow"],"picked":"Echo Form","floor":16},{"not_picked":["Scrape","Rip and Tear"],"picked":"Static Discharge","floor":18},{"not_picked":["Beam Cell","Sunder"],"picked":"Loop+1","floor":20},{"not_picked":["Rebound","Redo"],"picked":"Reinforced Body","floor":22},{"not_picked":["Steam","Hello World"],"picked":"Ball Lightning","floor":25},{"not_picked":["Go for the Eyes","Heatsinks+1"],"picked":"Consume+1","floor":27},{"not_picked":["Reprogram","Machine Learning","Compile Driver"],"picked":"SKIP","floor":28},{"not_picked":["Steam","Compile Driver+1"],"picked":"Leap","floor":30},{"not_picked":["Static Discharge","Leap"],"picked":"Capacitor","floor":31},{"not_picked":["Reboot","Biased Cognition"],"picked":"Buffer","floor":33},{"not_picked":["FTL+1","Steam+1"],"picked":"Reinforced Body+1","floor":35},{"not_picked":["Streamline","Go for the Eyes"],"picked":"Chaos+1","floor":36},{"not_picked":["Bandage Up","Finesse"],"picked":"Master of Strategy","floor":37},{"not_picked":["Aggregate+1","Beam Cell"],"picked":"Chill","floor":39},{"not_picked":["Gash","Lockon+1"],"picked":"Double Energy","floor":41},{"not_picked":["Stack+1","Go for the Eyes+1"],"picked":"Double Energy+1","floor":44},{"not_picked":["Turbo+1","Gash"],"picked":"Conserve Battery+1","floor":48}],"player_experience":448164,"relics_obtained":[{"floor":6,"key":"Matryoshka"},{"floor":9,"key":"Cables"},{"floor":9,"key":"Bag of Preparation"},{"floor":14,"key":"Shuriken"},{"floor":25,"key":"StoneCalendar"},{"floor":26,"key":"Juzu Bracelet"},{"floor":30,"key":"CaptainsWheel"},{"floor":41,"key":"Art of War"},{"floor":43,"key":"Potion Belt"},{"floor":44,"key":"Ice Cream"}],"event_choices":[{"damage_healed":0,"gold_gain":0,"player_choice":"Got Potions","damage_taken":0,"max_hp_gain":0,"max_hp_loss":0,"event_name":"Lab","floor":2,"gold_loss":0},{"damage_healed":0,"gold_gain":0,"cards_transformed":["Doom and Gloom"],"player_choice":"Transformed","damage_taken":0,"max_hp_gain":0,"max_hp_loss":0,"event_name":"Transmorgrifier","floor":10,"gold_loss":0,"cards_obtained":["Conserve Battery"]},{"damage_healed":0,"gold_gain":0,"player_choice":"Memory 1","damage_taken":0,"max_hp_gain":0,"max_hp_loss":0,"event_name":"SensoryStone","floor":37,"gold_loss":0},{"damage_healed":0,"gold_gain":0,"player_choice":"Ignored","damage_taken":0,"max_hp_gain":0,"max_hp_loss":0,"event_name":"Tomb of Lord Red Mask","floor":45,"gold_loss":0},{"cards_removed":["Static Discharge"],"damage_healed":0,"gold_gain":0,"player_choice":"Offered Uncommon","damage_taken":0,"max_hp_gain":0,"max_hp_loss":0,"event_name":"Bonfire Elementals","floor":47,"gold_loss":0}],"is_beta":false,"boss_relics":[{"not_picked":["Runic Dome","Philosopher\u0027s Stone"],"picked":"Runic Pyramid"},{"not_picked":["Pandora\u0027s Box","Coffee Dripper"],"picked":"Inserter"}],"items_purged_floors":[3,19,21,38],"is_endless":false,"potions_floor_spawned":[4,5,12,14,22,25,28,31,33,35,36,48],"ascension_level":0}}