{"host":"jwvz9sqego1wo43x","time":1612460798,"event":{"mods":["AchievementEnabler","BaseMod","Colored Map","Downfall","GifTheSpireLib","Minty Spire (QoL Compilation)","StSLib"],"gold_per_floor":[99,109,109,129,129,139,139,155,167,167,186,197,197,225,243,344,344,144,164,74,74,85,102,182,200,200,200,200],"floor_reached":26,"language":"ENG","playtime":944,"items_purged":["Regret"],"score":290,"play_id":"6a34517c-ae65-4ab0-a897-1ee667bba563","local_time":"20210204174638","is_ascension_mode":true,"campfire_choices":[{"floor":1.0,"key":"RECALL"},{"floor":10.0,"key":"REST"},{"floor":13.0,"key":"REST"},{"data":"bronze:BurnOut","floor":18,"key":"SMITH"}],"circlet_count":0,"master_deck":["bronze:Strike","bronze:Strike","bronze:Defend","bronze:Defend+1","bronze:Defend+1","bronze:Defend","bronze:Replicate","bronze:Goto","bronze:Philosophize","bronze:FollowUp","bronze:TinkerersToolbox","bronze:Terminator","bronze:Shell","bronze:DelayedGuard","bronze:HyperBeam","bronze:BurnOut+1","bronze:Iterate+1","bronze:InfiniteLoop","bronze:FineTuning","bronze:CutThrough+1","bronze:Frontload"],"relics":["bronze:BronzeCore","Guardian:GemstoneGun","Shuriken","War Paint","Blood Vial","Philosopher\u0027s Stone","downfall:HeartBlessingRed","downfall:HeartBlessingGreen","HornCleat"],"acts_visited":["Exordium","TheCity"],"potions_floor_usage":[16,16,16,16,19,25],"damage_taken":[{"damage":7.0,"enemies":"2 Louse","floor":2.0,"turns":3.0},{"damage":4.0,"enemies":"Jaw Worm","floor":4.0,"turns":4.0},{"damage":6.0,"enemies":"Cultist","floor":6.0,"turns":4.0},{"damage":1.0,"enemies":"Exordium Wildlife","floor":8.0,"turns":3.0},{"damage":5.0,"enemies":"2 Fungi Beasts","floor":9.0,"turns":3.0},{"damage":13.0,"enemies":"Blue Slaver","floor":11.0,"turns":4.0},{"damage":18.0,"enemies":"Exordium Thugs","floor":12.0,"turns":5.0},{"damage":3.0,"enemies":"Gremlin Nob","floor":14.0,"turns":4.0},{"damage":6,"enemies":"2 Fungi Beasts","floor":15,"turns":5},{"damage":3,"enemies":"IC_STATUS_ARCHETYPE","floor":16,"turns":6},{"damage":32,"enemies":"3 Byrds","floor":19,"turns":6},{"damage":3,"enemies":"downfall:FleeingMerchant","floor":20,"turns":4},{"damage":6,"enemies":"3 Cultists","floor":22,"turns":4},{"damage":7,"enemies":"Centurion and Healer","floor":23,"turns":5},{"damage":26,"enemies":"Snecko","floor":25,"turns":5},{"damage":9,"enemies":"Shelled Parasite and Fungi","floor":26,"turns":1}],"seed_played":"-6540418784472240370","potions_obtained":[{"floor":2.0,"key":"ColorlessPotion"},{"floor":12.0,"key":"Dexterity Potion"},{"floor":14,"key":"EntropicBrew"},{"floor":15,"key":"champ:CounterPotion"},{"floor":23,"key":"AttackPotion"},{"floor":25,"key":"PowerPotion"}],"is_trial":false,"path_per_floor":["R","M","?","M","?","M","T","M","M","R","M","M","R","E","M","B",null,"R","M","$","?","M","M","T","M","M"],"character_chosen":"THE_AUTOMATON","items_purchased":[],"campfire_rested":2,"item_purchase_floors":[],"current_hp_per_floor":[49,42,42,38,38,32,32,31,26,47,34,16,37,34,30,29,70,70,38,37,37,33,28,28,4,0,0,0],"gold":200,"neow_bonus":"ONE_RARE_RELIC","is_daily":false,"chose_seed":false,"campfire_upgraded":1,"win_rate":0.0,"timestamp":1612460798,"path_taken":["R","M","?","M","?","M","T","M","M","R","M","M","R","E","M","BOSS","R","M","?","?","M","?","T","M","M"],"items_purchased_type":[],"build_version":"2020-12-22","purchased_purges":1,"victory":false,"max_hp_per_floor":[70,70,70,70,70,70,70,70,70,70,70,70,70,70,70,70,70,70,70,70,70,70,70,70,70,70,70,70],"card_choices":[{"not_picked":["bronze:Shield","bronze:BitShift"],"picked":"bronze:Philosophize","floor":2.0},{"not_picked":["bronze:Branch","bronze:Separator"],"picked":"bronze:FollowUp","floor":4.0},{"not_picked":["bronze:Safeguard","bronze:FineTuning"],"picked":"bronze:Terminator","floor":6.0},{"not_picked":["bronze:Invalidate","bronze:Turbo","bronze:CloningBeam"],"picked":"SKIP","floor":8.0},{"not_picked":["bronze:Turbo","bronze:ForLoop","bronze:Terminator"],"picked":"SKIP","floor":9.0},{"not_picked":["bronze:Invalidate","bronze:Branch"],"picked":"bronze:Shell","floor":11.0},{"not_picked":["bronze:Return","bronze:OilSpill"],"picked":"bronze:DelayedGuard","floor":12.0},{"not_picked":["bronze:BitShift","bronze:Deprecate"],"picked":"bronze:HyperBeam","floor":14},{"not_picked":["bronze:Shield","bronze:CloningBeam","bronze:OilSpill"],"picked":"SKIP","floor":15},{"not_picked":["bronze:Library","bronze:FindAndReplace"],"picked":"bronze:BurnOut","floor":16},{"not_picked":["bronze:Separator","bronze:ItsAFeature"],"picked":"bronze:Iterate+1","floor":19},{"not_picked":["bronze:ChildClass","bronze:ClassDefault+1"],"picked":"bronze:InfiniteLoop","floor":20},{"not_picked":["bronze:ItsAFeature+1","bronze:Turbo"],"picked":"bronze:FineTuning","floor":22},{"not_picked":["bronze:MaxOutput","bronze:BuggyMess"],"picked":"bronze:CutThrough+1","floor":23},{"not_picked":["bronze:WhirlingStrike+1","bronze:WildBeam"],"picked":"bronze:Frontload","floor":25}],"player_experience":516616,"relics_obtained":[{"floor":7.0,"key":"War Paint"},{"floor":14,"key":"Blood Vial"},{"floor":24,"key":"HornCleat"}],"event_choices":[{"damage_healed":0.0,"max_hp_gain":0.0,"max_hp_loss":0.0,"gold_gain":0.0,"event_name":"Big Fish","player_choice":"Box","floor":3.0,"gold_loss":0.0,"damage_taken":0.0,"relics_obtained":["Shuriken"],"cards_obtained":["Regret"]}],"is_beta":false,"boss_relics":[{"not_picked":["Tiny House","Astrolabe"],"picked":"Philosopher\u0027s Stone"}],"items_purged_floors":[20],"is_endless":false,"potions_floor_spawned":[2,12,14,15,23,25],"killed_by":"Shelled Parasite and Fungi","ascension_level":2}}