{"host":"y7b1p9nkx4idorr2","time":1612474591,"event":{"mods":["AchievementEnabler","Act Like it!","BaseMod","Colored Map","Downfall","GifTheSpireLib","Googly Eyes","Highlight Path","Mimic Mod","Minty Spire (QoL Compilation)","Shop Mod","Spicy Shops","StSLib","Unceasing Turn Reminder"],"gold_per_floor":[99,118,118,129,148,148,174,205,218,244,144,154,154,167,179,279,279,279,290,290,309,12,12,12,12,47,57,57,82,92,92,104,104,104,104],"floor_reached":33,"language":"ENG","playtime":1548,"items_purged":["downfall:Malfunctioning"],"score":354,"play_id":"db5f51a9-df79-47de-932b-8e18e5303e68","local_time":"20210204153631","is_ascension_mode":true,"campfire_choices":[{"data":"bronze:CleanCode","floor":1,"key":"SMITH"},{"floor":11,"key":"REST"},{"floor":18,"key":"RECALL"},{"data":"bronze:Boost","floor":25,"key":"SMITH"},{"floor":28,"key":"REST"}],"circlet_count":0,"master_deck":["bronze:Strike+1","bronze:Strike","bronze:Strike","bronze:Strike","bronze:Defend","bronze:Defend","bronze:Defend+1","bronze:Defend","bronze:Replicate","bronze:Goto","bronze:CleanCode+1","bronze:Flail","bronze:Spike","bronze:DazingPulse","bronze:Explode+1","bronze:OilSpill","bronze:MaxOutput","bronze:ItsAFeature","bronze:BugBarrage","bronze:BugBarrage","bronze:Iterate","bronze:BuggyMess+1","bronze:ChildClass","bronze:BurnOut","bronze:Boost+1","bronze:BugBarrage","bronze:OilSpill","bronze:Shield","bronze:Repulsor"],"relics":["bronze:BronzeCore","StrikeDummy","Singing Bowl","downfall:HeartBlessingBlue","Runic Dome","Bronze Scales","Meat on the Bone","Bottled Tornado","Ancient Tea Set","Blue Candle"],"acts_visited":["Exordium","TheCity"],"potions_floor_usage":[4,8,10,16,22,27,33],"damage_taken":[{"damage":1,"enemies":"Small Slimes","floor":2,"turns":4},{"damage":57,"enemies":"Small Slimes","floor":3,"turns":5},{"damage":4,"enemies":"2 Louse","floor":4,"turns":4},{"damage":2,"enemies":"Jaw Worm","floor":5,"turns":3},{"damage":1,"enemies":"3 Sentries","floor":8,"turns":2},{"damage":5,"enemies":"Blue Slaver","floor":9,"turns":4},{"damage":8,"enemies":"Gremlin Nob","floor":10,"turns":4},{"damage":0,"enemies":"Large Slime","floor":12,"turns":2},{"damage":0,"enemies":"Exordium Wildlife","floor":14,"turns":2},{"damage":0,"enemies":"3 Louse","floor":15,"turns":1},{"damage":7,"enemies":"SI_SHIV_ARCHETYPE","floor":16,"turns":7},{"damage":7,"enemies":"Chosen","floor":19,"turns":3},{"damage":11,"enemies":"Shell Parasite","floor":21,"turns":5},{"damage":10,"enemies":"downfall:FleeingMerchant","floor":22,"turns":4},{"damage":38,"enemies":"Slavers","floor":26,"turns":4},{"damage":0,"enemies":"Snecko","floor":27,"turns":3},{"damage":24,"enemies":"Gremlin Leader","floor":29,"turns":6},{"damage":9,"enemies":"Centurion and Healer","floor":30,"turns":3},{"damage":24,"enemies":"Snake Plant","floor":32,"turns":3},{"damage":33,"enemies":"DF_ARCHETYPE_CLAW","floor":33,"turns":3}],"seed_played":"-602835775495057123","potions_obtained":[{"floor":3,"key":"Regen Potion"},{"floor":4,"key":"bronze:BurnAndBuffPotion"},{"floor":8,"key":"ColorlessPotion"},{"floor":10,"key":"Energy Potion"},{"floor":12,"key":"DistilledChaos"},{"floor":19,"key":"SneckoOil"},{"floor":23,"key":"CultistPotion"},{"floor":26,"key":"Dexterity Potion"},{"floor":32,"key":"Guardian:BlockOnCardUsePotion"}],"is_trial":false,"path_per_floor":["R","M","?","M","M","?","T","E","M","E","R","M","?","M","M","B",null,"R","M","?","M","$","?","T","R","E","M","R","E","M","?","M","B"],"character_chosen":"THE_AUTOMATON","items_purchased":["Bronze Scales","bronze:OilSpill"],"campfire_rested":2,"item_purchase_floors":[22,22],"current_hp_per_floor":[70,69,12,20,18,18,18,17,12,4,38,38,38,40,40,33,82,82,75,59,48,40,40,40,40,16,28,55,45,50,45,33,0,0,0],"gold":104,"neow_bonus":"ONE_RANDOM_RARE_CARD","is_daily":false,"chose_seed":false,"campfire_upgraded":2,"win_rate":0.0,"timestamp":1612474591,"path_taken":["R","M","?","M","M","?","T","E","M","E","R","M","?","M","M","BOSS","R","M","?","M","$","?","T","R","E","M","R","E","M","?","M","BOSS"],"items_purchased_type":["Relic","Card"],"build_version":"2020-12-22","purchased_purges":1,"victory":false,"max_hp_per_floor":[70,70,70,70,70,70,70,70,70,70,80,80,80,82,82,82,82,82,82,87,87,89,89,89,89,91,91,91,93,95,95,95,95,95,95],"card_choices":[{"not_picked":["bronze:BugBarrage","bronze:Constructor"],"picked":"bronze:Flail","floor":2},{"not_picked":[],"picked":"bronze:Spike","floor":3},{"not_picked":[],"picked":"bronze:DazingPulse","floor":3},{"not_picked":[],"picked":"bronze:Explode","floor":3},{"not_picked":["bronze:Overheat","bronze:ChildClass"],"picked":"bronze:OilSpill","floor":3},{"not_picked":["bronze:Frontload","bronze:Refactor"],"picked":"bronze:MaxOutput","floor":4},{"not_picked":["bronze:WildBeam","bronze:GetLatest"],"picked":"bronze:ItsAFeature","floor":5},{"not_picked":["bronze:FineTuning","bronze:WhirlingStrike"],"picked":"bronze:BugBarrage","floor":8},{"not_picked":["bronze:CutThrough","bronze:Overheat"],"picked":"bronze:BugBarrage","floor":9},{"not_picked":["bronze:Separator","bronze:Shell"],"picked":"bronze:Iterate","floor":10},{"not_picked":["bronze:AlphaBuild","bronze:BitShift"],"picked":"bronze:BuggyMess","floor":12},{"not_picked":["bronze:Turbo","bronze:BitShift","bronze:Separator"],"picked":"Singing Bowl","floor":14},{"not_picked":["bronze:CloningBeam","bronze:ChosenStrike"],"picked":"bronze:ChildClass","floor":15},{"not_picked":["bronze:Virus","bronze:AlphaBuild"],"picked":"bronze:BurnOut","floor":16},{"not_picked":["bronze:OilSpill","bronze:ForLoop"],"picked":"bronze:Boost","floor":19},{"not_picked":["bronze:CutThrough","bronze:NullPointer"],"picked":"bronze:BugBarrage","floor":21},{"not_picked":["bronze:WildBeam+1","bronze:BugBarrage","bronze:CutThrough"],"picked":"Singing Bowl","floor":22},{"not_picked":["bronze:Overload","bronze:DelayedSlice","bronze:Return+1"],"picked":"Singing Bowl","floor":26},{"not_picked":["bronze:BitShift","bronze:Terminator"],"picked":"bronze:Shield","floor":27},{"not_picked":["bronze:CutThrough+1","bronze:Turbo+1","bronze:BuggyMess"],"picked":"Singing Bowl","floor":29},{"not_picked":["bronze:Branch","bronze:Refactor","bronze:Deprecate"],"picked":"Singing Bowl","floor":30},{"not_picked":["bronze:Branch","bronze:WildBeam"],"picked":"bronze:Repulsor","floor":32}],"player_experience":2289212,"relics_obtained":[{"floor":8,"key":"StrikeDummy"},{"floor":10,"key":"Singing Bowl"},{"floor":24,"key":"Meat on the Bone"},{"floor":26,"key":"Bottled Tornado"},{"floor":29,"key":"Ancient Tea Set"}],"event_choices":[{"damage_healed":0,"gold_gain":0,"player_choice":"Grow","damage_taken":0,"max_hp_gain":0,"max_hp_loss":0,"event_name":"Living Wall","floor":13,"gold_loss":0,"cards_upgraded":["bronze:BuggyMess"]}],"is_beta":false,"boss_relics":[{"not_picked":["Tiny House","Fusion Hammer"],"picked":"Runic Dome"}],"items_purged_floors":[22],"is_endless":false,"potions_floor_spawned":[3,4,8,10,12,19,26,32],"killed_by":"DF_ARCHETYPE_CLAW","ascension_level":2}}