{"host":"ga4s3hj9m6nkn6gp","time":1612476047,"event":{"mods":["AchievementEnabler","BaseMod","Bestiary","Colored Powertips","Highlight Path","Minty Spire (QoL Compilation)","Relic Stats","everything is the same but u backflip on backflip"],"gold_per_floor":[369,133,133,153,173,173,200,200,279,279,311,329,358,358,358,433,433,450,450,450,29,43,43,43],"floor_reached":23,"language":"ENG","playtime":1028,"items_purged":["Injury"],"score":394,"play_id":"9b608a3b-013f-4787-a543-265e43b902df","local_time":"20210204230047","is_ascension_mode":true,"campfire_choices":[{"data":"Glass Knife","floor":6.0,"key":"SMITH"},{"floor":8.0,"key":"REST"},{"data":"Predator","floor":10.0,"key":"SMITH"},{"floor":15.0,"key":"REST"}],"circlet_count":0,"master_deck":["AscendersBane","Strike_G","Strike_G","Strike_G","Strike_G","Defend_G","Defend_G","Defend_G","Defend_G","Defend_G","Survivor","Neutralize","Predator+1","Glass Knife+1","All Out Attack","Flying Knee+1","Underhanded Strike+1","Tools of the Trade","Sucker Punch+1","Terror","Envenom","Endless Agony+1"],"relics":["Ring of the Snake","Tiny Chest","Molten Egg 2","Blood Vial","Odd Mushroom","Philosopher\u0027s Stone","StoneCalendar","Snake Skull"],"acts_visited":["Exordium","TheCity"],"potions_floor_usage":[22],"damage_taken":[{"damage":3.0,"enemies":"Jaw Worm","floor":1.0,"turns":4.0},{"damage":0.0,"enemies":"Small Slimes","floor":4.0,"turns":3.0},{"damage":0.0,"enemies":"Cultist","floor":5.0,"turns":4.0},{"damage":42.0,"enemies":"Gremlin Nob","floor":7.0,"turns":5.0},{"damage":17.0,"enemies":"3 Sentries","floor":11.0,"turns":6.0},{"damage":2.0,"enemies":"3 Louse","floor":12.0,"turns":2.0},{"damage":0.0,"enemies":"The Mushroom Lair","floor":13.0,"turns":3.0},{"damage":19.0,"enemies":"Slime Boss","floor":16.0,"turns":8.0},{"damage":21.0,"enemies":"3 Byrds","floor":18.0,"turns":2.0},{"damage":0,"enemies":"Spheric Guardian","floor":22,"turns":3},{"damage":43,"enemies":"Book of Stabbing","floor":23,"turns":3}],"seed_played":"-831182051345156696","potions_obtained":[{"floor":7.0,"key":"Dexterity Potion"},{"floor":12.0,"key":"LiquidMemories"},{"floor":13.0,"key":"Weak Potion"},{"floor":16.0,"key":"LiquidBronze"},{"floor":18.0,"key":"Block Potion"}],"is_trial":false,"path_per_floor":["M","$","?","M","M","R","E","R","T","R","E","M","?","?","R","B",null,"M","?","T","$","M","E"],"character_chosen":"THE_SILENT","items_purchased":["Glass Knife","Snake Skull","Envenom","Endless Agony+1"],"campfire_rested":2,"item_purchase_floors":[2,21,21,21],"current_hp_per_floor":[56,56,49,49,49,49,7,26,26,26,9,9,11,11,30,13,53,34,34,34,34,36,0,0],"gold":43,"neow_bonus":"TWO_FIFTY_GOLD","is_daily":false,"chose_seed":false,"campfire_upgraded":2,"win_rate":0.0,"timestamp":1612476047,"path_taken":["M","$","?","M","M","R","E","R","T","R","E","M","?","?","R","BOSS","M","?","?","$","M","E"],"items_purchased_type":["Card","Relic","Card","Card"],"build_version":"2020-12-22","purchased_purges":1,"victory":false,"max_hp_per_floor":[66,66,66,66,66,66,66,66,66,66,66,66,66,66,66,66,66,66,66,66,66,66,66,66],"relic_stats":{"Blood Vial":12,"counters":[11,43],"Tiny Chest":1,"StoneCalendar":[0],"Snake Skull":[5],"obtain_stats":[{"Blood Vial":11,"Tiny Chest":7,"Molten Egg 2":9,"Philosopher\u0027s Stone":17,"StoneCalendar":20,"Snake Skull":21,"Odd Mushroom":13,"Ring of the Snake":0},{"Blood Vial":5,"Tiny Chest":4,"Molten Egg 2":4,"Philosopher\u0027s Stone":8,"StoneCalendar":9,"Snake Skull":9,"Odd Mushroom":7,"Ring of the Snake":0},{"Blood Vial":22,"Tiny Chest":16,"Molten Egg 2":16,"Philosopher\u0027s Stone":35,"StoneCalendar":37,"Snake Skull":37,"Odd Mushroom":27,"Ring of the Snake":0}],"Ring of the Snake":[23]},"card_choices":[{"not_picked":["Eviscerate","Prepared"],"picked":"Predator","floor":1.0},{"not_picked":["Flechettes","Deadly Poison","Bane"],"picked":"SKIP","floor":4.0},{"not_picked":["Blur","Skewer","Dodge and Roll"],"picked":"SKIP","floor":5.0},{"not_picked":["Bane","Cloak And Dagger"],"picked":"All Out Attack","floor":7.0},{"not_picked":["Noxious Fumes","Finisher+1"],"picked":"Flying Knee+1","floor":11.0},{"not_picked":["Tactician","Deadly Poison","Reflex"],"picked":"SKIP","floor":12.0},{"not_picked":["Distraction","Backflip"],"picked":"Underhanded Strike+1","floor":13.0},{"not_picked":["Bullet Time","Glass Knife+1"],"picked":"Tools of the Trade","floor":16.0},{"not_picked":["Cloak And Dagger","Flying Knee+1"],"picked":"Sucker Punch+1","floor":18.0},{"not_picked":["Riddle With Holes+1","Poisoned Stab+1","Bane+1"],"picked":"SKIP","floor":22}],"player_experience":729428,"relics_obtained":[{"floor":7.0,"key":"Tiny Chest"},{"floor":9.0,"key":"Molten Egg 2"},{"floor":11.0,"key":"Blood Vial"},{"floor":13.0,"key":"Odd Mushroom"},{"floor":20,"key":"StoneCalendar"}],"event_choices":[{"cards_removed":["Strike_G"],"damage_healed":0.0,"max_hp_gain":0.0,"max_hp_loss":0.0,"gold_gain":0.0,"event_name":"Golden Wing","player_choice":"Card Removal","floor":3.0,"gold_loss":0.0,"damage_taken":7.0},{"damage_healed":0.0,"max_hp_gain":0.0,"max_hp_loss":0.0,"gold_gain":0.0,"event_name":"Mushrooms","player_choice":"Fought Mushrooms","floor":13.0,"gold_loss":0.0,"damage_taken":0.0},{"damage_healed":0.0,"max_hp_gain":0.0,"max_hp_loss":0.0,"gold_gain":0.0,"event_name":"Shining Light","player_choice":"Ignored","floor":14.0,"gold_loss":0.0,"damage_taken":0.0},{"damage_healed":0.0,"max_hp_gain":0.0,"max_hp_loss":0.0,"gold_gain":0.0,"event_name":"The Library","player_choice":"Read","floor":19.0,"gold_loss":0.0,"damage_taken":0.0,"cards_obtained":["Terror"]}],"is_beta":false,"boss_relics":[{"not_picked":["Astrolabe","Tiny House"],"picked":"Philosopher\u0027s Stone"}],"items_purged_floors":[2],"is_endless":false,"potions_floor_spawned":[7,12,13,16,18],"killed_by":"Book of Stabbing","ascension_level":20}}