{"host":"8rqsnaeml9gxb0kp","time":1612479523,"event":{"mods":["AchievementEnabler","BaseMod","Dark Map","Minty Spire (QoL Compilation)","Relic Stats","StSLib","slay the spire mod where everything is the same but ironclad has a cowboy hat"],"gold_per_floor":[112,130,143,159,159,159,191,191,191,191,226,226,226,243,243,317,317,336,354,354,354,370,370,370,370],"floor_reached":24,"language":"ENG","playtime":1507,"items_purged":[],"score":416,"play_id":"9757ab1b-9da6-4066-9955-f74fe00b7809","local_time":"20210204145843","is_ascension_mode":true,"campfire_choices":[{"floor":6,"key":"REST"},{"floor":8,"key":"REST"},{"floor":10,"key":"REST"},{"floor":13,"key":"REST"},{"floor":15,"key":"REST"},{"floor":23,"key":"REST"}],"circlet_count":0,"master_deck":["AscendersBane","Defend_R","Defend_R","Defend_R","Bash","Iron Wave","Infernal Blade","Headbutt","Twin Strike","Headbutt","Impervious","Seeing Red","Feed","CurseOfTheBell","Flame Barrier","Decay","Bite","Bite","Bite","Bite","Bite","Pommel Strike+1"],"relics":["Sozu","Smiling Mask","FossilizedHelix","Blue Candle","Ornamental Fan","Calling Bell","Strawberry","Gremlin Horn","Shovel"],"acts_visited":["Exordium","TheCity"],"potions_floor_usage":[],"damage_taken":[{"damage":7,"enemies":"Small Slimes","floor":1,"turns":4},{"damage":3,"enemies":"2 Louse","floor":2,"turns":3},{"damage":2,"enemies":"Jaw Worm","floor":3,"turns":3},{"damage":17,"enemies":"Gremlin Gang","floor":4,"turns":5},{"damage":15,"enemies":"Lagavulin","floor":7,"turns":6},{"damage":20,"enemies":"3 Sentries","floor":11,"turns":10},{"damage":14,"enemies":"Lots of Slimes","floor":14,"turns":4},{"damage":30,"enemies":"The Guardian","floor":16,"turns":9},{"damage":30,"enemies":"Shell Parasite","floor":18,"turns":4},{"damage":13,"enemies":"Chosen","floor":19,"turns":7},{"damage":27,"enemies":"3 Cultists","floor":22,"turns":6},{"damage":50,"enemies":"Snecko","floor":24,"turns":6}],"seed_played":"-7003093643958143216","potions_obtained":[],"is_trial":false,"path_per_floor":["M","M","M","M","?","R","E","R","T","R","E","?","R","M","R","B",null,"M","M","?","?","M","R","M"],"character_chosen":"IRONCLAD","items_purchased":[],"campfire_rested":6,"item_purchase_floors":[],"current_hp_per_floor":[61,58,56,39,4,26,11,33,33,55,35,28,50,36,58,28,70,40,27,27,27,14,31,0,0],"gold":370,"neow_bonus":"BOSS_RELIC","is_daily":false,"chose_seed":false,"campfire_upgraded":0,"win_rate":0.0,"timestamp":1612479523,"path_taken":["M","M","M","M","?","R","E","R","T","R","E","?","R","M","R","BOSS","M","M","?","?","M","R","M"],"items_purchased_type":[],"build_version":"2020-12-22","purchased_purges":0,"victory":false,"max_hp_per_floor":[75,75,75,75,75,75,75,75,75,75,75,75,75,75,75,75,82,82,82,82,57,57,57,57,57],"relic_stats":{"Sozu":6,"Shovel":0,"Gremlin Horn":[2,2],"counters":[12,67],"Ornamental Fan":[64],"Blue Candle":[10],"Smiling Mask":0,"obtain_stats":[{"Sozu":0,"Calling Bell":17,"Shovel":17,"Gremlin Horn":17,"Ornamental Fan":11,"Blue Candle":9,"Strawberry":17,"Smiling Mask":5,"Burning Blood":0,"FossilizedHelix":7},{"Sozu":0,"Calling Bell":8,"Shovel":8,"Gremlin Horn":8,"Ornamental Fan":6,"Blue Candle":5,"Strawberry":8,"Smiling Mask":4,"Burning Blood":0,"FossilizedHelix":5},{"Sozu":0,"Calling Bell":44,"Shovel":44,"Gremlin Horn":44,"Ornamental Fan":31,"Blue Candle":21,"Strawberry":44,"Smiling Mask":15,"Burning Blood":0,"FossilizedHelix":21}]},"card_choices":[{"not_picked":["Flame Barrier","Fire Breathing"],"picked":"Iron Wave","floor":1},{"not_picked":["Searing Blow","Blood for Blood"],"picked":"Infernal Blade","floor":2},{"not_picked":["Seeing Red","Intimidate"],"picked":"Headbutt","floor":3},{"not_picked":["Evolve","Shrug It Off"],"picked":"Twin Strike","floor":4},{"not_picked":["Inflame","Rampage"],"picked":"Headbutt","floor":7},{"not_picked":["Clash","Warcry"],"picked":"Impervious","floor":11},{"not_picked":["Bloodletting","Dark Embrace"],"picked":"Seeing Red","floor":14},{"not_picked":["Barricade","Brutality"],"picked":"Feed","floor":16},{"not_picked":["Twin Strike","Pommel Strike"],"picked":"Flame Barrier","floor":18},{"not_picked":["True Grit","Body Slam","Pommel Strike"],"picked":"SKIP","floor":19},{"not_picked":["Clash","Dropkick"],"picked":"Pommel Strike+1","floor":22}],"player_experience":183529,"relics_obtained":[{"floor":7,"key":"FossilizedHelix"},{"floor":9,"key":"Blue Candle"},{"floor":11,"key":"Ornamental Fan"},{"floor":17,"key":"Strawberry"},{"floor":17,"key":"Gremlin Horn"},{"floor":17,"key":"Shovel"}],"event_choices":[{"damage_healed":0,"gold_gain":0,"player_choice":"Success","damage_taken":35,"relics_obtained":["Smiling Mask"],"max_hp_gain":0,"max_hp_loss":0,"event_name":"Scrap Ooze","floor":5,"gold_loss":0},{"cards_removed":["Defend_R"],"damage_healed":0,"gold_gain":0,"player_choice":"Card Removal","damage_taken":7,"max_hp_gain":0,"max_hp_loss":0,"event_name":"Golden Wing","floor":12,"gold_loss":0},{"damage_healed":0,"gold_gain":0,"player_choice":"Smashed Altar","damage_taken":0,"max_hp_gain":0,"max_hp_loss":0,"event_name":"Forgotten Altar","floor":20,"gold_loss":0,"cards_obtained":["Decay"]},{"damage_healed":0,"gold_gain":0,"player_choice":"Became a vampire","damage_taken":0,"max_hp_gain":0,"max_hp_loss":25,"event_name":"Vampires","floor":21,"gold_loss":0,"cards_obtained":["Bite","Bite","Bite","Bite","Bite"]}],"is_beta":false,"boss_relics":[{"not_picked":["SacredBark","Runic Dome"],"picked":"Calling Bell"}],"items_purged_floors":[],"is_endless":false,"potions_floor_spawned":[1,2,7,11,18,22],"killed_by":"Snecko","ascension_level":18}}