{"host":"t75twhtg6c476ygg","time":1612472697,"event":{"mods":["AchievementEnabler","BaseMod","Colored Powertips","Minty Spire (QoL Compilation)","Quick Restart","Relic Stats","StSLib","SuperFastMode"],"gold_per_floor":[112,62,62,72,175,205,205,237,262,262,282,282,85,96,96,193,193,210,210,125,135,149,182,182,216,243,342,356,356,369,400,400,502,502,516,516,535,551,185,185,185],"floor_reached":40,"language":"ENG","playtime":1402,"items_purged":["Defend_R"],"score":862,"play_id":"1d054ae3-b672-4ba5-9671-78c0f0ad65fe","local_time":"20210204210457","is_ascension_mode":true,"campfire_choices":[{"data":"Headbutt","floor":7,"key":"SMITH"},{"data":"Bash","floor":10,"key":"SMITH"},{"data":"Cleave","floor":15,"key":"SMITH"},{"floor":24,"key":"REST"},{"floor":29,"key":"REST"},{"data":"Limit Break","floor":32,"key":"SMITH"}],"circlet_count":0,"master_deck":["Strike_R","Strike_R","Defend_R+1","Defend_R+1","Bash+1","Headbutt+1","Cleave+1","Limit Break+1","Sword Boomerang","Thunderclap+1","Flex+1","Reaper","Rage+1","Pummel+1"],"relics":["Burning Blood","NeowsBlessing","War Paint","Orichalcum","Potion Belt","Paper Frog","Bag of Marbles","Odd Mushroom","Brimstone","Calling Bell","Blood Vial","Letter Opener","Calipers","Centennial Puzzle","Red Skull","Toxic Egg 2","Strawberry","Ancient Tea Set","Astrolabe","Lantern"],"acts_visited":["Exordium","TheCity","TheBeyond"],"potions_floor_usage":[11,30,39,40,40,40],"damage_taken":[{"damage":0,"enemies":"Small Slimes","floor":1,"turns":1},{"damage":0,"enemies":"Jaw Worm","floor":4,"turns":1},{"damage":0,"enemies":"Gremlin Nob","floor":6,"turns":1},{"damage":17,"enemies":"3 Sentries","floor":8,"turns":5},{"damage":30,"enemies":"The Mushroom Lair","floor":11,"turns":6},{"damage":0,"enemies":"2 Louse","floor":14,"turns":1},{"damage":0,"enemies":"Slime Boss","floor":16,"turns":6},{"damage":25,"enemies":"2 Thieves","floor":18,"turns":3},{"damage":13,"enemies":"3 Byrds","floor":21,"turns":4},{"damage":7,"enemies":"Sentry and Sphere","floor":22,"turns":3},{"damage":42,"enemies":"Gremlin Leader","floor":23,"turns":4},{"damage":43,"enemies":"Book of Stabbing","floor":25,"turns":5},{"damage":1,"enemies":"Cultist and Chosen","floor":28,"turns":2},{"damage":0,"enemies":"Snecko","floor":30,"turns":2},{"damage":0,"enemies":"Gremlin Leader","floor":31,"turns":3},{"damage":35,"enemies":"Collector","floor":33,"turns":6},{"damage":33,"enemies":"Orb Walker","floor":35,"turns":4},{"damage":1,"enemies":"3 Darklings","floor":37,"turns":3},{"damage":0,"enemies":"Transient","floor":38,"turns":5},{"damage":107,"enemies":"Nemesis","floor":40,"turns":5}],"seed_played":"8371833196448984687","potions_obtained":[{"floor":1,"key":"SteroidPotion"},{"floor":6,"key":"SpeedPotion"},{"floor":8,"key":"ColorlessPotion"},{"floor":21,"key":"Strength Potion"},{"floor":23,"key":"Swift Potion"},{"floor":25,"key":"Regen Potion"},{"floor":33,"key":"SteroidPotion"}],"is_trial":false,"path_per_floor":["M","?","?","M","$","E","R","E","T","R","?","?","$","M","R","B",null,"M","?","?","M","M","E","R","E","T","?","M","R","M","E","R","B",null,"M","?","M","M","$","E"],"character_chosen":"IRONCLAD","items_purchased":["War Paint","Orichalcum","Brimstone","Cleave","Lantern","Fruit Juice","Block Potion"],"campfire_rested":2,"item_purchase_floors":[5,5,13,13,39,39,39],"current_hp_per_floor":[78,78,71,77,77,80,80,69,69,69,45,45,45,51,51,57,74,57,57,57,52,53,19,43,8,15,15,22,48,56,64,64,37,75,64,69,76,87,92,0,0],"gold":185,"neow_bonus":"THREE_ENEMY_KILL","is_daily":false,"chose_seed":false,"campfire_upgraded":4,"win_rate":0.0,"timestamp":1612472697,"path_taken":["M","?","?","M","?","E","R","E","T","R","?","?","$","?","R","BOSS","M","?","?","?","M","E","R","E","T","?","M","R","M","E","R","BOSS","M","?","?","M","$","E"],"items_purchased_type":["Relic","Relic","Relic","Card","Relic","Potion","Potion"],"build_version":"2020-12-22","purchased_purges":1,"victory":false,"max_hp_per_floor":[80,80,80,80,80,80,80,80,80,80,80,80,80,80,80,80,80,80,80,80,80,80,80,80,80,87,87,87,87,87,87,87,87,87,87,87,87,87,92,92,92],"relic_stats":{"Blood Vial":24,"Centennial Puzzle":[27],"counters":[20,70],"Astrolabe":["Warcry","Rage","Pummel"],"Letter Opener":[31],"War Paint":["Defend_R","Defend_R"],"Orichalcum":[168],"obtain_stats":[{"Potion Belt":6,"Lantern":39,"Calipers":17,"NeowsBlessing":0,"Astrolabe":34,"Letter Opener":17,"War Paint":5,"Orichalcum":5,"Odd Mushroom":11,"Ancient Tea Set":31,"Burning Blood":0,"Calling Bell":17,"Blood Vial":17,"Centennial Puzzle":20,"Brimstone":13,"Strawberry":26,"Bag of Marbles":9,"Toxic Egg 2":25,"Red Skull":23,"Paper Frog":8},{"Potion Belt":3,"Lantern":19,"Calipers":7,"NeowsBlessing":0,"Astrolabe":16,"Letter Opener":7,"War Paint":2,"Orichalcum":2,"Odd Mushroom":5,"Ancient Tea Set":15,"Burning Blood":0,"Calling Bell":7,"Blood Vial":7,"Centennial Puzzle":8,"Brimstone":5,"Strawberry":12,"Bag of Marbles":4,"Toxic Egg 2":12,"Red Skull":11,"Paper Frog":4},{"Potion Belt":3,"Lantern":65,"Calipers":21,"NeowsBlessing":0,"Astrolabe":53,"Letter Opener":21,"War Paint":2,"Orichalcum":2,"Odd Mushroom":14,"Ancient Tea Set":47,"Burning Blood":0,"Calling Bell":21,"Blood Vial":21,"Centennial Puzzle":24,"Brimstone":14,"Strawberry":40,"Bag of Marbles":8,"Toxic Egg 2":40,"Red Skull":35,"Paper Frog":8}],"Burning Blood":105},"card_choices":[{"not_picked":["Iron Wave","True Grit","Sever Soul"],"picked":"SKIP","floor":1},{"not_picked":["Bloodletting","Infernal Blade"],"picked":"Headbutt","floor":4},{"not_picked":["Headbutt","Warcry"],"picked":"Fire Breathing","floor":6},{"not_picked":["Metallicize","Clash","Perfected Strike"],"picked":"SKIP","floor":8},{"not_picked":["Anger","Twin Strike","Body Slam"],"picked":"SKIP","floor":14},{"not_picked":["Barricade","Impervious"],"picked":"Limit Break","floor":16},{"not_picked":["Iron Wave+1","True Grit","Headbutt+1"],"picked":"SKIP","floor":18},{"not_picked":["Pommel Strike","Perfected Strike"],"picked":"Thunderclap+1","floor":21},{"not_picked":["Havoc","Uppercut","Warcry"],"picked":"SKIP","floor":22},{"not_picked":["Warcry","Blood for Blood+1","Wild Strike+1"],"picked":"SKIP","floor":23},{"not_picked":["Blood for Blood","Anger","Havoc+1"],"picked":"SKIP","floor":25},{"not_picked":["Wild Strike","Clothesline","Bludgeon"],"picked":"SKIP","floor":28},{"not_picked":["Anger","Thunderclap"],"picked":"Flex+1","floor":30},{"not_picked":["Rage+1","Rupture","Thunderclap+1"],"picked":"SKIP","floor":31},{"not_picked":["Brutality","Bludgeon"],"picked":"Reaper","floor":33},{"not_picked":["Wild Strike+1","Fire Breathing","Disarm+1"],"picked":"SKIP","floor":35},{"not_picked":["Anger","Dropkick","Power Through+1"],"picked":"SKIP","floor":37},{"not_picked":["Dark Embrace","Headbutt+1","Searing Blow"],"picked":"SKIP","floor":38}],"player_experience":352344,"relics_obtained":[{"floor":6,"key":"Potion Belt"},{"floor":8,"key":"Paper Frog"},{"floor":9,"key":"Bag of Marbles"},{"floor":11,"key":"Odd Mushroom"},{"floor":17,"key":"Blood Vial"},{"floor":17,"key":"Letter Opener"},{"floor":17,"key":"Calipers"},{"floor":23,"key":"Red Skull"},{"floor":25,"key":"Toxic Egg 2"},{"floor":26,"key":"Strawberry"},{"floor":31,"key":"Ancient Tea Set"}],"event_choices":[{"cards_removed":["Strike_R"],"damage_healed":0,"gold_gain":0,"player_choice":"Card Removal","damage_taken":0,"max_hp_gain":0,"max_hp_loss":0,"event_name":"The Cleric","floor":2,"gold_loss":50},{"cards_removed":["Strike_R"],"damage_healed":0,"gold_gain":0,"player_choice":"Card Removal","damage_taken":7,"max_hp_gain":0,"max_hp_loss":0,"event_name":"Golden Wing","floor":3,"gold_loss":0},{"damage_healed":0,"gold_gain":0,"player_choice":"Fought Mushrooms","damage_taken":0,"max_hp_gain":0,"max_hp_loss":0,"event_name":"Mushrooms","floor":11,"gold_loss":0},{"damage_healed":0,"gold_gain":0,"player_choice":"Ignored","damage_taken":0,"max_hp_gain":0,"max_hp_loss":0,"event_name":"Liars Game","floor":12,"gold_loss":0},{"damage_healed":0,"gold_gain":0,"player_choice":"Read","damage_taken":0,"max_hp_gain":0,"max_hp_loss":0,"event_name":"The Library","floor":19,"gold_loss":0,"cards_obtained":["Sword Boomerang"]},{"damage_healed":0,"gold_gain":0,"player_choice":"Obtained Relic","damage_taken":0,"relics_obtained":["Centennial Puzzle"],"max_hp_gain":0,"max_hp_loss":0,"event_name":"Addict","floor":20,"gold_loss":85},{"damage_healed":0,"gold_gain":99,"player_choice":"Stole From Cult","damage_taken":0,"max_hp_gain":0,"max_hp_loss":0,"event_name":"Nest","floor":27,"gold_loss":0},{"cards_removed":["Warcry"],"damage_healed":5,"gold_gain":0,"player_choice":"Offered Common","damage_taken":0,"max_hp_gain":0,"max_hp_loss":0,"event_name":"Bonfire Elementals","floor":36,"gold_loss":0},{"cards_removed":["Warcry"],"damage_healed":5,"gold_gain":0,"player_choice":"Offered Special","damage_taken":0,"max_hp_gain":0,"max_hp_loss":0,"event_name":"Bonfire Elementals","floor":36,"gold_loss":0}],"is_beta":false,"boss_relics":[{"not_picked":["Runic Cube","Busted Crown"],"picked":"Calling Bell"},{"not_picked":["Coffee Dripper","Philosopher\u0027s Stone"],"picked":"Astrolabe"}],"items_purged_floors":[39],"is_endless":false,"potions_floor_spawned":[1,6,8,21,23,25,33,35,38],"killed_by":"Nemesis","ascension_level":9}}