{"host":"a5lz0e76zb3fcwkm","time":1612427219,"event":{"mods":["AchievementEnabler","BaseMod","Colored Map","Colored Powertips","Minty Spire (QoL Compilation)","StSLib","SuperFastMode"],"gold_per_floor":[119,44,44,44,119,119,152,167,192,192,219,243,243,258,258,335,335,353,353,353],"floor_reached":19,"language":"KOR","playtime":572,"items_purged":["Defend_R"],"score":396,"play_id":"7bec4717-40bb-4ebf-9822-1525dcf1efb6","local_time":"20210204172659","is_ascension_mode":true,"campfire_choices":[{"data":"Armaments","floor":6,"key":"SMITH"},{"data":"Body Slam","floor":10,"key":"SMITH"},{"data":"Pommel Strike","floor":15,"key":"SMITH"}],"circlet_count":0,"master_deck":["AscendersBane","Strike_R","Strike_R","Strike_R","Strike_R","Strike_R","Defend_R","Defend_R","Defend_R","Bash","Armaments+1","Pommel Strike+1","Body Slam+1","Dropkick","Burning Pact","Barricade"],"relics":["Burning Blood","NeowsBlessing","Bronze Scales","Juzu Bracelet","Toy Ornithopter","Letter Opener","Odd Mushroom","Snecko Eye"],"acts_visited":["Exordium","TheCity"],"potions_floor_usage":[11,11,16],"damage_taken":[{"damage":0,"enemies":"2 Louse","floor":1,"turns":1},{"damage":0,"enemies":"3 Sentries","floor":7,"turns":1},{"damage":0,"enemies":"Jaw Worm","floor":8,"turns":1},{"damage":1,"enemies":"Gremlin Nob","floor":11,"turns":3},{"damage":17,"enemies":"The Mushroom Lair","floor":12,"turns":5},{"damage":3,"enemies":"Small Slimes","floor":14,"turns":3},{"damage":63,"enemies":"The Guardian","floor":16,"turns":14},{"damage":16,"enemies":"3 Byrds","floor":18,"turns":3},{"damage":64,"enemies":"Masked Bandits","floor":19,"turns":3}],"seed_played":"5106460503693489147","potions_obtained":[{"floor":7,"key":"Strength Potion"},{"floor":8,"key":"SkillPotion"},{"floor":14,"key":"SteroidPotion"}],"is_trial":false,"path_per_floor":["M","$","?","?","?","R","E","M","T","R","E","?","?","M","R","B",null,"M","?"],"character_chosen":"IRONCLAD","items_purchased":[],"campfire_rested":0,"item_purchase_floors":[],"current_hp_per_floor":[74,74,74,56,45,45,51,57,57,57,72,61,61,64,64,12,59,49,0,0],"gold":353,"neow_bonus":"THREE_ENEMY_KILL","is_daily":false,"chose_seed":false,"campfire_upgraded":3,"win_rate":0.0,"timestamp":1612427219,"path_taken":["M","$","?","?","?","R","E","M","T","R","E","?","?","M","R","BOSS","M","?"],"items_purchased_type":[],"build_version":"2020-12-22","purchased_purges":1,"victory":false,"max_hp_per_floor":[75,75,75,75,75,75,75,75,75,75,75,75,75,75,75,75,75,75,75,75],"card_choices":[{"not_picked":["Warcry","Dark Embrace"],"picked":"Armaments","floor":1},{"not_picked":["Perfected Strike","Iron Wave"],"picked":"Pommel Strike","floor":7},{"not_picked":["Wild Strike","Cleave"],"picked":"Body Slam","floor":8},{"not_picked":["Body Slam","Sword Boomerang","Iron Wave"],"picked":"SKIP","floor":11},{"not_picked":["Body Slam","Sword Boomerang","Iron Wave"],"picked":"SKIP","floor":11},{"not_picked":["Bludgeon","True Grit"],"picked":"Dropkick","floor":12},{"not_picked":["Fire Breathing","Flex"],"picked":"Burning Pact","floor":14},{"not_picked":["Double Tap","Limit Break"],"picked":"Barricade","floor":16},{"not_picked":["Metallicize","Spot Weakness","Clash"],"picked":"SKIP","floor":18}],"player_experience":1833437,"relics_obtained":[{"floor":7,"key":"Juzu Bracelet"},{"floor":9,"key":"Toy Ornithopter"},{"floor":11,"key":"Letter Opener"},{"floor":12,"key":"Odd Mushroom"}],"event_choices":[{"damage_healed":0,"gold_gain":0,"player_choice":"Leave","damage_taken":0,"max_hp_gain":0,"max_hp_loss":0,"event_name":"The Cleric","floor":3,"gold_loss":0},{"damage_healed":0,"gold_gain":0,"player_choice":"Success","damage_taken":18,"relics_obtained":["Bronze Scales"],"max_hp_gain":0,"max_hp_loss":0,"event_name":"Scrap Ooze","floor":4,"gold_loss":0},{"damage_healed":0,"gold_gain":75,"player_choice":"Gather Gold","damage_taken":11,"max_hp_gain":0,"max_hp_loss":0,"event_name":"World of Goop","floor":5,"gold_loss":0},{"damage_healed":0,"gold_gain":0,"player_choice":"Fought Mushrooms","damage_taken":0,"max_hp_gain":0,"max_hp_loss":0,"event_name":"Mushrooms","floor":12,"gold_loss":0},{"damage_healed":0,"gold_gain":0,"player_choice":"Ignored","damage_taken":0,"max_hp_gain":0,"max_hp_loss":0,"event_name":"Liars Game","floor":13,"gold_loss":0},{"damage_healed":0,"gold_gain":0,"player_choice":"Fought Bandits","damage_taken":0,"max_hp_gain":0,"max_hp_loss":0,"event_name":"Masked Bandits","floor":19,"gold_loss":0}],"is_beta":false,"boss_relics":[{"not_picked":["Tiny House","Philosopher\u0027s Stone"],"picked":"Snecko Eye"}],"items_purged_floors":[2],"is_endless":false,"potions_floor_spawned":[7,8,14],"killed_by":"Masked Bandits","ascension_level":20}}