{"host":"1sqx9dmsrxu9kvq7","time":1612422163,"event":{"mods":["2.2 Compatiblity","Act Like it!","BaseMod","CapriCore","Chen","Colored Powertips","Custom Start","Friendly Minions","Highlight Path","HololiveMod","KinomotoSakuraMod(木之本?)","Kiyohime（清?）","Koishi","Marisa（霧雨　魔理沙）","Minty Spire (QoL Compilation)","Prisma Mod","Quick Restart","Rare Cards Sparkle","Reimu（博??梦）","Relic Stats","Remilia（蕾米莉?）","Shop Mod","Spicy Shops","StSLib","Td1madao Mod","The Administrix","The Blue Laboratory","The Immortal","The Servant 0.9.4","Waifu the Spire","WarShipGirlsR/??少女R mod","Yakumo Yukari mod","Yuyuko"],"gold_per_floor":[109,109,129,129,145,145,164,164,238,273,291,303,321,321,321,421,421,411,423,439,439,453,453,482,482,506,531,531,531,549,562,562,562,562],"floor_reached":33,"language":"ENG","playtime":2236,"items_purged":[],"score":291,"play_id":"faa41622-5d95-45b3-9c28-3813ebbbaacc","local_time":"20210204010243","is_ascension_mode":false,"campfire_choices":[{"floor":6,"key":"RECALL"},{"data":"PrismaMod:IllyaRubysPotion","floor":15,"key":"SMITH"},{"data":"PrismaMod:IllyaSaphire","floor":23,"key":"SMITH"},{"floor":25,"key":"REST"},{"data":"PrismaMod:IllyaCheapAttack","floor":29,"key":"SMITH"},{"floor":32,"key":"REST"}],"circlet_count":0,"master_deck":["PrismaMod:IllyaCommonAttack","PrismaMod:IllyaCommonDefend","PrismaMod:IllyaCommonAttack+1","PrismaMod:IllyaCommonDefend","PrismaMod:IllyaCommonAttack","PrismaMod:IllyaCommonDefend+1","PrismaMod:IllyaCommonAttack","PrismaMod:IllyaCommonDefend","PrismaMod:IllyaCommonAttack","PrismaMod:IllyaCommonDefend","PrismaMod:IllyaUncommonAttack","PrismaMod:IllyaUncommonDefend+1","PrismaMod:IllyaRubysPotion+1","PrismaMod:IllyaInstallRuler","PrismaMod:IllyaDevil","PrismaMod:IllyaStunPoison","PrismaMod:IllyaSaphire+1","PrismaMod:IllyaHassanGift","PrismaMod:IllyaCarnivalDefend","PrismaMod:IllyaCarnivalDefend","PrismaMod:IllyaFriendMaker","PrismaMod:IllyaSaphire+1","PrismaMod:IllyaCheapAttack+1","Wrath_TH","EndlessPower","PrismaMod:IllyaMinorZwei+1","PrismaMod:IllyaCommonEvoke","PrismaMod:IllyaSaphire+1","PrismaMod:IllyaUberChannel","PrismaMod:IllyaCommandSeal"],"relics":["PrismaMod:PrismaZwei","NeowsBlessing","RuthlessExorcism:ReiMu","Potion Belt","MealTicket","Pen Nib"],"acts_visited":["Exordium","TheCity"],"potions_floor_usage":[],"damage_taken":[{"damage":0,"enemies":"2 Louse","floor":1,"turns":2},{"damage":0,"enemies":"Small Slimes","floor":3,"turns":1},{"damage":0,"enemies":"Cultist","floor":5,"turns":1},{"damage":5,"enemies":"2 Fungi Beasts","floor":7,"turns":5},{"damage":22,"enemies":"Gremlin Nob","floor":10,"turns":5},{"damage":0,"enemies":"Large Slime","floor":11,"turns":6},{"damage":0,"enemies":"Blue Slaver","floor":12,"turns":3},{"damage":0,"enemies":"Red Slaver","floor":13,"turns":5},{"damage":20,"enemies":"Hexaghost","floor":16,"turns":10},{"damage":0,"enemies":"2 Thieves","floor":18,"turns":4},{"damage":11,"enemies":"3 Byrds","floor":19,"turns":6},{"damage":12,"enemies":"3 Cultists","floor":20,"turns":7},{"damage":2,"enemies":"Centurion and Healer","floor":22,"turns":9},{"damage":34,"enemies":"Slavers","floor":24,"turns":8},{"damage":8,"enemies":"Gremlin Leader","floor":27,"turns":7},{"damage":12,"enemies":"Sentry and Sphere","floor":30,"turns":6},{"damage":4,"enemies":"3 Cultists","floor":31,"turns":6},{"damage":80,"enemies":"Collector","floor":33,"turns":10}],"seed_played":"-7257754871693771674","potions_obtained":[{"floor":5,"key":"Dexterity Potion"},{"floor":7,"key":"blueLaboratory:HorrorPotion"},{"floor":8,"key":"DistilledChaos"},{"floor":12,"key":"blueLaboratory:FruitPreserves"},{"floor":30,"key":"BlessingOfTheForge"},{"floor":31,"key":"blueLaboratory:SavagePotion"}],"is_trial":false,"path_per_floor":["M","?","M","?","M","R","M","?","T","E","M","M","M","?","R","B",null,"M","M","M","?","M","R","E","R","T","E","?","R","M","M","R","B"],"character_chosen":"ILLYA","items_purchased":[],"campfire_rested":2,"item_purchase_floors":[],"current_hp_per_floor":[75,75,75,60,60,60,60,60,60,43,48,48,53,53,53,38,75,75,69,62,62,65,65,36,58,58,55,55,55,48,49,71,0,0],"gold":562,"neow_bonus":"THREE_ENEMY_KILL","is_daily":false,"chose_seed":false,"campfire_upgraded":3,"win_rate":0.0,"timestamp":1612422163,"path_taken":["M","?","M","?","M","R","M","?","T","E","M","M","?","?","R","BOSS","M","M","M","?","M","R","E","R","T","E","?","R","M","?","R","BOSS"],"items_purchased_type":[],"build_version":"2020-12-22","purchased_purges":0,"victory":false,"max_hp_per_floor":[75,75,75,75,75,75,75,75,75,75,75,75,75,75,75,75,75,75,75,75,75,75,75,75,75,75,75,75,75,75,75,75,75,75],"relic_stats":{"counters":[18,101],"MealTicket":0,"Pen Nib":[2],"obtain_stats":[{"Potion Belt":24,"PrismaMod:PrismaRuby":0,"NeowsBlessing":0,"MealTicket":26,"Pen Nib":27,"RuthlessExorcism:ReiMu":10,"PrismaMod:PrismaZwei":17},{"Potion Belt":14,"PrismaMod:PrismaRuby":0,"NeowsBlessing":0,"MealTicket":14,"Pen Nib":15,"RuthlessExorcism:ReiMu":5,"PrismaMod:PrismaZwei":9},{"Potion Belt":72,"PrismaMod:PrismaRuby":0,"NeowsBlessing":0,"MealTicket":72,"Pen Nib":79,"RuthlessExorcism:ReiMu":14,"PrismaMod:PrismaZwei":38}]},"card_choices":[{"not_picked":["PrismaMod:IllyaPartialInstallAssassin","PrismaMod:IllyaCheapChannelAttack"],"picked":"PrismaMod:IllyaRubysPotion","floor":1},{"not_picked":["PrismaMod:IllyaBlindPoisonToss","PrismaMod:IllyaCheapAttack"],"picked":"PrismaMod:IllyaInstallRuler","floor":3},{"not_picked":["PrismaMod:IllyaPoisonTippedWeapons","PrismaMod:IllyaPoisonBomb"],"picked":"PrismaMod:IllyaDevil","floor":5},{"not_picked":["PrismaMod:IllyaFeed","PrismaMod:IllyaGun"],"picked":"PrismaMod:IllyaStunPoison","floor":7},{"not_picked":["PrismaMod:IllyaUncommonEvoke","PrismaMod:IllyaUpgradeOrbs"],"picked":"PrismaMod:IllyaSaphire","floor":10},{"not_picked":["PrismaMod:IllyaUberPoisonBlock","PrismaMod:IllyaBoysLove"],"picked":"PrismaMod:IllyaHassanGift","floor":11},{"not_picked":["PrismaMod:IllyaCommonEvoke","PrismaMod:IllyaHassanGift"],"picked":"PrismaMod:IllyaCarnivalDefend","floor":12},{"not_picked":["PrismaMod:IllyaDevil","PrismaMod:IllyaMaid","PrismaMod:IllyaUpgradeOrbs"],"picked":"SKIP","floor":13},{"not_picked":["PrismaMod:IllyaInstallLancer","PrismaMod:IllyaZwei"],"picked":"PrismaMod:IllyaCarnivalDefend","floor":16},{"not_picked":["PrismaMod:IllyaPartialInstallAssassin","PrismaMod:IllyaBerserCAR"],"picked":"PrismaMod:IllyaFriendMaker","floor":18},{"not_picked":["PrismaMod:IllyaDetonatingBlow","PrismaMod:IllyaGun+1"],"picked":"PrismaMod:IllyaSaphire+1","floor":19},{"not_picked":["PrismaMod:IllyaUberPoisonBlock","PrismaMod:IllyaAssassinRevenge"],"picked":"PrismaMod:IllyaCheapAttack","floor":20},{"not_picked":["PrismaMod:IllyaCheapChannelPoison","PrismaMod:IllyaTestament"],"picked":"PrismaMod:IllyaMinorZwei+1","floor":22},{"not_picked":["PrismaMod:IllyaHassanGift","PrismaMod:IllyaAssassinRevenge+1"],"picked":"PrismaMod:IllyaCommonEvoke","floor":24},{"not_picked":["PrismaMod:IllyaMaid","PrismaMod:IllyaRussianRoulette"],"picked":"PrismaMod:IllyaSaphire+1","floor":27},{"not_picked":["PrismaMod:IllyaUpgradeOrbs+1","PrismaMod:IllyaGrailKun"],"picked":"PrismaMod:IllyaUberChannel","floor":30},{"not_picked":["PrismaMod:IllyaPoisonTippedWeapons","PrismaMod:IllyaMinorZwei+1"],"picked":"PrismaMod:IllyaCommandSeal","floor":31}],"player_experience":289547,"relics_obtained":[{"floor":10,"key":"RuthlessExorcism:ReiMu"},{"floor":24,"key":"Potion Belt"},{"floor":26,"key":"MealTicket"},{"floor":27,"key":"Pen Nib"}],"event_choices":[{"damage_healed":0,"gold_gain":0,"player_choice":"Grow","damage_taken":0,"max_hp_gain":0,"max_hp_loss":0,"event_name":"Living Wall","floor":2,"gold_loss":0,"cards_upgraded":["PrismaMod:IllyaUncommonDefend"]},{"damage_healed":0,"gold_gain":0,"player_choice":"Entered Light","damage_taken":15,"max_hp_gain":0,"max_hp_loss":0,"event_name":"Shining Light","floor":4,"gold_loss":0,"cards_upgraded":["PrismaMod:IllyaCommonAttack","PrismaMod:IllyaCommonDefend"]},{"damage_healed":0,"gold_gain":0,"player_choice":"Got Potions","damage_taken":0,"max_hp_gain":0,"max_hp_loss":0,"event_name":"Lab","floor":8,"gold_loss":0},{"damage_healed":0,"gold_gain":0,"player_choice":"Ignored","damage_taken":0,"max_hp_gain":0,"max_hp_loss":0,"event_name":"Liars Game","floor":14,"gold_loss":0},{"damage_healed":0,"gold_gain":0,"player_choice":"Leave","damage_taken":0,"max_hp_gain":0,"max_hp_loss":0,"event_name":"FaceTrader","floor":28,"gold_loss":0}],"is_beta":false,"boss_relics":[{"not_picked":["Astrolabe","Cursed Key"],"picked":"PrismaMod:PrismaZwei"}],"items_purged_floors":[],"is_endless":false,"potions_floor_spawned":[5,7,10,11,12,18,30,31],"killed_by":"Collector","ascension_level":0}}