{"host":"2se5dq1do2gp0x9k","time":1612416489,"event":{"mods":["AchievementEnabler","BaseMod","Block Reminder","Colored Map","Colored Powertips","Minty Spire (QoL Compilation)","Relic Stats","StSLib","SuperFastMode"],"gold_per_floor":[110,125,141,156,169,169,200,350,376,376,388,388,313,338,338,412,412,431,481,492,492,492],"floor_reached":21,"language":"ENG","playtime":612,"items_purged":["Doubt"],"score":432,"play_id":"d0a7d124-e92c-4443-82a3-db47e539cfdd","local_time":"20210203212809","is_ascension_mode":true,"campfire_choices":[{"data":"Zap","floor":6.0,"key":"SMITH"},{"data":"Buffer","floor":10.0,"key":"SMITH"},{"data":"Gash","floor":12.0,"key":"SMITH"},{"data":"Gash","floor":15.0,"key":"SMITH"}],"circlet_count":0,"master_deck":["AscendersBane","Strike_B","Strike_B","Strike_B","Strike_B","Defend_B","Defend_B+1","Defend_B","Defend_B","Zap+1","Dualcast","Ball Lightning","Leap","Gash+1","Conserve Battery+1","Gash","Buffer+1","Chill","Gash+1","Reboot","Genetic Algorithm"],"relics":["FrozenCore","NeowsBlessing","Nunchaku","War Paint","Bag of Marbles"],"acts_visited":["Exordium","TheCity"],"potions_floor_usage":[16,16],"damage_taken":[{"damage":0.0,"enemies":"Small Slimes","floor":1.0,"turns":1.0},{"damage":0.0,"enemies":"Jaw Worm","floor":2.0,"turns":1.0},{"damage":0.0,"enemies":"Cultist","floor":3.0,"turns":1.0},{"damage":21.0,"enemies":"Exordium Thugs","floor":4.0,"turns":4.0},{"damage":6.0,"enemies":"3 Louse","floor":5.0,"turns":3.0},{"damage":18.0,"enemies":"3 Sentries","floor":7.0,"turns":6.0},{"damage":1.0,"enemies":"Looter","floor":11.0,"turns":3.0},{"damage":0.0,"enemies":"Lagavulin","floor":14.0,"turns":7.0},{"damage":5,"enemies":"Hexaghost","floor":16,"turns":9},{"damage":15,"enemies":"Spheric Guardian","floor":18,"turns":6},{"damage":15,"enemies":"3 Byrds","floor":20,"turns":7},{"damage":0,"enemies":"3 Cultists","floor":21,"turns":3}],"seed_played":"362395720107105454","potions_obtained":[{"floor":2.0,"key":"Energy Potion"},{"floor":4.0,"key":"Dexterity Potion"},{"floor":11.0,"key":"AttackPotion"},{"floor":14.0,"key":"DuplicationPotion"},{"floor":16,"key":"SpeedPotion"}],"is_trial":false,"path_per_floor":["M","M","M","M","M","R","E","?","T","R","M","R","$","E","R","B",null,"M","?","M","M"],"character_chosen":"DEFECT","items_purchased":[],"campfire_rested":0,"item_purchase_floors":[],"current_hp_per_floor":[64,64,64,43,37,37,19,19,19,19,18,18,18,18,18,13,57,42,35,20,20,20],"gold":492,"neow_bonus":"THREE_ENEMY_KILL","is_daily":false,"chose_seed":false,"campfire_upgraded":4,"win_rate":0.0,"timestamp":1612416489,"path_taken":["M","M","M","M","M","R","E","?","T","R","M","R","$","E","R","BOSS","M","?","?","M"],"items_purchased_type":[],"build_version":"2020-12-22","purchased_purges":1,"victory":false,"max_hp_per_floor":[71,71,71,71,71,71,71,71,71,71,71,71,71,71,71,71,71,71,71,71,71,71],"relic_stats":{"Nunchaku":[6],"counters":[12,51],"War Paint":["Defend_B","Conserve Battery"],"obtain_stats":[{"Nunchaku":7,"NeowsBlessing":0,"Bag of Marbles":14,"War Paint":9,"Cracked Core":0,"FrozenCore":17},{"Nunchaku":6,"NeowsBlessing":0,"Bag of Marbles":8,"War Paint":6,"Cracked Core":0,"FrozenCore":9},{"Nunchaku":16,"NeowsBlessing":0,"Bag of Marbles":26,"War Paint":16,"Cracked Core":0,"FrozenCore":35}],"FrozenCore":[6]},"card_choices":[{"not_picked":["Streamline","Steam Power"],"picked":"Ball Lightning","floor":1.0},{"not_picked":["Go for the Eyes","FTL"],"picked":"Leap","floor":2.0},{"not_picked":["Go for the Eyes","Barrage"],"picked":"Gash","floor":3.0},{"not_picked":["Barrage","Stack"],"picked":"Conserve Battery","floor":4.0},{"not_picked":["Reprogram","Conserve Battery"],"picked":"Gash","floor":5.0},{"not_picked":["Sunder","Turbo"],"picked":"Buffer","floor":7.0},{"not_picked":["Redo","Steam"],"picked":"Chill","floor":11.0},{"not_picked":["Chaos","Rebound"],"picked":"Gash","floor":14.0},{"not_picked":["Multi-Cast","Rainbow"],"picked":"Reboot","floor":16},{"not_picked":["Barrage","Streamline"],"picked":"Genetic Algorithm","floor":18},{"not_picked":["Scrape","White Noise","Sweeping Beam"],"picked":"SKIP","floor":20}],"player_experience":4064912,"relics_obtained":[{"floor":7.0,"key":"Nunchaku"},{"floor":9.0,"key":"War Paint"},{"floor":14.0,"key":"Bag of Marbles"}],"event_choices":[{"damage_healed":0.0,"max_hp_gain":0.0,"max_hp_loss":0.0,"gold_gain":150.0,"event_name":"Liars Game","player_choice":"AGREE","floor":8.0,"gold_loss":0.0,"damage_taken":0.0,"cards_obtained":["Doubt"]},{"damage_healed":0,"gold_gain":50,"player_choice":"Touch","damage_taken":7,"max_hp_gain":0,"max_hp_loss":0,"event_name":"FaceTrader","floor":19,"gold_loss":0}],"is_beta":false,"boss_relics":[{"not_picked":["Ectoplasm","Cursed Key"],"picked":"FrozenCore"}],"items_purged_floors":[13],"is_endless":false,"potions_floor_spawned":[2,4,11,14,16],"killed_by":"3 Cultists","ascension_level":20}}