{"host":"wahmi3v2b4ozu27r","time":1612404188,"event":{"mods":["AchievementEnabler","Act Like it!","Astrologer","BaseMod","Colored Powertips","Energized Spire","Infinite Spire","Minty Spire (QoL Compilation)","Pale of the Ancients","Permanent Neow","Rare Cards Sparkle","Replay The Spire","Shop Mod","Spikes Relics","StSLib","The Animator","The Bug Knight","The Hierophant","The Problem Sleuth","TheBandit","TheFirefly","Trackpad","egg","everything is the same but u backflip on backflip","slay the spire mod where everything is the same but ironclad has a cowboy hat"],"gold_per_floor":[114,114,90,106,33,33,44,44,68,94,94,113,125,145,145,250,250,263,263,263,263,263,298,298,313,313,325,325,342,342,361,361,460,460,480,480,480],"floor_reached":36,"language":"ENG","playtime":4522,"items_purged":["Looming Evil"],"score":409,"play_id":"27fdc159-3b35-47ce-b462-51dc3c42757b","local_time":"20210203210308","is_ascension_mode":false,"campfire_choices":[{"floor":15.0,"key":"REST"},{"floor":24.0,"key":"REST"},{"floor":32.0,"key":"REST"}],"circlet_count":0,"master_deck":["Strike_B+1","Strike_B","Strike_B+1","Strike_B","Defend_B","Defend_B","Defend_B","Defend_B","Zap","Dualcast","Leap","Static Discharge","Ball Lightning","Sweeping Beam","Outmaneuver","Panic Button","Redo","FIFO Queue","Cold Snap","Mirror Shield","Chill","Decay","Die Die Die","Coolheaded","Decay","Multi-Cast"],"relics":["Replay:M_StaffOfTheSnake","Whetstone","infinitespire:Cubic Diamond","Ring of Shattering","ReplayTheSpireMod:Ring of Addiction","Chameleon Ring","White Beast Statue","Replay:Wax Seal","trackpad:BottledShadow","Philosopher\u0027s Stone","Nilry\u0027s Codex","Blood Vial","trackpad:ToughGloves","Gremlin Horn","HollowMod:PaleOreRelic","SlaversCollar"],"acts_visited":["Exordium","TheCity","TheBeyond"],"potions_floor_usage":[36],"damage_taken":[{"damage":2.0,"enemies":"Small Slimes","floor":1.0,"turns":4.0},{"damage":6.0,"enemies":"Cultist","floor":4.0,"turns":4.0},{"damage":6.0,"enemies":"Jaw Worm","floor":7.0,"turns":3.0},{"damage":17.0,"enemies":"HollowMod:MossKnight","floor":10.0,"turns":8.0},{"damage":0.0,"enemies":"Large Slime","floor":12.0,"turns":2.0},{"damage":18.0,"enemies":"Exordium Wildlife","floor":13.0,"turns":4.0},{"damage":10.0,"enemies":"Looter","floor":14.0,"turns":2.0},{"damage":23.0,"enemies":"Hexaghost","floor":16.0,"turns":11.0},{"damage":21.0,"enemies":"3 Byrds","floor":18.0,"turns":3.0},{"damage":0.0,"enemies":"Nightmare","floor":23.0,"turns":7.0},{"damage":10.0,"enemies":"Chosen","floor":25.0,"turns":6.0},{"damage":4.0,"enemies":"Snake Plant","floor":27.0,"turns":4.0},{"damage":17.0,"enemies":"Sentry and Sphere","floor":29.0,"turns":7.0},{"damage":10.0,"enemies":"Centurion and Healer","floor":31.0,"turns":5.0},{"damage":40.0,"enemies":"Automaton","floor":33.0,"turns":10.0},{"damage":51.0,"enemies":"Orb Walker","floor":35.0,"turns":5.0},{"damage":27,"enemies":"3 Darklings","floor":36,"turns":4}],"seed_played":"-1514251649580787187","potions_obtained":[{"floor":8.0,"key":"Fruit Juice"},{"floor":8.0,"key":"Fire Potion"},{"floor":8.0,"key":"Energy Potion"},{"floor":10.0,"key":"Regen Potion"},{"floor":12.0,"key":"Elixir"},{"floor":13.0,"key":"Reflective Coating"},{"floor":14.0,"key":"Ancient Potion"},{"floor":16.0,"key":"Reflective Coating"},{"floor":23.0,"key":"Reflective Coating"},{"floor":25.0,"key":"Explosive Potion"},{"floor":31.0,"key":"Flashbang"},{"floor":33.0,"key":"Dexterity Potion"},{"floor":35.0,"key":"Ancient Potion"}],"is_trial":false,"path_per_floor":["M","?","$","M","$","?","M","?","T","E","$","M","M","M","R","B",null,"M","?","?","AVR","?","NM","R","M","T","M","?","M","?","M","R","B",null,"M","M"],"character_chosen":"DEFECT","items_purchased":["Leap","Ball Lightning","Sweeping Beam"],"campfire_rested":3,"item_purchase_floors":[3,5,5],"current_hp_per_floor":[73,73,73,67,67,67,61,61,61,44,44,44,39,29,51,33,80,59,59,43,43,43,45,68,60,60,58,58,43,43,35,57,19,76,25,0,0],"gold":480,"neow_bonus":"RANDOM_COMMON_RELIC","is_daily":false,"chose_seed":false,"campfire_upgraded":0,"win_rate":0.0,"timestamp":1612404188,"path_taken":["M","?","?","?","$","?","M","?","T","E","?","M","M","M","R","BOSS","M","?","?","AVR","?","NM","R","M","T","M","?","?","?","M","R","BOSS","M","M"],"items_purchased_type":["Card","Card","Card"],"build_version":"2020-12-22","purchased_purges":1,"victory":false,"max_hp_per_floor":[75,75,75,75,75,75,75,75,75,75,75,75,75,75,75,80,80,80,80,78,78,78,78,78,78,78,78,78,76,76,76,76,76,76,76,76,76],"card_choices":[{"not_picked":["Crystallizer","Heatsinks","Rebound"],"picked":"SKIP","floor":1.0},{"not_picked":["Redo","SashWhip"],"picked":"Static Discharge","floor":4.0},{"not_picked":["Gash","ReplaySolidLightProjector"],"picked":"Outmaneuver","floor":7.0},{"not_picked":["ThirdEye","Hologram"],"picked":"Panic Button","floor":10.0},{"not_picked":["Stack","Leap"],"picked":"Redo","floor":12.0},{"not_picked":["Sweeping Beam","FTL"],"picked":"FIFO Queue","floor":13.0},{"not_picked":["Meteor Strike","Crescendo"],"picked":"Cold Snap","floor":14.0},{"not_picked":["Grand Finale","Establishment"],"picked":"Mirror Shield","floor":16.0},{"not_picked":["Redo+1","Gash"],"picked":"Chill","floor":18.0},{"not_picked":["Heatsinks","ReplayTheSpireMod:System Scan","ThirdEye"],"picked":"SKIP","floor":23.0},{"not_picked":["Hello World","ClearTheMind+1"],"picked":"Die Die Die","floor":25.0},{"not_picked":["Steam","Darkness"],"picked":"Coolheaded","floor":27.0},{"not_picked":["Conserve Battery","Sweeping Beam+1","Ball Lightning+1"],"picked":"SKIP","floor":29.0},{"not_picked":["Streamline+1","CutThroughFate","Static Discharge"],"picked":"SKIP","floor":31.0},{"not_picked":["Phantasmal Killer","Night Terror"],"picked":"Multi-Cast","floor":33.0},{"not_picked":["Barrage","Beam Cell","Leap+1"],"picked":"SKIP","floor":35.0}],"player_experience":48559,"relics_obtained":[{"floor":8.0,"key":"Ring of Shattering"},{"floor":8.0,"key":"ReplayTheSpireMod:Ring of Addiction"},{"floor":8.0,"key":"Chameleon Ring"},{"floor":8.0,"key":"White Beast Statue"},{"floor":9.0,"key":"Replay:Wax Seal"},{"floor":10.0,"key":"trackpad:BottledShadow"},{"floor":20.0,"key":"Nilry\u0027s Codex"},{"floor":23.0,"key":"trackpad:ToughGloves"},{"floor":26.0,"key":"Gremlin Horn"}],"event_choices":[{"damage_healed":0.0,"max_hp_gain":0.0,"max_hp_loss":0.0,"gold_gain":0.0,"event_name":"Golden Wing","player_choice":"Ignored","floor":6.0,"gold_loss":0.0,"damage_taken":0.0},{"damage_healed":0.0,"max_hp_gain":0.0,"max_hp_loss":0.0,"gold_gain":0.0,"event_name":"Ghosts","player_choice":"Ignored","floor":19.0,"gold_loss":0.0,"damage_taken":0.0},{"damage_healed":0.0,"max_hp_gain":0.0,"max_hp_loss":0.0,"gold_gain":0.0,"event_name":"Cursed Tome","player_choice":"Obtained Book","floor":20.0,"gold_loss":0.0,"damage_taken":16.0},{"damage_healed":0.0,"max_hp_gain":0.0,"max_hp_loss":0.0,"gold_gain":0.0,"event_name":"Forgotten Altar","player_choice":"Smashed Altar","floor":22.0,"gold_loss":0.0,"damage_taken":0.0,"cards_obtained":["Decay"]},{"damage_healed":0.0,"max_hp_gain":0.0,"max_hp_loss":0.0,"gold_gain":0.0,"event_name":"Wheel of Change","player_choice":"Cursed","floor":28.0,"gold_loss":0.0,"damage_taken":0.0,"cards_obtained":["Decay"]}],"is_beta":false,"boss_relics":[{"not_picked":["Inserter","Kintsugi"],"picked":"Philosopher\u0027s Stone"},{"not_picked":["Replay:Wanted Poster","Painkiller Herb"],"picked":"SlaversCollar"}],"items_purged_floors":[21],"is_endless":false,"potions_floor_spawned":[10,12,13,14,16,18,23,25,27,29,31,33,35],"killed_by":"3 Darklings","ascension_level":0}}