{"host":"aaqofma31c3gm2hj","time":1612401656,"event":{"mods":["BaseMod","GungeonMod","Minty Spire (QoL Compilation)","Replay The Spire","Spicy Shops","StSLib"],"gold_per_floor":[115,115,128,144,162,162,189,189,201,225,225,225,245,260,275,275,275,350,350,350,350],"floor_reached":20,"language":"ZHS","playtime":594,"items_purged":[],"score":448,"play_id":"c0e1f8dc-eca6-4177-8289-ac6263f7ff04","local_time":"20210204092056","is_ascension_mode":true,"campfire_choices":[{"data":"Pommel Strike","floor":6,"key":"SMITH"},{"floor":8,"key":"RECALL"},{"data":"Feel No Pain","floor":11,"key":"SMITH"},{"data":"Barricade","floor":16,"key":"SMITH"},{"data":"Second Wind","floor":17,"key":"SMITH"}],"circlet_count":0,"master_deck":["AscendersBane","Bash","Inflame","Flame Barrier","Infernal Blade","Feel No Pain+1","Reckless Charge","Abandon","Barricade+1","Bloodletting+1","Pommel Strike+1","Shrug It Off","Shockwave","Second Wind+1","Juggernaut"],"relics":["Pandora\u0027s Box","Bronze Scales","DemoMod:MonsterBlood","Odd Mushroom","DemoMod:GlassGuonStoneRelic","Runic Cube"],"acts_visited":["Exordium","TheCity"],"potions_floor_usage":[7,9],"damage_taken":[{"damage":6.0,"enemies":"Small Slimes","floor":1.0,"turns":3.0},{"damage":0,"enemies":"2 Louse","floor":3,"turns":3},{"damage":13,"enemies":"Jaw Worm","floor":4,"turns":4},{"damage":16,"enemies":"Blue Slaver","floor":5,"turns":5},{"damage":12,"enemies":"3 Sentries","floor":7,"turns":6},{"damage":1,"enemies":"3 Louse","floor":9,"turns":2},{"damage":7,"enemies":"The Mushroom Lair","floor":13,"turns":4},{"damage":4,"enemies":"Exordium Thugs","floor":14,"turns":3},{"damage":5,"enemies":"2 Fungi Beasts","floor":15,"turns":3},{"damage":8,"enemies":"The Guardian","floor":18,"turns":13},{"damage":0,"enemies":"2 Thieves","floor":20,"turns":1}],"seed_played":"-1251895410659323765","potions_obtained":[{"floor":1.0,"key":"Block Potion"},{"floor":4,"key":"SteroidPotion"},{"floor":7,"key":"Explosive Potion"},{"floor":14,"key":"Strength Potion"},{"floor":15,"key":"Energy Potion"}],"is_trial":false,"path_per_floor":["M","?","M","M","M","R","E","R","M","T","R","?","?","M","M","R","R","B",null,"M"],"character_chosen":"IRONCLAD","items_purchased":[],"campfire_rested":0,"item_purchase_floors":[],"current_hp_per_floor":[62,62,62,49,33,33,21,21,20,27,27,27,20,16,11,11,11,3,62,62,62],"gold":350,"neow_bonus":"BOSS_RELIC","is_daily":false,"chose_seed":false,"campfire_upgraded":4,"win_rate":0.0,"timestamp":1612401656,"path_taken":["M","?","M","M","M","R","E","R","M","T","R","?","?","M","M","R","R","BOSS","M"],"items_purchased_type":[],"build_version":"2020-12-22","purchased_purges":0,"victory":false,"max_hp_per_floor":[75,75,75,75,75,75,75,75,75,82,82,82,82,82,82,82,82,82,82,82,82],"card_choices":[{"not_picked":["Pummel","Entrench","ReplayTheSpireMod:Strike From Hell"],"picked":"SKIP","floor":1.0},{"not_picked":["Life Link","Clash"],"picked":"Pommel Strike","floor":3},{"not_picked":["Clothesline","Cleave","Havoc"],"picked":"SKIP","floor":4},{"not_picked":["Wild Strike","ReplayTheSpireMod:Corrosion Curse"],"picked":"Shrug It Off","floor":5},{"not_picked":["Defy Death","Sword Boomerang","Combust"],"picked":"SKIP","floor":7},{"not_picked":["Replay:Undeath\u0027s Touch","Cleave","Pommel Strike"],"picked":"SKIP","floor":9},{"not_picked":["Barricade","Shrug It Off"],"picked":"Shockwave","floor":13},{"not_picked":["Thunderclap","Pommel Strike","Blood for Blood"],"picked":"SKIP","floor":14},{"not_picked":["Iron Wave","Disarm"],"picked":"Second Wind","floor":15},{"not_picked":["Demonic Infusion","Barricade"],"picked":"Juggernaut","floor":18}],"player_experience":642642,"relics_obtained":[{"floor":7,"key":"Bronze Scales"},{"floor":10,"key":"DemoMod:MonsterBlood"},{"floor":13,"key":"Odd Mushroom"}],"event_choices":[{"damage_healed":0,"gold_gain":0,"player_choice":"Grow","damage_taken":0,"max_hp_gain":0,"max_hp_loss":0,"event_name":"Living Wall","floor":2,"gold_loss":0,"cards_upgraded":["Bloodletting"]},{"damage_healed":0,"gold_gain":0,"player_choice":"Fought Mushrooms","damage_taken":0,"max_hp_gain":0,"max_hp_loss":0,"event_name":"Mushrooms","floor":13,"gold_loss":0}],"is_beta":false,"boss_relics":[{"not_picked":["Fusion Hammer","Coffee Dripper"],"picked":"Runic Cube"}],"items_purged_floors":[],"is_endless":false,"potions_floor_spawned":[1,4,7,14,15],"killed_by":"2 Thieves","ascension_level":20}}