{"host":"u0hb5we0hmj7y3yv","time":1612451499,"event":{"mods":["BaseMod","Colored Powertips","KinomotoSakuraMod(Ä¾Ö®±¾Ó£)","Marisa£¨ìFÓê¡¡Ä§ÀíÉ³£©","Minty Spire (QoL Compilation)"],"gold_per_floor":[113,1,1,19,19,19,50,62,62,92,103,118,118,147,147,244,244,259,259,36,50,82,109,109,109,109,127,154,154],"floor_reached":28,"language":"ZHS","playtime":1557,"items_purged":["ClowCardTheSword"],"score":361,"play_id":"b6d9615a-71ee-4d1a-81f1-1d7f1cdba94b","local_time":"20210204231139","is_ascension_mode":true,"campfire_choices":[{"data":"ClowCardTheFlower","floor":6.0,"key":"SMITH"},{"data":"ClowCardTheWave","floor":15,"key":"SMITH"},{"data":"ClowCardTheBig","floor":24,"key":"SMITH"}],"circlet_count":0,"master_deck":["SakuraCardTheDark+","SakuraCardTheWatery+","ClowCardTheSword","ClowCardTheSword+1","ClowCardTheShield+1","ClowCardTheShield","ClowCardTheShield+1","SpellCardSeal","SpellCardRelease","ClowCardTheFreeze+1","ClowCardTheFlower+1","ClowCardTheEarthy","ClowCardTheWave+1","ClowCardTheWave","ClowCardTheLoop","ClowCardTheBubbles+1","ClowCardTheMist","ClowCardTheReturn","ClowCardTheLittle","ClowCardTheSnow","ClowCardTheSleep+1","ClowCardTheWindy+1","ClowCardTheBig+1","ClowCardTheBig"],"relics":["KSMOD_SealedBook","KSMOD_SealedWand","NeowsBlessing","Meat on the Bone","War Paint","KSMOD_TaoistSuit","Ancient Tea Set","Mummified Hand","Coffee Dripper","Red Mask","Vajra","Art of War"],"acts_visited":["Exordium","TheCity"],"potions_floor_usage":[10,22],"damage_taken":[{"damage":0.0,"enemies":"Small Slimes","floor":1.0,"turns":3.0},{"damage":0.0,"enemies":"2 Louse","floor":4.0,"turns":4.0},{"damage":0.0,"enemies":"3 Sentries","floor":7.0,"turns":2.0},{"damage":0,"enemies":"Jaw Worm","floor":8,"turns":2},{"damage":18,"enemies":"Gremlin Nob","floor":10,"turns":4},{"damage":0,"enemies":"Blue Slaver","floor":11,"turns":5},{"damage":0,"enemies":"Large Slime","floor":12,"turns":7},{"damage":18,"enemies":"3 Sentries","floor":14,"turns":9},{"damage":22,"enemies":"The Guardian","floor":16,"turns":11},{"damage":0,"enemies":"Chosen","floor":18,"turns":4},{"damage":1,"enemies":"3 Byrds","floor":21,"turns":3},{"damage":0,"enemies":"Masked Bandits","floor":22,"turns":4},{"damage":51,"enemies":"Slavers","floor":23,"turns":9},{"damage":9,"enemies":"3 Cultists","floor":27,"turns":4},{"damage":24,"enemies":"Book of Stabbing","floor":28,"turns":5}],"seed_played":"7557082376379241747","potions_obtained":[{"floor":4.0,"key":"SneckoOil"},{"floor":7,"key":"Dexterity Potion"},{"floor":11,"key":"LiquidMemories"},{"floor":14,"key":"SneckoOil"},{"floor":21,"key":"Energy Potion"},{"floor":23,"key":"DistilledChaos"}],"is_trial":false,"path_per_floor":["M","$","?","M","?","R","E","M","T","E","M","M","?","E","R","B",null,"M","?","$","M","?","E","R","?","T","M","E"],"character_chosen":"KINOMOTOSAKURA","items_purchased":["ClowCardTheFreeze","ClowCardTheFlower","ClowCardTheLittle","ClowCardTheSnow"],"campfire_rested":0,"item_purchase_floors":[2,2,20,20],"current_hp_per_floor":[70,70,56,56,49,49,49,49,49,43,43,43,43,37,37,27,70,70,70,70,70,70,42,42,42,42,45,33,33],"gold":154,"neow_bonus":"THREE_ENEMY_KILL","is_daily":false,"chose_seed":false,"campfire_upgraded":3,"win_rate":0.0,"timestamp":1612451499,"path_taken":["M","$","?","M","?","R","E","M","T","E","M","M","?","E","R","BOSS","M","?","$","M","?","E","R","?","T","?","E"],"items_purchased_type":["Card","Card","Card","Card"],"build_version":"2020-12-22","purchased_purges":1,"victory":false,"max_hp_per_floor":[70,70,70,70,70,70,70,70,70,70,70,70,70,70,70,70,70,70,70,70,70,70,70,70,70,70,70,70,70],"card_choices":[{"not_picked":["ClowCardTheCloud","ClowCardTheLock","ClowCardTheShadow"],"picked":"SKIP","floor":1.0},{"not_picked":["ClowCardThePower","ClowCardTheVoice","ClowCardTheMaze"],"picked":"SKIP","floor":4.0},{"not_picked":["ClowCardTheArrow","ClowCardTheSong"],"picked":"ClowCardTheWatery","floor":7},{"not_picked":["ClowCardTheSilent","ClowCardTheWood"],"picked":"ClowCardTheFloat","floor":8},{"not_picked":["ClowCardThePower","ClowCardTheFreeze"],"picked":"ClowCardTheEarthy","floor":10},{"not_picked":["ClowCardTheErase","ClowCardTheMist"],"picked":"ClowCardTheWave","floor":11},{"not_picked":["ClowCardTheWatery","ClowCardTheErase"],"picked":"ClowCardTheWave","floor":12},{"not_picked":["ClowCardTheJump","ClowCardTheMist"],"picked":"ClowCardTheLoop","floor":14},{"not_picked":["ClowCardTheReturn","ClowCardTheThunder"],"picked":"ClowCardTheDark","floor":16},{"not_picked":["ClowCardTheWatery","ClowCardTheWindy"],"picked":"ClowCardTheBubbles+1","floor":18},{"not_picked":["ClowCardTheMist+1","ClowCardTheSilent"],"picked":"ClowCardTheSleep+1","floor":21},{"not_picked":["ClowCardTheArrow","ClowCardThePower"],"picked":"ClowCardTheWindy+1","floor":22},{"not_picked":["ClowCardTheWood","ClowCardTheSong+1"],"picked":"ClowCardTheBig","floor":23},{"not_picked":["ClowCardTheWindy","ClowCardTheShot+1"],"picked":"ClowCardTheBig","floor":27}],"player_experience":76308,"relics_obtained":[{"floor":7,"key":"War Paint"},{"floor":9,"key":"KSMOD_TaoistSuit"},{"floor":10,"key":"Ancient Tea Set"},{"floor":14,"key":"Mummified Hand"},{"floor":22,"key":"Red Mask"},{"floor":23,"key":"Vajra"},{"floor":28,"key":"Art of War"}],"event_choices":[{"damage_healed":0.0,"max_hp_gain":0.0,"max_hp_loss":0.0,"gold_gain":0.0,"event_name":"Shining Light","player_choice":"Entered Light","floor":3.0,"gold_loss":0.0,"damage_taken":14.0,"cards_upgraded":["ClowCardTheFreeze","ClowCardTheSword"]},{"damage_healed":0.0,"max_hp_gain":0.0,"max_hp_loss":0.0,"gold_gain":0.0,"event_name":"Scrap Ooze","player_choice":"Success","floor":5.0,"gold_loss":0.0,"damage_taken":7.0,"relics_obtained":["Meat on the Bone"]},{"damage_healed":0,"gold_gain":0,"player_choice":"Ignored","damage_taken":0,"max_hp_gain":0,"max_hp_loss":0,"event_name":"Liars Game","floor":13,"gold_loss":0},{"damage_healed":0,"gold_gain":0,"cards_transformed":["ClowCardTheSword","ClowCardTheShield"],"player_choice":"Became Test Subject","damage_taken":0,"max_hp_gain":0,"max_hp_loss":0,"event_name":"Drug Dealer","floor":19,"gold_loss":0,"cards_obtained":["ClowCardTheMist","ClowCardTheReturn"]},{"damage_healed":0,"gold_gain":0,"player_choice":"Fought Bandits","damage_taken":0,"max_hp_gain":0,"max_hp_loss":0,"event_name":"Masked Bandits","floor":22,"gold_loss":0},{"cards_removed":["ClowCardTheFloat"],"damage_healed":0,"gold_gain":0,"player_choice":"Card Removal","damage_taken":0,"max_hp_gain":0,"max_hp_loss":0,"event_name":"Wheel of Change","floor":25,"gold_loss":0}],"is_beta":false,"boss_relics":[{"not_picked":["Runic Pyramid","Ectoplasm"],"picked":"Coffee Dripper"}],"items_purged_floors":[20],"is_endless":false,"potions_floor_spawned":[4,7,11,14,21,23,28],"killed_by":"Book of Stabbing","ascension_level":4}}