{"host":"9oshzrjkbi608dco","time":1612440769,"event":{"mods":["AchievementEnabler","BaseMod","Colored Powertips","Minty Spire (QoL Compilation)"],"gold_per_floor":[117,32,45,23,36,71,71,96,96,114,101,119,119,119,119,219,219,235,235,255,283,301,335,335,5,52,52,70,99,112,9,9,110,110,129,129,142,142,57,57,74,99,99,99,11,80,80,94,94,94,94,94,19,44,44],"floor_reached":56,"language":"ENG","playtime":4521,"items_purged":["Dash","Madness"],"score":1250,"play_id":"8af840d2-1e32-46c2-9e43-30e1a29f7ede","local_time":"20210204231249","is_ascension_mode":false,"campfire_choices":[{"data":"Accuracy","floor":7,"key":"SMITH"},{"data":"After Image","floor":15,"key":"SMITH"},{"data":"Accuracy","floor":24,"key":"SMITH"},{"floor":27,"key":"RECALL"},{"data":"Infinite Blades","floor":32,"key":"SMITH"},{"data":"Apotheosis","floor":40,"key":"SMITH"},{"data":"Blade Dance","floor":47,"key":"SMITH"},{"data":"Madness","floor":49,"key":"SMITH"},{"data":"Chrysalis","floor":52,"key":"SMITH"}],"circlet_count":0,"master_deck":["Strike_G","Strike_G","Strike_G","Strike_G","Defend_G","Defend_G","Defend_G+1","Defend_G","Defend_G+1","Survivor","Neutralize","Enlightenment","Backflip","Flying Knee","Blade Dance+1","Accuracy+1","After Image+1","Prepared","Quick Slash","Blade Dance","Accuracy+1","Infinite Blades+1","Distraction+1","Chrysalis+1","CurseOfTheBell","Envenom","Apotheosis+1","Madness+1","Panache","Outmaneuver+1"],"relics":["Ring of the Snake","NeowsBlessing","Ginger","Meat on the Bone","Pantograph","Gremlin Horn","Dead Branch","SlaversCollar","Red Mask","Tiny Chest","Membership Card","Oddly Smooth Stone","Orichalcum","Calling Bell","Matryoshka","Snake Skull","Torii","Anchor","Eternal Feather","Bronze Scales","War Paint","Boot","Paper Crane","Bag of Preparation"],"acts_visited":["Exordium","TheCity","TheBeyond","TheEnding"],"potions_floor_usage":[6,16,16,21,22,28,28,29,30,33,50,54,55],"damage_taken":[{"damage":0,"enemies":"Cultist","floor":1,"turns":1},{"damage":0,"enemies":"2 Louse","floor":3,"turns":1},{"damage":0,"enemies":"Jaw Worm","floor":5,"turns":1},{"damage":16,"enemies":"Gremlin Nob","floor":6,"turns":5},{"damage":9,"enemies":"3 Sentries","floor":8,"turns":8},{"damage":0,"enemies":"2 Fungi Beasts","floor":10,"turns":2},{"damage":12,"enemies":"Exordium Thugs","floor":11,"turns":4},{"damage":0,"enemies":"Blue Slaver","floor":12,"turns":3},{"damage":21,"enemies":"The Guardian","floor":16,"turns":6},{"damage":1,"enemies":"Spheric Guardian","floor":18,"turns":3},{"damage":6,"enemies":"Shell Parasite","floor":20,"turns":5},{"damage":0,"enemies":"Masked Bandits","floor":21,"turns":3},{"damage":8,"enemies":"Shelled Parasite and Fungi","floor":22,"turns":3},{"damage":0,"enemies":"Slavers","floor":23,"turns":4},{"damage":0,"enemies":"Snake Plant","floor":28,"turns":4},{"damage":23,"enemies":"Book of Stabbing","floor":29,"turns":6},{"damage":1,"enemies":"Snecko","floor":30,"turns":5},{"damage":0,"enemies":"Collector","floor":33,"turns":4},{"damage":10,"enemies":"3 Darklings","floor":35,"turns":6},{"damage":0,"enemies":"Orb Walker","floor":37,"turns":3},{"damage":0,"enemies":"Spire Growth","floor":41,"turns":3},{"damage":1,"enemies":"Reptomancer","floor":42,"turns":4},{"damage":0,"enemies":"4 Shapes","floor":48,"turns":5},{"damage":1,"enemies":"Donu and Deca","floor":50,"turns":5},{"damage":3,"enemies":"Shield and Spear","floor":54,"turns":4},{"damage":42,"enemies":"The Heart","floor":55,"turns":7}],"seed_played":"-2893129222688948778","potions_obtained":[{"floor":1,"key":"PowerPotion"},{"floor":11,"key":"PowerPotion"},{"floor":12,"key":"CultistPotion"},{"floor":20,"key":"Energy Potion"},{"floor":21,"key":"AttackPotion"},{"floor":23,"key":"DistilledChaos"},{"floor":29,"key":"ColorlessPotion"},{"floor":35,"key":"Block Potion"},{"floor":41,"key":"SteroidPotion"},{"floor":42,"key":"Swift Potion"}],"is_trial":false,"path_per_floor":["M","$","M","$","M","E","R","E","T","M","M","M","T","?","R","B",null,"M","?","M","?","M","E","R","$","T","R","M","E","M","$","R","B",null,"M","?","M","T","$","R","M","E","T","?","$","T","R","M","R","B",null,"R","$","E","B",null],"character_chosen":"THE_SILENT","items_purchased":["Enlightenment","Flying Knee","Membership Card","Chrysalis","BlessingOfTheForge","PowerPotion","Orichalcum","Energy Potion","Apotheosis","Panache","SkillPotion"],"campfire_rested":0,"item_purchase_floors":[2,4,25,25,25,25,31,31,39,45,53],"current_hp_per_floor":[70,70,70,70,70,54,54,45,45,45,45,45,45,45,45,49,70,69,69,63,63,55,55,55,55,55,55,55,44,43,43,43,68,70,60,60,60,60,60,70,70,69,69,60,60,60,70,70,70,69,70,70,70,67,40],"gold":44,"neow_bonus":"THREE_ENEMY_KILL","is_daily":false,"chose_seed":false,"campfire_upgraded":8,"win_rate":0.0,"timestamp":1612440769,"path_taken":["M","$","M","?","M","E","R","E","T","M","M","M","?","?","R","BOSS","M","?","M","?","M","E","R","$","T","R","M","E","?","$","R","BOSS","M","?","?","?","?","R","M","E","T","?","$","?","R","M","R","BOSS","R","$","E","BOSS"],"items_purchased_type":["Card","Card","Relic","Card","Potion","Potion","Relic","Potion","Card","Card","Potion"],"build_version":"2020-12-22","purchased_purges":2,"victory":true,"max_hp_per_floor":[70,70,70,70,70,70,70,70,70,70,70,70,70,70,70,70,70,70,70,70,70,70,70,70,70,70,70,70,70,70,70,70,70,70,70,70,70,70,70,70,70,70,70,70,70,70,70,70,70,70,70,70,70,70,70],"card_choices":[{"not_picked":["Blade Dance","Cloak And Dagger"],"picked":"Dash","floor":1},{"not_picked":["Acrobatics","Slice"],"picked":"Backflip","floor":3},{"not_picked":["Catalyst","Sucker Punch"],"picked":"Blade Dance","floor":5},{"not_picked":["Bane","Flying Knee"],"picked":"Accuracy","floor":6},{"not_picked":["Distraction","Noxious Fumes"],"picked":"After Image","floor":8},{"not_picked":["Footwork","Underhanded Strike"],"picked":"Prepared","floor":10},{"not_picked":["Deadly Poison","Crippling Poison"],"picked":"Quick Slash","floor":11},{"not_picked":["Deflect","Acrobatics"],"picked":"Blade Dance","floor":12},{"not_picked":["Skewer","Prepared"],"picked":"Accuracy","floor":18},{"not_picked":["Eviscerate","Terror"],"picked":"Infinite Blades","floor":20},{"not_picked":["Dodge and Roll","Prepared"],"picked":"Distraction+1","floor":22},{"not_picked":["Predator+1","Dodge and Roll","Noxious Fumes"],"picked":"SKIP","floor":23},{"not_picked":["Dagger Spray","Predator","Poisoned Stab+1"],"picked":"SKIP","floor":28},{"not_picked":["Backstab","Predator+1","Sucker Punch"],"picked":"SKIP","floor":29},{"not_picked":["Dash","Catalyst","Deadly Poison"],"picked":"SKIP","floor":30},{"not_picked":["Dagger Spray","Flechettes","All Out Attack+1"],"picked":"SKIP","floor":35},{"not_picked":["Riddle With Holes+1","Well Laid Plans","Bane"],"picked":"SKIP","floor":37},{"not_picked":["Masterful Stab","Cloak And Dagger+1","Acrobatics"],"picked":"SKIP","floor":41},{"not_picked":["Cloak And Dagger+1","Deadly Poison","Deflect+1"],"picked":"SKIP","floor":42},{"not_picked":["Finisher+1","Acrobatics+1"],"picked":"Outmaneuver+1","floor":48},{"not_picked":["Quick Slash","Bane+1","Tools of the Trade"],"picked":"SKIP","floor":54}],"player_experience":108833,"relics_obtained":[{"floor":6,"key":"Ginger"},{"floor":8,"key":"Meat on the Bone"},{"floor":9,"key":"Pantograph"},{"floor":13,"key":"Gremlin Horn"},{"floor":21,"key":"Red Mask"},{"floor":23,"key":"Tiny Chest"},{"floor":29,"key":"Oddly Smooth Stone"},{"floor":34,"key":"Matryoshka"},{"floor":34,"key":"Snake Skull"},{"floor":34,"key":"Torii"},{"floor":38,"key":"Anchor"},{"floor":38,"key":"Eternal Feather"},{"floor":42,"key":"Bronze Scales"},{"floor":43,"key":"War Paint"},{"floor":43,"key":"Boot"},{"floor":46,"key":"Paper Crane"},{"floor":54,"key":"Bag of Preparation"}],"event_choices":[{"damage_healed":0,"gold_gain":0,"player_choice":"Box","damage_taken":0,"relics_obtained":["Dead Branch"],"max_hp_gain":0,"max_hp_loss":0,"event_name":"Big Fish","floor":14,"gold_loss":0,"cards_obtained":["Regret"]},{"cards_removed":["Regret"],"damage_healed":0,"gold_gain":0,"player_choice":"Elegance","damage_taken":0,"max_hp_gain":0,"max_hp_loss":0,"event_name":"Back to Basics","floor":19,"gold_loss":0},{"damage_healed":0,"gold_gain":0,"player_choice":"Fought Bandits","damage_taken":0,"max_hp_gain":0,"max_hp_loss":0,"event_name":"Masked Bandits","floor":21,"gold_loss":0},{"damage_healed":0,"gold_gain":0,"cards_transformed":["Strike_G"],"player_choice":"Transformed","damage_taken":0,"max_hp_gain":0,"max_hp_loss":0,"event_name":"Transmorgrifier","floor":36,"gold_loss":0,"cards_obtained":["Envenom"]},{"damage_healed":0,"gold_gain":0,"player_choice":"Embrace Madness","damage_taken":9,"max_hp_gain":0,"max_hp_loss":0,"event_name":"Winding Halls","floor":44,"gold_loss":0,"cards_obtained":["Madness","Madness"]}],"is_beta":false,"boss_relics":[{"not_picked":["Velvet Choker","Ectoplasm"],"picked":"SlaversCollar"},{"not_picked":["Tiny House","WristBlade"],"picked":"Calling Bell"}],"items_purged_floors":[25,53],"is_endless":false,"potions_floor_spawned":[1,11,12,20,21,23,29,35,41,42],"ascension_level":0}}