{"host":"sz4vhr3g5wh6zlgr","time":1612477891,"event":{"mods":["2.2 Compatiblity","AchievementEnabler","AlwaysNeverKeys","Ascension Reborn","Bartender","BaseMod","Better Note","BetterRewards","Clawfect","Colored Map","Colored Powertips","Dota2Spire","Faster Ascension Climbing","Highlight Path","Minty Spire (QoL Compilation)","Permanent Neow","Rare Cards Sparkle","Replay The Spire","Shop Mod","StSLib","SuperFastMode","Transform Curses","Uncapped","Unceasing Turn Reminder","[IsaacMod]????"],"gold_per_floor":[173,173,197,27,27,67,83,123,189,223,235,276,300,322,322,443,443,457,457,457,479,514,544,544,582,672,684,722,722,735,771,771,885,885,903,1023,1083,1083,1349,1349,1349,1387,1387,1403,1468,1509,1121,1145,1161,500,500,500,500,500,6,43,43],"floor_reached":58,"language":"ENG","playtime":3114,"items_purged":["Replay:Hysterical Blindness","Hallucinations","Shame"],"score":2198,"play_id":"ab060502-a3c6-4f64-901e-280055d2cc11","local_time":"20210204190131","is_ascension_mode":true,"campfire_choices":[{"data":"Defragment","floor":29,"key":"SMITH"},{"data":"Defragment","floor":32,"key":"SMITH"},{"data":"Defragment","floor":43,"key":"SMITH"},{"data":"Capacitor","floor":54,"key":"SMITH"},{"data":"FTL","floor":54,"key":"SMITH"}],"circlet_count":0,"master_deck":["Gash+1","Gash+1","Gash+1","Gash+1","Gash+1","Defend_B+1","Defend_B+1","Defend_B+1","Defend_B+1","Defend_B+1","FTL+1","Defragment+1","Clawfect:Clawrage","Redo+1","Conserve Battery+1","Clawfect:Clawline","Reboot+1","FIFO Queue","Gash","Defragment+1","Clawfect:ClawLightning","Stack+1","Clawfect:ClawCell","Redo+1","Clawfect:Clawter+1","Steam+1","Fan+1","Rainbow+1","Clawfect:Clawrage","EpicFetus+1","Clawfect:ClawLightning","Clawfect:ClawCell+1","Clawfect:Clawrage","Necronomicurse","Clawfect:ClawSnap+1","Coolheaded+1","Defragment+1","Hologram+1","Capacitor+1","Clawfect:ClawForOne+1","Redo+1","Leap+1","Coolheaded+1","Defragment+1","Clawfect:ClawAndTear+1","Chill+1","ReplayTheSpireMod:Calculation Training+1","Chill+1","Storm+1","Clawfect:ClawLightning+1","Clawfect:ClawSnap+1","Redo+1","Clawfect:Clawline+1","ReplayTheSpireMod:Private Reserves+1","Redo+1","Trip+1","Defragment+1"],"relics":["HushsDoor","PunchingBag","Tiny House","PreservedInsect","TuHaoJin","Golden Egg","Dota2Spire:PhaseBoots","Dota2Spire:AssaultCuirass","Toxic Egg 2","Pen Nib","Vajra","Leech","Thread and Needle","Turnip","Cursed Key","Pet Ghost","Red Mask","Lizard Tail","Necronomicon","SatanicBible","BookofShadows","Replay:Bottled Steam","Iron Hammer","Dota2Spire:LotusOrb","TungstenRod","Replay:Ancient Bell","GuppysPaw","DataDisk","StoneCalendar","Ring of Misfortune","Ring of Hypnosis","TheBean","Dota2Spire:ShivaGuard","Art of War","Dota2Spire:OrchidMalevolence","Pantograph","Replay:Arrowhead","Bag of Preparation","Frozen Eye","Membership Card","Anchor","D6","Dota2Spire:ArcaneBoots","Oddly Smooth Stone","Cleaning_Rag"],"acts_visited":["Exordium","TheCity","TheBeyond","TheEnding"],"potions_floor_usage":[7,16,44,49,57,57],"damage_taken":[{"damage":0,"enemies":"Small Slimes","floor":1,"turns":3},{"damage":0,"enemies":"Jaw Worm","floor":3,"turns":3},{"damage":0,"enemies":"Lagavulin","floor":6,"turns":5},{"damage":0,"enemies":"Cultist","floor":7,"turns":3},{"damage":0,"enemies":"3 Sentries","floor":8,"turns":3},{"damage":0,"enemies":"Gremlin Nob","floor":10,"turns":3},{"damage":0,"enemies":"Exordium Wildlife","floor":11,"turns":3},{"damage":6,"enemies":"Replay:BlueRogue","floor":12,"turns":3},{"damage":1,"enemies":"Blue Slaver","floor":13,"turns":2},{"damage":0,"enemies":"Looter","floor":14,"turns":3},{"damage":0,"enemies":"Hexaghost","floor":16,"turns":2},{"damage":0,"enemies":"Spheric Guardian","floor":18,"turns":2},{"damage":0,"enemies":"Chosen","floor":21,"turns":3},{"damage":1,"enemies":"Masked Bandits","floor":22,"turns":3},{"damage":0,"enemies":"Slavers","floor":23,"turns":2},{"damage":0,"enemies":"Book of Stabbing","floor":25,"turns":3},{"damage":0,"enemies":"Centurion and Healer","floor":27,"turns":2},{"damage":0,"enemies":"Slavers","floor":28,"turns":2},{"damage":0,"enemies":"3 Cultists","floor":30,"turns":1},{"damage":0,"enemies":"Gremlin Leader","floor":31,"turns":2},{"damage":6,"enemies":"Pondfish","floor":33,"turns":4},{"damage":0,"enemies":"3 Shapes","floor":35,"turns":2},{"damage":0,"enemies":"Mind Bloom Boss Battle","floor":37,"turns":2},{"damage":0,"enemies":"R_Hoarder","floor":42,"turns":3},{"damage":0,"enemies":"3 Darklings","floor":44,"turns":3},{"damage":0,"enemies":"Reptomancer","floor":46,"turns":3},{"damage":0,"enemies":"Maw","floor":48,"turns":4},{"damage":0,"enemies":"4 Shapes","floor":49,"turns":2},{"damage":0,"enemies":"Time Eater","floor":52,"turns":4},{"damage":0,"enemies":"Shield and Spear","floor":56,"turns":2},{"damage":0,"enemies":"The Heart","floor":57,"turns":4}],"seed_played":"2405300234323350733","potions_obtained":[{"floor":0,"key":"DuplicationPotion"},{"floor":1,"key":"Dota2Spire:HealingSalve"},{"floor":3,"key":"SkillPotion"},{"floor":6,"key":"Energy Potion"},{"floor":7,"key":"Fruit Juice"},{"floor":7,"key":"AttackPotion"},{"floor":16,"key":"DuplicationPotion"},{"floor":35,"key":"SteroidPotion"},{"floor":37,"key":"DistilledChaos"},{"floor":37,"key":"Dexterity Potion"},{"floor":42,"key":"EssenceOfDarkness"},{"floor":44,"key":"PotionOfCapacity"},{"floor":44,"key":"PowerPotion"},{"floor":46,"key":"Fire Potion"},{"floor":48,"key":"SkillPotion"},{"floor":48,"key":"SkillPotion"},{"floor":49,"key":"Dexterity Potion"},{"floor":56,"key":"Dota2Spire:HealingSalve"}],"is_trial":false,"path_per_floor":["M","?","M","$","T","E","M","E","T","E","M","E","M","M","R_BF","B",null,"M","?","?","M","?","E","?","E","T","M","E","R","M","E","R","B",null,"M","?","?","?","?","PTL","PTL","E","R","M","T","E","$","M","M","$","R_BF","B",null,"R","$","E","B",null],"character_chosen":"DEFECT","items_purchased":["Redo+1","PreservedInsect","Conserve Battery","GuppysPaw","ReplayTheSpireMod:Calculation Training+1","Chill+1","Pantograph","Storm","Replay:Arrowhead","Bag of Preparation","Frozen Eye","Redo+1","Clawfect:Clawline","ReplayTheSpireMod:Private Reserves+1","Membership Card","Redo+1","Trip+1","Anchor","D6","Dota2Spire:ArcaneBoots","Oddly Smooth Stone"],"campfire_rested":0,"item_purchase_floors":[4,4,4,34,47,47,47,47,50,50,50,50,50,50,55,55,55,55,55,55,55],"current_hp_per_floor":[84,84,84,84,84,84,89,89,89,89,89,83,83,85,67,74,93,93,93,93,93,93,93,77,79,79,80,82,82,83,84,84,87,87,87,87,87,87,87,87,87,87,87,87,87,87,87,87,87,87,83,87,87,87,87,87,91],"gold":43,"neow_bonus":"BOSS_RELIC","is_daily":false,"chose_seed":false,"campfire_upgraded":5,"win_rate":0.0,"timestamp":1612477891,"path_taken":["M","?","M","?","?","E","M","E","T","E","?","E","M","M","R_BF","BOSS","M","?","?","?","?","E","?","E","T","M","E","R","M","E","R","BOSS","M","?","?","?","?","PTL","PTL","E","R","M","T","E","$","M","M","$","R_BF","BOSS","R","$","E","BOSS"],"items_purchased_type":["Card","Relic","Card","Relic","Card","Card","Relic","Card","Relic","Relic","Relic","Card","Card","Card","Relic","Card","Card","Relic","Relic","Relic","Relic"],"build_version":"2020-12-22","purchased_purges":3,"victory":true,"max_hp_per_floor":[84,84,84,84,84,84,89,89,89,89,89,89,89,89,89,93,93,93,93,93,93,93,93,93,93,93,93,93,93,93,93,93,97,87,87,87,87,87,87,87,87,87,87,87,87,87,87,87,87,87,83,87,87,87,87,87,91],"card_choices":[{"not_picked":[],"picked":"Bomb","floor":0},{"not_picked":["Clawfect:Clawrage","BasicCrystalCard"],"picked":"FTL","floor":0},{"not_picked":[],"picked":"Bomb","floor":0},{"not_picked":["Coolheaded","Clawfect:ClawCell"],"picked":"Defragment","floor":1},{"not_picked":["Gash+1","Bomb"],"picked":"Clawfect:Clawrage","floor":3},{"not_picked":["Undo+1","Reinforced Body+1"],"picked":"Clawfect:Clawline","floor":6},{"not_picked":["Rainbow","Clawfect:ClawpileDriver"],"picked":"Reboot","floor":6},{"not_picked":["Turbo","Blizzard"],"picked":"FIFO Queue","floor":7},{"not_picked":["BasicCrystalCard+1","Reprogram+1"],"picked":"Gash","floor":8},{"not_picked":["ReplaySolidLightProjector+1","Steam+1"],"picked":"Defragment","floor":8},{"not_picked":["Biased Cognition","Clawfect:ClawpileDriver"],"picked":"Clawfect:ClawLightning","floor":10},{"not_picked":["Recycle+1","Heatsinks"],"picked":"Stack+1","floor":10},{"not_picked":["ReplayTheSpireMod:Repulse+1","FTL"],"picked":"Clawfect:ClawCell","floor":11},{"not_picked":["ReplayTheSpireMod:Omega Cannon","Panic Button+1"],"picked":"Redo+1","floor":12},{"not_picked":["Clawfect:ClawAndGloom+1","ReplayTheSpireMod:Repulse+1"],"picked":"Clawfect:Clawter","floor":12},{"not_picked":["Turbo+1","Clawfect:Clawline"],"picked":"Steam+1","floor":13},{"not_picked":["BasicCrystalCard+1","Recycle+1"],"picked":"Fan+1","floor":14},{"not_picked":["Amplify+1","ReplayRNGCard+1"],"picked":"Rainbow+1","floor":16},{"not_picked":["Steam Power+1","Storm+1"],"picked":"Clawfect:Clawrage","floor":18},{"not_picked":["Heatsinks+1","Clawfect:ClawingBeam"],"picked":"Clawfect:ClawLightning","floor":21},{"not_picked":["Clawfect:Clawter+1","Panic Button+1"],"picked":"Clawfect:ClawCell+1","floor":22},{"not_picked":["Darkness+1","Clawfect:ClawpileDriver"],"picked":"Clawfect:Clawrage","floor":23},{"not_picked":["ReplayGash+1","Redo+1"],"picked":"Clawfect:ClawSnap+1","floor":25},{"not_picked":["Turbo+1","Rebound+1"],"picked":"Coolheaded+1","floor":27},{"not_picked":["Biased Cognition","Genetic Algorithm+1"],"picked":"Defragment","floor":28},{"not_picked":["Redo+1","Chaos+1"],"picked":"Hologram+1","floor":30},{"not_picked":["Heatsinks","Fission+1"],"picked":"Capacitor","floor":31},{"not_picked":["Amplify+1","Echo Form"],"picked":"Clawfect:ClawForOne","floor":33},{"not_picked":["ReplaySolidLightProjector+1","Panic Button+1"],"picked":"Redo+1","floor":35},{"not_picked":["Turbo+1","Skim+1"],"picked":"Leap+1","floor":36},{"not_picked":["Stack+1","Clawfect:Clawline+1"],"picked":"Coolheaded+1","floor":37},{"not_picked":["FTL+1","Conserve Battery+1"],"picked":"Defragment+1","floor":42},{"not_picked":["Clawfect:ClawingBeam+1","Thunder Strike"],"picked":"Clawfect:ClawAndTear+1","floor":44},{"not_picked":["Time Bomb+1","Leap+1"],"picked":"Chill+1","floor":46},{"not_picked":["Clawfect:ClawForTheEyes","ReplayTheSpireMod:GoodbyeWorld+1"],"picked":"Clawfect:ClawLightning+1","floor":48},{"not_picked":["Clawfect:ClawingBeam","Clawfect:ClawLightning+1"],"picked":"Clawfect:ClawSnap+1","floor":49},{"not_picked":["Meteor Strike","Auto Shields+1"],"picked":"Defragment+1","floor":56}],"player_experience":1361434,"relics_obtained":[{"floor":5,"key":"TuHaoJin"},{"floor":5,"key":"Golden Egg"},{"floor":6,"key":"Dota2Spire:PhaseBoots"},{"floor":7,"key":"Dota2Spire:AssaultCuirass"},{"floor":8,"key":"Toxic Egg 2"},{"floor":9,"key":"Pen Nib"},{"floor":9,"key":"Vajra"},{"floor":10,"key":"Leech"},{"floor":12,"key":"Thread and Needle"},{"floor":16,"key":"Turnip"},{"floor":21,"key":"Pet Ghost"},{"floor":22,"key":"Red Mask"},{"floor":23,"key":"Lizard Tail"},{"floor":24,"key":"Necronomicon"},{"floor":25,"key":"SatanicBible"},{"floor":26,"key":"BookofShadows"},{"floor":26,"key":"Replay:Bottled Steam"},{"floor":28,"key":"Iron Hammer"},{"floor":31,"key":"Dota2Spire:LotusOrb"},{"floor":33,"key":"TungstenRod"},{"floor":35,"key":"DataDisk"},{"floor":37,"key":"StoneCalendar"},{"floor":38,"key":"Ring of Misfortune"},{"floor":38,"key":"Ring of Hypnosis"},{"floor":42,"key":"TheBean"},{"floor":45,"key":"Dota2Spire:ShivaGuard"},{"floor":45,"key":"Art of War"},{"floor":46,"key":"Dota2Spire:OrchidMalevolence"},{"floor":56,"key":"Cleaning_Rag"}],"event_choices":[{"damage_healed":0,"gold_gain":0,"player_choice":"Leave","damage_taken":0,"max_hp_gain":0,"max_hp_loss":0,"event_name":"The Cleric","floor":2,"gold_loss":0},{"damage_healed":0,"gold_gain":0,"player_choice":"Entered Light","damage_taken":18,"max_hp_gain":0,"max_hp_loss":0,"event_name":"Shining Light","floor":15,"gold_loss":0,"cards_upgraded":["Clawfect:Clawter","Conserve Battery"]},{"damage_healed":0,"gold_gain":0,"player_choice":"Got Potions","damage_taken":0,"max_hp_gain":0,"max_hp_loss":0,"event_name":"Lab","floor":19,"gold_loss":0},{"cards_removed":["EpicFetus"],"damage_healed":0,"gold_gain":0,"player_choice":"Take \u0026 Give","damage_taken":0,"max_hp_gain":0,"max_hp_loss":0,"event_name":"betterNote:BetterNote","floor":20,"gold_loss":0,"cards_obtained":["EpicFetus"]},{"damage_healed":0,"gold_gain":0,"player_choice":"Fought Bandits","damage_taken":0,"max_hp_gain":0,"max_hp_loss":0,"event_name":"Masked Bandits","floor":22,"gold_loss":0},{"damage_healed":0,"gold_gain":0,"player_choice":"Obtained Book","damage_taken":16,"max_hp_gain":0,"max_hp_loss":0,"event_name":"Cursed Tome","floor":24,"gold_loss":0},{"damage_healed":0,"gold_gain":0,"player_choice":"Fight","damage_taken":0,"max_hp_gain":0,"max_hp_loss":0,"event_name":"MindBloom","floor":37,"gold_loss":0},{"damage_healed":0,"gold_gain":222,"player_choice":"Wore Mask","damage_taken":0,"max_hp_gain":0,"max_hp_loss":0,"event_name":"Tomb of Lord Red Mask","floor":39,"gold_loss":0},{"damage_healed":0,"gold_gain":0,"player_choice":"Max HP","damage_taken":0,"max_hp_gain":0,"max_hp_loss":4,"event_name":"Winding Halls","floor":51,"gold_loss":0}],"is_beta":false,"boss_relics":[{"not_picked":["Dota2Spire:Bloodstone","Replay:Drink Me"],"picked":"Cursed Key"},{"not_picked":[]},{"not_picked":["Calling Bell","SacredBark"],"picked":"Replay:Ancient Bell"},{"not_picked":[]}],"items_purged_floors":[47,50,55],"is_endless":false,"potions_floor_spawned":[6,7,11,12,13,16,25,28,30,31,33,37,44,48],"ascension_level":0}}