{"host":"8by3m8mve9y2rhh4","time":1612404070,"event":{"mods":["BaseMod","Minty Spire (QoL Compilation)","Quick Restart"],"gold_per_floor":[116,131,131,143,49,81,81,96,121,152,171,171,183,200,200,299,299,319,334,334,353,353,381,296,308,344,388,103,134,134,153,153,256,256,266,285,33,33,53,53,88,108,108,127,127,155,155,174,174,174,174],"floor_reached":50,"language":"ENG","playtime":2075,"items_purged":["Strike_G","Decay"],"score":653,"play_id":"a00e3c05-9f2f-4913-89ea-0580fe346e54","local_time":"20210204020110","is_ascension_mode":true,"campfire_choices":[{"floor":7,"key":"REST"},{"floor":12,"key":"REST"},{"floor":15,"key":"REST"},{"floor":32,"key":"RECALL"},{"data":"Footwork","floor":40,"key":"SMITH"},{"floor":45,"key":"REST"},{"floor":47,"key":"REST"},{"floor":49,"key":"REST"}],"circlet_count":0,"master_deck":["Strike_G","Defend_G","Defend_G","Defend_G","Defend_G","Defend_G","Survivor","Neutralize","Dodge and Roll","Noxious Fumes","Sucker Punch+1","Flying Knee+1","Noxious Fumes","Dodge and Roll","Dash","Leg Sweep","Corpse Explosion","Dagger Spray+1","Footwork","Noxious Fumes+1","Distraction","Noxious Fumes","PiercingWail","Well Laid Plans","A Thousand Cuts","Footwork+1","PiercingWail+1","Calculated Gamble+1","Pain","Dodge and Roll+1","Venomology"],"relics":["Velvet Choker","Strawberry","Tiny Chest","Empty Cage","Art of War","MawBank","Bag of Marbles","Pen Nib","Potion Belt","Whetstone","Cursed Key","DollysMirror","Mango","Oddly Smooth Stone","Tingsha"],"acts_visited":["Exordium","TheCity","TheBeyond"],"potions_floor_usage":[6,6,10,10,19,33,36,41,41,48,50],"damage_taken":[{"damage":0,"enemies":"Jaw Worm","floor":1,"turns":4},{"damage":0,"enemies":"Cultist","floor":2,"turns":5},{"damage":0,"enemies":"2 Louse","floor":4,"turns":4},{"damage":69,"enemies":"Gremlin Nob","floor":6,"turns":6},{"damage":0,"enemies":"Looter","floor":8,"turns":4},{"damage":12,"enemies":"Lagavulin","floor":10,"turns":6},{"damage":9,"enemies":"Exordium Thugs","floor":11,"turns":4},{"damage":0,"enemies":"2 Fungi Beasts","floor":13,"turns":4},{"damage":0,"enemies":"Lots of Slimes","floor":14,"turns":5},{"damage":7,"enemies":"Hexaghost","floor":16,"turns":10},{"damage":19,"enemies":"2 Thieves","floor":18,"turns":4},{"damage":12,"enemies":"Spheric Guardian","floor":19,"turns":5},{"damage":8,"enemies":"Snake Plant","floor":21,"turns":6},{"damage":19,"enemies":"Gremlin Leader","floor":23,"turns":7},{"damage":17,"enemies":"Book of Stabbing","floor":27,"turns":7},{"damage":24,"enemies":"Gremlin Leader","floor":29,"turns":7},{"damage":6,"enemies":"Cultist and Chosen","floor":31,"turns":8},{"damage":18,"enemies":"Champ","floor":33,"turns":14},{"damage":8,"enemies":"3 Shapes","floor":35,"turns":5},{"damage":1,"enemies":"Orb Walker","floor":36,"turns":5},{"damage":1,"enemies":"3 Darklings","floor":39,"turns":5},{"damage":17,"enemies":"Nemesis","floor":41,"turns":7},{"damage":24,"enemies":"Transient","floor":42,"turns":5},{"damage":23,"enemies":"Jaw Worm Horde","floor":44,"turns":5},{"damage":28,"enemies":"Reptomancer","floor":46,"turns":8},{"damage":20,"enemies":"3 Darklings","floor":48,"turns":4},{"damage":61,"enemies":"Awakened One","floor":50,"turns":6}],"seed_played":"-7578758324573576970","potions_obtained":[{"floor":1,"key":"SneckoOil"},{"floor":4,"key":"Swift Potion"},{"floor":6,"key":"Fruit Juice"},{"floor":8,"key":"Ancient Potion"},{"floor":18,"key":"DuplicationPotion"},{"floor":29,"key":"BlessingOfTheForge"},{"floor":31,"key":"GamblersBrew"},{"floor":36,"key":"CunningPotion"},{"floor":39,"key":"BlessingOfTheForge"},{"floor":44,"key":"Poison Potion"},{"floor":46,"key":"AttackPotion"}],"is_trial":false,"path_per_floor":["M","M","?","M","$","E","R","M","T","E","M","R","M","M","R","B",null,"M","M","?","M","?","E","?","T","T","E","$","E","?","M","R","B",null,"M","M","$","$","M","R","E","M","T","M","R","E","R","M","R","B"],"character_chosen":"THE_SILENT","items_purchased":["Noxious Fumes","Sucker Punch","FairyPotion","Noxious Fumes","PiercingWail","DollysMirror"],"campfire_rested":6,"item_purchase_floors":[5,5,28,28,28,37],"current_hp_per_floor":[70,70,70,70,70,13,37,37,37,25,16,40,40,40,64,57,82,63,51,51,43,43,24,24,24,24,7,7,12,82,76,76,58,82,74,73,73,73,72,72,69,45,45,22,50,22,50,30,58,0,0],"gold":174,"neow_bonus":"BOSS_RELIC","is_daily":false,"chose_seed":false,"campfire_upgraded":1,"win_rate":0.0,"timestamp":1612404070,"path_taken":["M","M","?","M","$","E","R","M","T","E","M","R","M","M","R","BOSS","M","M","?","M","?","E","?","?","T","E","$","E","?","M","R","BOSS","M","M","?","$","M","R","E","M","T","M","R","E","R","M","R","BOSS"],"items_purchased_type":["Card","Card","Potion","Card","Card","Relic"],"build_version":"2020-12-22","purchased_purges":2,"victory":false,"max_hp_per_floor":[70,70,70,70,70,82,82,82,82,82,82,82,82,82,82,82,82,82,82,82,82,82,82,82,82,82,82,82,82,82,82,82,82,82,82,82,82,82,82,82,96,96,96,96,96,96,96,96,96,96,96],"card_choices":[{"not_picked":["Blade Dance","Sucker Punch"],"picked":"Terror","floor":1},{"not_picked":["Underhanded Strike","Cloak And Dagger","Deflect"],"picked":"SKIP","floor":2},{"not_picked":["All Out Attack","Skewer"],"picked":"Dodge and Roll","floor":4},{"not_picked":["Dash","Caltrops"],"picked":"Flying Knee","floor":6},{"not_picked":["Sucker Punch","Blade Dance"],"picked":"Noxious Fumes","floor":8},{"not_picked":["Choke","Dagger Spray"],"picked":"Dodge and Roll","floor":10},{"not_picked":["Dagger Throw","Poisoned Stab"],"picked":"Dash","floor":11},{"not_picked":["Predator","Slice"],"picked":"Leg Sweep","floor":13},{"not_picked":["Finisher","Escape Plan","Riddle With Holes"],"picked":"SKIP","floor":14},{"not_picked":["Unload","Doppelganger"],"picked":"Corpse Explosion","floor":16},{"not_picked":["Backflip","Skewer"],"picked":"Dagger Spray+1","floor":18},{"not_picked":["Masterful Stab","Poisoned Stab"],"picked":"Footwork","floor":19},{"not_picked":["Poisoned Stab","Deadly Poison+1"],"picked":"Noxious Fumes+1","floor":21},{"not_picked":["Infinite Blades","Endless Agony"],"picked":"Distraction","floor":23},{"not_picked":["Night Terror","Choke","Blade Dance"],"picked":"SKIP","floor":27},{"not_picked":["Riddle With Holes","Prepared"],"picked":"Well Laid Plans","floor":29},{"not_picked":["Underhanded Strike+1","Dodge and Roll","Choke+1"],"picked":"SKIP","floor":31},{"not_picked":["Envenom","Grand Finale"],"picked":"A Thousand Cuts","floor":33},{"not_picked":["Flechettes+1","PiercingWail","Outmaneuver+1"],"picked":"SKIP","floor":35},{"not_picked":["Bane","Acrobatics+1","Deflect"],"picked":"SKIP","floor":36},{"not_picked":["Slice+1","Acrobatics+1"],"picked":"PiercingWail+1","floor":39},{"not_picked":["Expertise+1","Setup+1"],"picked":"Calculated Gamble+1","floor":41},{"not_picked":["Accuracy+1","Crippling Poison","All Out Attack"],"picked":"SKIP","floor":42},{"not_picked":["Well Laid Plans","Skewer+1"],"picked":"Dodge and Roll+1","floor":44},{"not_picked":["Prepared","Heel Hook+1"],"picked":"Venomology","floor":46},{"not_picked":["Outmaneuver","PiercingWail","All Out Attack"],"picked":"SKIP","floor":48}],"player_experience":753803,"relics_obtained":[{"floor":6,"key":"Strawberry"},{"floor":10,"key":"Tiny Chest"},{"floor":23,"key":"Art of War"},{"floor":25,"key":"Bag of Marbles"},{"floor":26,"key":"Pen Nib"},{"floor":27,"key":"Potion Belt"},{"floor":29,"key":"Whetstone"},{"floor":41,"key":"Mango"},{"floor":43,"key":"Oddly Smooth Stone"},{"floor":46,"key":"Tingsha"}],"event_choices":[{"cards_removed":["Strike_G"],"damage_healed":0,"gold_gain":0,"player_choice":"Purged","damage_taken":0,"max_hp_gain":0,"max_hp_loss":0,"event_name":"Purifier","floor":3,"gold_loss":0},{"damage_healed":0,"gold_gain":0,"player_choice":"Ignored","damage_taken":0,"max_hp_gain":0,"max_hp_loss":0,"event_name":"Vampires","floor":20,"gold_loss":0},{"damage_healed":0,"gold_gain":0,"player_choice":"Smashed Altar","damage_taken":0,"max_hp_gain":0,"max_hp_loss":0,"event_name":"Forgotten Altar","floor":22,"gold_loss":0,"cards_obtained":["Decay"]},{"damage_healed":0,"gold_gain":0,"player_choice":"Obtained Relic","damage_taken":0,"relics_obtained":["MawBank"],"max_hp_gain":0,"max_hp_loss":0,"event_name":"Addict","floor":24,"gold_loss":85},{"cards_removed":["Terror"],"damage_healed":70,"gold_gain":0,"player_choice":"Offered Uncommon","damage_taken":0,"max_hp_gain":0,"max_hp_loss":0,"event_name":"Bonfire Elementals","floor":30,"gold_loss":0}],"is_beta":false,"boss_relics":[{"not_picked":["SacredBark","Runic Dome"],"picked":"Empty Cage"},{"not_picked":["WristBlade","Snecko Eye"],"picked":"Cursed Key"}],"items_purged_floors":[28,37],"is_endless":false,"potions_floor_spawned":[1,4,6,8,18,29,31,36,39,44,46],"killed_by":"Awakened One","ascension_level":1}}