{"host":"andja9kgajlggmm4","time":1612479219,"event":{"mods":["BaseMod","Downfall","Hubris","Infinite Spire","MarisaÅiñ∂âJÅ@ñÇóùçπÅj","Minty Spire (QoL Compilation)","StSLib","The Cursed","The Servant 0.9.4"],"gold_per_floor":[119,49,149,159,175,175,100,100,100,100,151,167,204,221,221,340,340,369,259,289,16,16,16,40,40,40,78,107,107,146,10,10,119,119,145,2,23,25,25,25,53,53,134,176,176,194,194,213,213,231,231],"floor_reached":50,"language":"ENG","playtime":2737,"items_purged":["Strike_R"],"score":558,"play_id":"e4c7c5d5-8b14-4e93-8de2-c2f758c3a450","local_time":"20210204235339","is_ascension_mode":false,"campfire_choices":[{"data":"Feed","floor":6,"key":"SMITH"},{"data":"infinitespire:OneForAll","floor":10,"key":"SMITH"},{"data":"hubris:ReadiedAction","floor":15,"key":"SMITH"},{"data":"Berserk","floor":23,"key":"SMITH"},{"floor":25,"key":"REST"},{"floor":29,"key":"REST"},{"data":"Strike_R","floor":32,"key":"PURGE"},{"data":"Demon Form","floor":40,"key":"SMITH"},{"data":"hubris:ReadiedAction","floor":42,"key":"SMITH"},{"floor":47,"key":"REST"},{"floor":49,"key":"REST"}],"circlet_count":0,"master_deck":["Strike_R","Defend_R","Defend_R","Defend_R","Defend_R","Bash","Battle Trance","Feed+1","Spot Weakness+1","infinitespire:OneForAll+1","hubris:ReadiedAction+1","Clothesline","Dropkick","Berserk+1","Heavy Blade+1","Sword Boomerang","Infernal Blade","Headbutt","Anger+1","Reaper","Cleave+1","Trip","Demon Form+1","CurseOfTheBell","Rampage+1","hubris:ReadiedAction+1","Madness","Madness","Clash+1","hubris:SharpeningStone","Armaments+1","Sword Boomerang+1"],"relics":["Burning Blood","infinitespire:Midas Blood","Vajra","Peace Pipe","hubris:HollowSoul","MealTicket","Sundial","Blood Vial","hubris:BottledRain","Lantern","Calling Bell","Red Skull","infinitespire:ShieldingShard","infinitespire:Joker Card","Pen Nib","Self Forming Clay","Letter Opener","Mummified Hand"],"acts_visited":["Exordium","TheCity","TheBeyond"],"potions_floor_usage":[12,16,27,30,33,44,48,50,50],"damage_taken":[{"damage":1,"enemies":"Jaw Worm","floor":1,"turns":5},{"damage":1,"enemies":"Cultist","floor":4,"turns":4},{"damage":0,"enemies":"2 Louse","floor":5,"turns":3},{"damage":13,"enemies":"Large Slime","floor":12,"turns":8},{"damage":18,"enemies":"Gremlin Nob","floor":13,"turns":3},{"damage":4,"enemies":"Gremlin Gang","floor":14,"turns":5},{"damage":78,"enemies":"Slime Boss","floor":16,"turns":15},{"damage":41,"enemies":"Shell Parasite","floor":18,"turns":7},{"damage":43,"enemies":"2 Thieves","floor":20,"turns":4},{"damage":41,"enemies":"Shelled Parasite and Fungi","floor":24,"turns":5},{"damage":20,"enemies":"Book of Stabbing","floor":27,"turns":3},{"damage":34,"enemies":"Centurion and Healer","floor":28,"turns":4},{"damage":27,"enemies":"Gremlin Leader","floor":30,"turns":4},{"damage":63,"enemies":"Automaton","floor":33,"turns":8},{"damage":21,"enemies":"3 Shapes","floor":35,"turns":5},{"damage":20,"enemies":"Orb Walker","floor":37,"turns":3},{"damage":52,"enemies":"Sphere and 2 Shapes","floor":41,"turns":4},{"damage":82,"enemies":"Giant Head","floor":44,"turns":8},{"damage":0,"enemies":"Transient","floor":46,"turns":5},{"damage":23,"enemies":"Spire Growth","floor":48,"turns":3},{"damage":0,"enemies":"hubris:GrandSnecko","floor":50,"turns":1}],"seed_played":"6913615700628461085","potions_obtained":[{"floor":4,"key":"Fire Potion"},{"floor":12,"key":"GamblersBrew"},{"floor":14,"key":"AttackPotion"},{"floor":20,"key":"Ancient Potion"},{"floor":24,"key":"AttackPotion"},{"floor":27,"key":"SteroidPotion"},{"floor":37,"key":"LiquidBronze"},{"floor":41,"key":"Weak Potion"},{"floor":44,"key":"Swift Potion"}],"is_trial":false,"path_per_floor":["M","$","?","M","M","R","$","?","T","R","T","M","E","M","R","B",null,"M","?","M","$","?","R","M","R","T","E","M","R","E","$","R","B",null,"M","$","M","?","?","R","M","R","T","E","T","M","R","M","R","B"],"character_chosen":"IRONCLAD","items_purchased":["Feed","Sundial","Infernal Blade","Trip","Block Potion","Pen Nib"],"campfire_rested":4,"item_purchase_floors":[2,21,21,31,31,36],"current_hp_per_floor":[80,80,80,83,86,86,86,86,86,86,86,83,75,81,81,13,102,71,71,34,49,49,49,18,51,51,39,13,46,57,72,72,17,110,114,114,100,86,86,86,61,61,61,8,8,24,59,44,79,23,23],"gold":231,"neow_bonus":"REMOVE_CARD","is_daily":false,"chose_seed":false,"campfire_upgraded":6,"win_rate":0.0,"timestamp":1612479219,"path_taken":["M","$","?","M","M","R","?","?","T","R","?","M","E","M","R","BOSS","M","?","?","$","?","R","?","R","T","E","M","R","E","?","R","BOSS","M","$","M","?","?","R","M","R","T","E","?","M","R","M","R","BOSS"],"items_purchased_type":["Card","Relic","Card","Card","Potion","Relic"],"build_version":"2020-12-22","purchased_purges":1,"victory":false,"max_hp_per_floor":[80,80,80,83,86,86,86,86,86,86,86,90,94,98,98,102,102,106,106,106,106,106,106,110,110,110,110,110,110,110,110,110,110,110,114,114,114,114,114,114,118,118,118,118,118,118,118,118,118,23,23],"card_choices":[{"not_picked":["Iron Wave","Pommel Strike"],"picked":"Battle Trance","floor":1},{"not_picked":["Sword Boomerang","Dark Embrace"],"picked":"Spot Weakness","floor":4},{"not_picked":["Perfected Strike","Battle Trance"],"picked":"infinitespire:OneForAll","floor":5},{"not_picked":["Iron Wave","Body Slam"],"picked":"hubris:ReadiedAction","floor":12},{"not_picked":["Bludgeon","Body Slam"],"picked":"Clothesline","floor":13},{"not_picked":["Shrug It Off","Sword Boomerang"],"picked":"Dropkick","floor":14},{"not_picked":["Juggernaut","Corruption"],"picked":"Berserk","floor":16},{"not_picked":["hubris:ReadiedAction","Flex+1"],"picked":"Heavy Blade+1","floor":18},{"not_picked":["Perfected Strike","Sever Soul"],"picked":"Sword Boomerang","floor":20},{"not_picked":["Fire Breathing+1","Rupture"],"picked":"Headbutt","floor":24},{"not_picked":["Twin Strike","Burning Pact"],"picked":"Anger+1","floor":27},{"not_picked":["Rupture","Body Slam"],"picked":"Reaper","floor":28},{"not_picked":["Body Slam","hubris:SharpeningStone"],"picked":"Cleave+1","floor":30},{"not_picked":["Impervious","Fiend Fire"],"picked":"Demon Form","floor":33},{"not_picked":["Thunderclap+1","Anger"],"picked":"Rampage+1","floor":35},{"not_picked":["Perfected Strike","Shrug It Off"],"picked":"hubris:ReadiedAction","floor":37},{"not_picked":["hubris:ReadiedAction+1","Sword Boomerang+1"],"picked":"Clash+1","floor":41},{"not_picked":["Entrench+1","Hemokinesis"],"picked":"hubris:SharpeningStone","floor":44},{"not_picked":["Twin Strike+1","Feed"],"picked":"Armaments+1","floor":46},{"not_picked":["Iron Wave","Clothesline"],"picked":"Sword Boomerang+1","floor":48}],"player_experience":13150,"relics_obtained":[{"floor":9,"key":"infinitespire:Midas Blood"},{"floor":11,"key":"Vajra"},{"floor":13,"key":"Peace Pipe"},{"floor":26,"key":"Blood Vial"},{"floor":27,"key":"hubris:BottledRain"},{"floor":30,"key":"Lantern"},{"floor":34,"key":"Red Skull"},{"floor":34,"key":"infinitespire:ShieldingShard"},{"floor":34,"key":"infinitespire:Joker Card"},{"floor":43,"key":"Self Forming Clay"},{"floor":44,"key":"Letter Opener"},{"floor":45,"key":"Mummified Hand"}],"event_choices":[{"damage_healed":0,"gold_gain":100,"player_choice":"Pray","damage_taken":0,"max_hp_gain":0,"max_hp_loss":0,"event_name":"Golden Shrine","floor":3,"gold_loss":0},{"damage_healed":0,"gold_gain":0,"player_choice":"Paid Gold","damage_taken":0,"relics_obtained":["MealTicket"],"max_hp_gain":0,"max_hp_loss":0,"event_name":"WeMeetAgain","floor":19,"gold_loss":110},{"cards_removed":["Strike_R"],"damage_healed":0,"gold_gain":0,"player_choice":"Purged","damage_taken":0,"max_hp_gain":0,"max_hp_loss":0,"event_name":"Purifier","floor":22,"gold_loss":0},{"damage_healed":0,"gold_gain":0,"player_choice":"Embrace Madness","damage_taken":14,"max_hp_gain":0,"max_hp_loss":0,"event_name":"Winding Halls","floor":38,"gold_loss":0,"cards_obtained":["Madness","Madness"]}],"is_beta":false,"boss_relics":[{"not_picked":["infinitespire:Burning Sword","Runic Dome"],"picked":"hubris:HollowSoul"},{"not_picked":["Sozu","Philosopher\u0027s Stone"],"picked":"Calling Bell"}],"items_purged_floors":[7],"is_endless":false,"potions_floor_spawned":[4,12,14,20,24,27,37,41,44],"killed_by":"hubris:GrandSnecko","ascension_level":0}}