{"host":"ko40t1o51xotjt2v","time":1612413980,"event":{"mods":["2.2 Compatiblity","AchievementEnabler","Aspiration","BaseMod","Better Match","Better Third Choice","Better Vampires","Conspire","Downfall","Energized Spire","GifTheSpireLib","Halation","Hubris","Jedi Mod","Minty Spire (QoL Compilation)","MostiFishMod","Spicy Shops","Spikes Relics","StSLib","Stuff the Spire","TestMod","??????REMEMod"],"gold_per_floor":[119,131,131,131,203,236,74,104,182,212,212,212,212],"floor_reached":12,"language":"SPA","playtime":506,"items_purged":[],"score":169,"play_id":"f21a59d8-3761-44ed-ae62-7d2c98049cd8","local_time":"20210204054620","is_ascension_mode":true,"campfire_choices":[],"circlet_count":0,"master_deck":["AscendersBane","Strike_G","Strike_G","Strike_G","Strike_G","Strike_G","Defend_G","Defend_G","Defend_G","Defend_G","Defend_G","Survivor","Neutralize","Immolate","MostiFishMod:PreservedThorns"],"relics":["Ring of the Snake","DaveBox","testmod-TestBox","REME_ComplimentaryCards","StuffTheSpire:OldFever","SynthV:TestCard","aspiration:SeaSaltIceCream","aspiration:Nostalgia","hexamod:SpiritBrand","Frozen Eye","RoseTintedShades","InkBottle","aspiration:DSix","hubris:Towel"],"acts_visited":["Exordium"],"potions_floor_usage":[],"damage_taken":[{"damage":6.0,"enemies":"Jaw Worm","floor":1.0,"turns":5.0},{"damage":0.0,"enemies":"2 Louse","floor":2.0,"turns":2.0},{"damage":12.0,"enemies":"Gremlin Nob","floor":6.0,"turns":3.0},{"damage":20.0,"enemies":"Lagavulin","floor":8.0,"turns":6.0},{"damage":5.0,"enemies":"3 Sentries","floor":10.0,"turns":3.0},{"damage":17,"enemies":"Gremlin Nob","floor":12,"turns":3}],"seed_played":"-6635177322363175641","potions_obtained":[{"floor":2.0,"key":"jedi:mysterypotion"}],"is_trial":false,"path_per_floor":["M","M","?","?","T","E","$","E","T","E","?","E"],"character_chosen":"THE_SILENT","items_purchased":["Frozen Eye"],"campfire_rested":0,"item_purchase_floors":[7],"current_hp_per_floor":[53,53,53,49,49,37,37,17,17,12,12,0,0],"gold":212,"neow_bonus":"RANDOM_COMMON_RELIC","is_daily":false,"chose_seed":false,"campfire_upgraded":0,"win_rate":0.0,"timestamp":1612413980,"path_taken":["M","M","?","?","?","E","$","E","T","E","?","E"],"items_purchased_type":["Relic"],"build_version":"2020-12-22","purchased_purges":0,"victory":false,"max_hp_per_floor":[66,66,66,66,66,66,66,66,66,66,66,66,66],"card_choices":[{"not_picked":["Sucker Punch","MostiFishMod:InvigoratingSolution","Outmaneuver"],"picked":"SKIP","floor":1.0},{"not_picked":["Prepared","Dagger Spray","Poisoned Stab","Terror"],"picked":"MostiFishMod:PreservedThorns","floor":2.0},{"not_picked":["StuffTheSpire:ClusterCrunch","hubris:SlightOfHand","Crippling Poison","Cloak And Dagger","Bane"],"picked":"SKIP","floor":6.0},{"not_picked":["jedi:brewingpoison","Pace","PiercingWail","Blade Dance","Riddle With Holes"],"picked":"SKIP","floor":8.0},{"not_picked":["Backflip","Dodge and Roll","Deflect","StuffTheSpire:MirrorStance","REME_GreenPollution"],"picked":"SKIP","floor":10.0}],"player_experience":480056,"relics_obtained":[{"floor":1.0,"key":"SynthV:TestCard"},{"floor":6.0,"key":"aspiration:SeaSaltIceCream"},{"floor":8.0,"key":"RoseTintedShades"},{"floor":9.0,"key":"InkBottle"},{"floor":10.0,"key":"aspiration:DSix"}],"event_choices":[{"damage_healed":0.0,"max_hp_gain":0.0,"max_hp_loss":0.0,"gold_gain":0.0,"event_name":"conspire:LoneGhost","player_choice":"Disagree","floor":3.0,"gold_loss":0.0,"damage_taken":0.0},{"damage_healed":0.0,"max_hp_gain":0.0,"max_hp_loss":0.0,"gold_gain":0.0,"event_name":"conspire:Investor","player_choice":"Leave","floor":4.0,"gold_loss":0.0,"damage_taken":0.0}],"is_beta":false,"boss_relics":[],"items_purged_floors":[],"is_endless":false,"potions_floor_spawned":[2],"killed_by":"Gremlin Nob","ascension_level":16}}