{"host":"c4psiqwczhd30bq5","time":1612439216,"event":{"mods":["Act Like it!","Aspiration","BaseMod","BetterRewards","Conspire","Downfall","Hallownest","Hubris","Minty Spire (QoL Compilation)","StSLib"],"gold_per_floor":[413,72,91,103,120,153,153,167,167,199,4,4,4,4,4,103,103,116,152,152,164,164,190,4,20,46,68,130,610,622,650,662,778,790,815,840,672,703,715,727,739,739],"floor_reached":41,"language":"ENG","playtime":3171,"items_purged":[],"score":544,"play_id":"601f0a8a-8174-4bb1-88b5-f0e8a0b13bb5","local_time":"20210204124656","is_ascension_mode":true,"campfire_choices":[{"floor":7,"key":"REST"},{"floor":12,"key":"REST"},{"data":"ForeignInfluence","floor":15,"key":"SMITH"},{"floor":32,"key":"REST"}],"circlet_count":0,"master_deck":["Strike_P+1","Strike_P","Strike_P","Strike_P","Defend_P","Defend_P","Defend_P","Defend_P","Eruption","Vigilance","conspire:NecroticWound","ForeignInfluence+1","Good Instincts","SandsOfTime","Prostrate+1","FollowUp","Wallop","FollowUp","Halt","Vengeance","Indignation","FollowUp","DeceiveReality","BowlingBash+1","Weave","Madness","EmptyBody","Hallownest:attackAdjustingAction","Halt+1","WreathOfFlame","Judgement","Swivel","MasterReality+1","LikeWater+1","ClearTheMind+1","ClearTheMind+1"],"relics":["PureWater","hubris:TenFootPole","Dream Catcher","Eternal Feather","Oddly Smooth Stone","hubris:ScarierMask","Lantern","hubris:Icosahedron","Art of War","MawBank","Frozen Egg 2","hubris:Backtick","TungstenRod","Hallownest:StagBellRelic1"],"acts_visited":["Exordium","Hallownest:CityofTears","Hallownest:KingdomsEdge"],"potions_floor_usage":[5,6,10,11,18,18,27,33,35],"damage_taken":[{"damage":0,"enemies":"Cultist","floor":1,"turns":4},{"damage":0,"enemies":"Small Slimes","floor":3,"turns":3},{"damage":1,"enemies":"Jaw Worm","floor":4,"turns":4},{"damage":11,"enemies":"conspire:2 RoseBushes","floor":5,"turns":8},{"damage":25,"enemies":"Lagavulin","floor":6,"turns":9},{"damage":0,"enemies":"2 Fungi Beasts","floor":8,"turns":4},{"damage":30,"enemies":"Gremlin Nob","floor":10,"turns":4},{"damage":41,"enemies":"Hexaghost","floor":16,"turns":7},{"damage":6,"enemies":"Hallownest:Flukemon_and_Top","floor":18,"turns":4},{"damage":53,"enemies":"conspire:MimicChest","floor":19,"turns":7},{"damage":10,"enemies":"Hallownest:2_Mistakes","floor":21,"turns":5},{"damage":0,"enemies":"Hallownest:eliteWatcherKnight","floor":23,"turns":12},{"damage":9,"enemies":"Hallownest:monsterShrumalOgre","floor":25,"turns":6},{"damage":29,"enemies":"Hallownest:monsterMisterMushroom","floor":27,"turns":9},{"damage":0,"enemies":"Hallownest:Glutton_and_Coward","floor":28,"turns":3},{"damage":4,"enemies":"Hallownest:monsterShrumalOgre","floor":31,"turns":5},{"damage":50,"enemies":"Hallownest:BossGrimm","floor":33,"turns":11},{"damage":41,"enemies":"Hallownest:3_Siblings","floor":35,"turns":7},{"damage":7,"enemies":"Hallownest:2_Littles","floor":36,"turns":4},{"damage":13,"enemies":"Hallownest:Xero_Hu_Marmu","floor":38,"turns":7},{"damage":147,"enemies":"Hallownest:eliteCollector","floor":41,"turns":12}],"seed_played":"5897767239455313045","potions_obtained":[{"floor":3,"key":"BlessingOfTheForge"},{"floor":4,"key":"SkillPotion"},{"floor":16,"key":"sneckomod:MuddlingPotion"},{"floor":18,"key":"Fruit Juice"},{"floor":21,"key":"DuplicationPotion"},{"floor":27,"key":"Strength Potion"},{"floor":33,"key":"sneckomod:MuddlingPotion"}],"is_trial":false,"path_per_floor":["M","$","M","M","M","E","R","M","T","E","$","R","$","?","R","B",null,"M","?","?","M","?","E","$","M","T","M","M","?","T","M","R","B",null,"M","M","?","M","?","R","E"],"character_chosen":"WATCHER","items_purchased":["Good Instincts","hubris:TenFootPole","Fruit Juice","FairyPotion","Fruit Juice","Madness","FairyPotion"],"campfire_rested":3,"item_purchase_floors":[2,2,2,11,11,24,24],"current_hp_per_floor":[72,72,72,71,65,40,63,63,63,33,38,74,74,66,78,37,82,81,28,28,18,87,87,87,78,78,49,49,49,49,45,87,37,87,46,39,39,26,35,56,0,0],"gold":739,"neow_bonus":"ONE_RARE_RELIC","is_daily":false,"chose_seed":false,"campfire_upgraded":1,"win_rate":0.0,"timestamp":1612439216,"path_taken":["M","?","?","M","M","E","R","M","T","E","?","R","$","?","R","BOSS","M","?","?","M","?","E","?","M","T","M","M","?","?","M","R","BOSS","M","M","?","M","?","R","E"],"items_purchased_type":["Card","Relic","Potion","Potion","Potion","Card","Potion"],"build_version":"2020-12-22","purchased_purges":0,"victory":false,"max_hp_per_floor":[72,72,72,72,77,77,77,77,77,77,82,82,82,82,82,82,82,87,87,87,87,87,87,87,87,87,87,87,87,87,87,87,87,87,87,87,87,87,87,87,87,87],"card_choices":[{"not_picked":["EmptyBody","CutThroughFate"],"picked":"ForeignInfluence","floor":1},{"not_picked":["Protect","MentalFortress"],"picked":"SandsOfTime","floor":3},{"not_picked":["Fasting2","CrushJoints"],"picked":"Prostrate","floor":4},{"not_picked":["Meditate","EmptyBody"],"picked":"FollowUp","floor":5},{"not_picked":["FearNoEvil","Evaluate"],"picked":"Wallop","floor":6},{"not_picked":["WreathOfFlame","DeceiveReality"],"picked":"FollowUp","floor":7},{"not_picked":["Fasting2","Protect"],"picked":"Halt","floor":8},{"not_picked":["EmptyBody","ReachHeaven"],"picked":"Vengeance","floor":10},{"not_picked":["ClearTheMind","CrushJoints"],"picked":"Indignation","floor":12},{"not_picked":["Blasphemy","ConjureBlade"],"picked":"Alpha","floor":16},{"not_picked":["Crescendo","CrushJoints"],"picked":"FollowUp","floor":18},{"not_picked":["InnerPeace","Adaptation"],"picked":"DeceiveReality","floor":19},{"not_picked":["Wallop","Prostrate"],"picked":"BowlingBash+1","floor":21},{"not_picked":["LikeWater","SpiritShield"],"picked":"Weave","floor":23},{"not_picked":["Evaluate","Nirvana"],"picked":"EmptyBody","floor":25},{"not_picked":["WheelKick","JustLucky"],"picked":"Halt+1","floor":27},{"not_picked":["ReachHeaven","FlyingSleeves"],"picked":"WreathOfFlame","floor":28},{"not_picked":["FlyingSleeves+1","BowlingBash+1"],"picked":"Judgement","floor":31},{"not_picked":["EmptyMind","Worship"],"picked":"Swivel","floor":32},{"not_picked":["Vault","Brilliance"],"picked":"MasterReality+1","floor":33},{"not_picked":["Nirvana+1","CarveReality"],"picked":"LikeWater+1","floor":35},{"not_picked":["CutThroughFate","WreathOfFlame"],"picked":"ClearTheMind+1","floor":36},{"not_picked":["Evaluate","EmptyFist"],"picked":"ClearTheMind+1","floor":38}],"player_experience":260025,"relics_obtained":[{"floor":6,"key":"Dream Catcher"},{"floor":9,"key":"Eternal Feather"},{"floor":10,"key":"Oddly Smooth Stone"},{"floor":19,"key":"Lantern"},{"floor":23,"key":"Art of War"},{"floor":26,"key":"MawBank"},{"floor":30,"key":"Frozen Egg 2"}],"event_choices":[{"damage_healed":0,"gold_gain":0,"player_choice":"Entered Light","damage_taken":16,"max_hp_gain":0,"max_hp_loss":0,"event_name":"Shining Light","floor":14,"gold_loss":0,"cards_upgraded":["Strike_P","Prostrate"]}],"is_beta":false,"boss_relics":[{"not_picked":["HolyWater","hubris:BlackHole"],"picked":"hubris:ScarierMask"},{"not_picked":["Busted Crown","aspiration:SilentSkillbook"],"picked":"hubris:Backtick"}],"items_purged_floors":[],"is_endless":false,"potions_floor_spawned":[3,4,16,18,21,27,31,33],"killed_by":"Hallownest:eliteCollector","ascension_level":1}}