{"host":"m7jrdcbl89w2s34c","time":1612480476,"event":{"mods":["AchievementEnabler","BaseMod","Bestiary","Block Reminder","Colored Map","Colored Powertips","Minty Spire (QoL Compilation)","Permanent Neow","Relic Stats","StSLib"],"gold_per_floor":[110,163,36,36,46,46,81,97,142,142,142,156,181,199,199,294,294,306,323,342,342,356,356,382,394,394,394,9,29,29,58,58,162,162,175,185,185,195,45,45,72,85,108,108,152,90,101,133,133,133],"floor_reached":51,"language":"ENG","playtime":4168,"items_purged":["Writhe"],"score":1151,"play_id":"7da9641e-1ed1-4ba7-993d-4271aba66c70","local_time":"20210205001436","is_ascension_mode":true,"campfire_choices":[{"data":"Apotheosis","floor":6,"key":"SMITH"},{"floor":11,"key":"REST"},{"floor":15,"key":"REST"},{"floor":23,"key":"REST"},{"floor":27,"key":"REST"},{"data":"Streamline","floor":30,"key":"SMITH"},{"floor":32,"key":"RECALL"},{"data":"Biased Cognition","floor":40,"key":"SMITH"},{"data":"White Noise","floor":49,"key":"SMITH"}],"circlet_count":0,"master_deck":["Strike_B","Strike_B+1","Strike_B+1","Defend_B","Defend_B","Defend_B","Defend_B","Zap+1","Dualcast","Apotheosis+1","Streamline+1","Loop","Leap","Hologram","Cold Snap","Hologram","BootSequence","Chaos","Auto Shields","Buffer","Consume","Coolheaded","Loop","Cold Snap","Self Repair","Cold Snap","Core Surge","Glacier","Creative AI","Consume","Biased Cognition+1","Sunder+1","Glacier","Parasite","White Noise+1"],"relics":["Cracked Core","Pen Nib","DataDisk","Bottled Lightning","Nuclear Battery","Cables","Whetstone","Matryoshka","Singing Bowl","MealTicket","Coffee Dripper","Ornamental Fan","Akabeko","CeramicFish","Kunai"],"acts_visited":["Exordium","TheCity","TheBeyond"],"potions_floor_usage":[13,16,16,16,22,31,33,50],"damage_taken":[{"damage":0,"enemies":"Cultist","floor":1,"turns":3},{"damage":0,"enemies":"Small Slimes","floor":5,"turns":3},{"damage":30,"enemies":"3 Sentries","floor":7,"turns":7},{"damage":0,"enemies":"Jaw Worm","floor":8,"turns":3},{"damage":14,"enemies":"Lots of Slimes","floor":12,"turns":3},{"damage":16,"enemies":"Gremlin Nob","floor":13,"turns":3},{"damage":0,"enemies":"2 Fungi Beasts","floor":14,"turns":3},{"damage":0,"enemies":"Slime Boss","floor":16,"turns":8},{"damage":0,"enemies":"Shell Parasite","floor":18,"turns":5},{"damage":0,"enemies":"Spheric Guardian","floor":19,"turns":3},{"damage":0,"enemies":"Chosen and Byrds","floor":20,"turns":6},{"damage":0,"enemies":"3 Cultists","floor":22,"turns":6},{"damage":19,"enemies":"Slavers","floor":24,"turns":6},{"damage":4,"enemies":"Snecko","floor":25,"turns":5},{"damage":7,"enemies":"Centurion and Healer","floor":29,"turns":6},{"damage":0,"enemies":"Book of Stabbing","floor":31,"turns":7},{"damage":2,"enemies":"Automaton","floor":33,"turns":19},{"damage":0,"enemies":"Orb Walker","floor":35,"turns":3},{"damage":4,"enemies":"3 Shapes","floor":36,"turns":6},{"damage":7,"enemies":"Spire Growth","floor":38,"turns":11},{"damage":0,"enemies":"Giant Head","floor":41,"turns":14},{"damage":0,"enemies":"Transient","floor":42,"turns":5},{"damage":48,"enemies":"Reptomancer","floor":45,"turns":13},{"damage":0,"enemies":"Jaw Worm Horde","floor":47,"turns":9},{"damage":0,"enemies":"Writhing Mass","floor":48,"turns":10},{"damage":1,"enemies":"Time Eater","floor":50,"turns":17}],"seed_played":"4649127064404934149","potions_obtained":[{"floor":7,"key":"PowerPotion"},{"floor":8,"key":"EntropicBrew"},{"floor":14,"key":"FearPotion"},{"floor":20,"key":"Swift Potion"},{"floor":22,"key":"Energy Potion"},{"floor":24,"key":"AttackPotion"},{"floor":33,"key":"Energy Potion"},{"floor":35,"key":"Regen Potion"},{"floor":41,"key":"Ancient Potion"},{"floor":45,"key":"GamblersBrew"},{"floor":47,"key":"EntropicBrew"}],"is_trial":false,"path_per_floor":["M","?","$","?","M","R","E","M","T","?","R","M","E","M","R","B",null,"M","M","M","?","M","R","E","M","T","R","$","M","R","E","R","B",null,"M","M","?","M","$","R","E","M","T","?","E","$","M","M","R","B",null],"character_chosen":"DEFECT","items_purchased":["Loop","Leap","Singing Bowl","Cold Snap","Biased Cognition","Glacier"],"campfire_rested":4,"item_purchase_floors":[3,3,28,28,39,46],"current_hp_per_floor":[68,68,68,73,73,73,43,43,43,43,64,50,34,34,55,55,69,69,69,69,69,69,73,54,60,60,73,73,73,73,73,73,73,73,75,75,75,77,77,77,79,81,81,77,39,54,66,76,76,79],"gold":133,"neow_bonus":"RANDOM_COLORLESS_2","is_daily":false,"chose_seed":false,"campfire_upgraded":4,"win_rate":0.0,"timestamp":1612480476,"path_taken":["M","?","$","?","M","R","E","M","T","?","R","M","E","M","R","BOSS","M","?","M","?","M","R","E","M","T","R","$","M","R","E","R","BOSS","M","M","?","?","?","R","E","M","T","?","E","$","M","M","R","BOSS"],"items_purchased_type":["Card","Card","Relic","Card","Card","Card"],"build_version":"2020-12-22","purchased_purges":1,"victory":true,"max_hp_per_floor":[68,68,68,73,73,73,73,73,73,73,73,73,73,73,73,73,73,73,73,73,73,73,73,73,73,73,73,73,73,73,73,73,73,73,75,75,75,77,77,77,79,81,81,77,77,77,79,79,79,79],"relic_stats":{"Singing Bowl":10,"counters":[26,184],"Ornamental Fan":[4],"CeramicFish":36,"MealTicket":15,"Pen Nib":[20],"Whetstone":["Strike_B","Strike_B"],"Kunai":[0],"obtain_stats":[{"Singing Bowl":28,"CeramicFish":43,"Pen Nib":7,"Whetstone":24,"Akabeko":43,"Nuclear Battery":17,"Cables":21,"DataDisk":9,"Matryoshka":26,"Ornamental Fan":41,"MealTicket":31,"Coffee Dripper":34,"Bottled Lightning":13,"Kunai":45,"Cracked Core":0},{"Singing Bowl":14,"CeramicFish":22,"Pen Nib":3,"Whetstone":13,"Akabeko":22,"Nuclear Battery":8,"Cables":11,"DataDisk":4,"Matryoshka":14,"Ornamental Fan":21,"MealTicket":16,"Coffee Dripper":17,"Bottled Lightning":6,"Kunai":23,"Cracked Core":0},{"Singing Bowl":64,"CeramicFish":135,"Pen Nib":13,"Whetstone":59,"Akabeko":135,"Nuclear Battery":33,"Cables":47,"DataDisk":16,"Matryoshka":64,"Ornamental Fan":130,"MealTicket":77,"Coffee Dripper":96,"Bottled Lightning":22,"Kunai":148,"Cracked Core":0}],"Cables":[126,24,86,5,11]},"card_choices":[{"not_picked":["HandOfGreed","Secret Technique"],"picked":"Apotheosis","floor":0},{"not_picked":["Go for the Eyes","Static Discharge"],"picked":"Streamline","floor":1},{"not_picked":["Tempest","Steam"],"picked":"Hologram","floor":5},{"not_picked":["Redo","Lockon"],"picked":"Cold Snap","floor":7},{"not_picked":["Hello World","Static Discharge"],"picked":"Hologram","floor":8},{"not_picked":["Rebound","Turbo"],"picked":"BootSequence","floor":12},{"not_picked":["Meteor Strike","Chaos","Conserve Battery"],"picked":"SKIP","floor":13},{"not_picked":["Meteor Strike","Conserve Battery"],"picked":"Chaos","floor":13},{"not_picked":["Hologram","Coolheaded"],"picked":"Auto Shields","floor":14},{"not_picked":["Seek","Hyperbeam"],"picked":"Buffer","floor":16},{"not_picked":["Beam Cell","Leap"],"picked":"Consume","floor":18},{"not_picked":["Lockon","Sweeping Beam"],"picked":"Coolheaded","floor":19},{"not_picked":["Hologram+1","Leap"],"picked":"Loop","floor":20},{"not_picked":["Tempest+1","Sweeping Beam"],"picked":"Cold Snap","floor":22},{"not_picked":["Tempest","Streamline"],"picked":"Self Repair","floor":24},{"not_picked":["Aggregate","Hello World+1","Steam"],"picked":"SKIP","floor":25},{"not_picked":["Storm+1","Barrage"],"picked":"Core Surge","floor":29},{"not_picked":["Force Field","Leap"],"picked":"Glacier","floor":31},{"not_picked":["Machine Learning","Thunder Strike"],"picked":"Creative AI","floor":33},{"not_picked":["Barrage","Darkness+1","Leap+1"],"picked":"Singing Bowl","floor":35},{"not_picked":["Stack","Barrage+1"],"picked":"Consume","floor":36},{"not_picked":["Chill","Self Repair","Gash"],"picked":"Singing Bowl","floor":38},{"not_picked":["Chaos+1","Recycle+1","Steam"],"picked":"Singing Bowl","floor":41},{"not_picked":["Lockon+1","Gash","Consume"],"picked":"Singing Bowl","floor":42},{"not_picked":["Fission","Heatsinks"],"picked":"Sunder+1","floor":45},{"not_picked":["Rebound+1","Gash+1","Self Repair"],"picked":"Singing Bowl","floor":47},{"not_picked":["Melter","Leap"],"picked":"White Noise","floor":48}],"player_experience":209251,"relics_obtained":[{"floor":7,"key":"Pen Nib"},{"floor":9,"key":"DataDisk"},{"floor":13,"key":"Bottled Lightning"},{"floor":24,"key":"Whetstone"},{"floor":26,"key":"Matryoshka"},{"floor":31,"key":"MealTicket"},{"floor":41,"key":"Ornamental Fan"},{"floor":43,"key":"Akabeko"},{"floor":43,"key":"CeramicFish"},{"floor":45,"key":"Kunai"}],"event_choices":[{"damage_healed":0,"gold_gain":53,"player_choice":"Gained Gold","damage_taken":0,"max_hp_gain":0,"max_hp_loss":0,"event_name":"Golden Wing","floor":2,"gold_loss":0},{"damage_healed":0,"gold_gain":0,"player_choice":"Donut","damage_taken":0,"max_hp_gain":5,"max_hp_loss":0,"event_name":"Big Fish","floor":4,"gold_loss":0},{"damage_healed":0,"gold_gain":0,"player_choice":"Forge","damage_taken":0,"max_hp_gain":0,"max_hp_loss":0,"event_name":"Accursed Blacksmith","floor":10,"gold_loss":0,"cards_upgraded":["Zap"]},{"damage_healed":0,"gold_gain":0,"player_choice":"Opened","damage_taken":0,"relics_obtained":["Cables"],"max_hp_gain":0,"max_hp_loss":0,"event_name":"The Mausoleum","floor":21,"gold_loss":0,"cards_obtained":["Writhe"]},{"cards_removed":["Strike_B"],"damage_healed":0,"gold_gain":0,"player_choice":"Offered Basic","damage_taken":0,"max_hp_gain":0,"max_hp_loss":0,"event_name":"Bonfire Elementals","floor":37,"gold_loss":0},{"damage_healed":0,"gold_gain":0,"player_choice":"Max HP","damage_taken":0,"max_hp_gain":0,"max_hp_loss":4,"event_name":"Winding Halls","floor":44,"gold_loss":0}],"is_beta":false,"boss_relics":[{"not_picked":["Calling Bell","Tiny House"],"picked":"Nuclear Battery"},{"not_picked":["Runic Dome","Runic Pyramid"],"picked":"Coffee Dripper"}],"items_purged_floors":[28],"is_endless":false,"potions_floor_spawned":[7,8,14,20,22,24,33,35,41,45,47],"ascension_level":7}}