{"host":"3a1ypf1irl30q4k8","time":1612457784,"event":{"mods":["AchievementEnabler","BaseMod","Bestiary","Colored Map","Minty Spire (QoL Compilation)","Relic Stats","ojb\u0027s Info Mod"],"gold_per_floor":[114,132,148,173,184,184,219,236,263,263,263,263,275,46,46,141,141,159,0,37,54,74,74,74,74],"floor_reached":24,"language":"ENG","playtime":2211,"items_purged":["Strike_P"],"score":250,"play_id":"c17fe6cc-b3df-42f7-a02a-4e35e9f14430","local_time":"20210204165624","is_ascension_mode":true,"campfire_choices":[{"data":"Blasphemy","floor":6.0,"key":"SMITH"},{"floor":12.0,"key":"REST"},{"data":"SandsOfTime","floor":15.0,"key":"SMITH"},{"floor":23,"key":"REST"}],"circlet_count":0,"master_deck":["Strike_P","Strike_P","Strike_P","Defend_P","Defend_P","Defend_P","Defend_P","Eruption","Vigilance","Writhe","Blasphemy+1","JustLucky","FlyingSleeves","CrushJoints","EmptyBody","SandsOfTime+1","FlurryOfBlows","Crescendo","Wish","BowlingBash+1","Establishment","ThirdEye","MentalFortress","Tantrum"],"relics":["HolyWater","MealTicket","Darkstone Periapt","Bag of Preparation","Toolbox"],"acts_visited":["Exordium","TheCity"],"potions_floor_usage":[],"damage_taken":[{"damage":0.0,"enemies":"Cultist","floor":1.0,"turns":2.0},{"damage":0.0,"enemies":"2 Louse","floor":2.0,"turns":2.0},{"damage":0.0,"enemies":"Small Slimes","floor":3.0,"turns":3.0},{"damage":15.0,"enemies":"Looter","floor":5.0,"turns":4.0},{"damage":40.0,"enemies":"3 Sentries","floor":7.0,"turns":9.0},{"damage":12.0,"enemies":"Exordium Wildlife","floor":8.0,"turns":3.0},{"damage":6.0,"enemies":"Lots of Slimes","floor":13.0,"turns":2.0},{"damage":32.0,"enemies":"Hexaghost","floor":16.0,"turns":8.0},{"damage":25.0,"enemies":"2 Thieves","floor":18.0,"turns":4.0},{"damage":0,"enemies":"Spheric Guardian","floor":20,"turns":3},{"damage":36,"enemies":"Snake Plant","floor":21,"turns":5},{"damage":7,"enemies":"Chosen and Byrds","floor":22,"turns":4},{"damage":33,"enemies":"Cultist and Chosen","floor":24,"turns":5}],"seed_played":"260013389454520331","potions_obtained":[{"floor":5.0,"key":"PowerPotion"},{"floor":7.0,"key":"SteroidPotion"},{"floor":8.0,"key":"SkillPotion"},{"floor":13.0,"key":"Regen Potion"},{"floor":22,"key":"Weak Potion"}],"is_trial":false,"path_per_floor":["M","M","M","T","M","R","E","M","T","?","?","R","M","$","R","B",null,"M","$","M","M","M","R","M"],"character_chosen":"WATCHER","items_purchased":["Toolbox","Establishment"],"campfire_rested":2,"item_purchase_floors":[14,19],"current_hp_per_floor":[72,72,72,72,57,57,17,5,5,5,5,26,20,35,35,18,59,34,49,49,13,6,27,0,0],"gold":74,"neow_bonus":"THREE_RARE_CARDS","is_daily":false,"chose_seed":false,"campfire_upgraded":2,"win_rate":0.0,"timestamp":1612457784,"path_taken":["M","M","M","?","M","R","E","M","T","?","?","R","M","$","R","BOSS","M","$","M","M","M","R","M"],"items_purchased_type":["Relic","Card"],"build_version":"2020-12-22","purchased_purges":1,"victory":false,"max_hp_per_floor":[72,72,72,72,72,72,72,72,72,72,72,72,72,72,72,72,72,72,72,72,72,72,72,72,72],"relic_stats":{"Darkstone Periapt":0,"counters":[13,54],"MealTicket":30,"Bag of Preparation":[9],"obtain_stats":[{"Darkstone Periapt":7,"Toolbox":14,"HolyWater":17,"MealTicket":4,"Bag of Preparation":9,"PureWater":0},{"Darkstone Periapt":5,"Toolbox":7,"HolyWater":8,"MealTicket":3,"Bag of Preparation":6,"PureWater":0},{"Darkstone Periapt":20,"Toolbox":25,"HolyWater":33,"MealTicket":7,"Bag of Preparation":23,"PureWater":0}]},"card_choices":[{"not_picked":["DeusExMachina","ConjureBlade"],"picked":"Blasphemy","floor":0.0},{"not_picked":["PathToVictory","Sanctity"],"picked":"JustLucky","floor":1.0},{"not_picked":["ReachHeaven","PathToVictory"],"picked":"FlyingSleeves","floor":2.0},{"not_picked":["Worship","BowlingBash"],"picked":"CrushJoints","floor":3.0},{"not_picked":["SignatureMove","Halt"],"picked":"EmptyBody","floor":5.0},{"not_picked":["SpiritShield","Prostrate"],"picked":"SandsOfTime","floor":7.0},{"not_picked":["Worship","CutThroughFate"],"picked":"FlurryOfBlows","floor":8.0},{"not_picked":["CrushJoints","EmptyBody"],"picked":"Crescendo","floor":13.0},{"not_picked":["DevaForm","Devotion"],"picked":"Wish","floor":16.0},{"not_picked":["ClearTheMind","EmptyMind"],"picked":"BowlingBash+1","floor":18.0},{"not_picked":["CarveReality","CrushJoints"],"picked":"ThirdEye","floor":20},{"not_picked":["WindmillStrike","Meditate"],"picked":"MentalFortress","floor":21},{"not_picked":["FollowUp","BowlingBash"],"picked":"Tantrum","floor":22}],"player_experience":1318057,"relics_obtained":[{"floor":4.0,"key":"MealTicket"},{"floor":7.0,"key":"Darkstone Periapt"},{"floor":9.0,"key":"Bag of Preparation"}],"event_choices":[{"damage_healed":0.0,"max_hp_gain":0.0,"max_hp_loss":0.0,"gold_gain":0.0,"event_name":"Liars Game","player_choice":"Ignored","floor":10.0,"gold_loss":0.0,"damage_taken":0.0},{"damage_healed":0.0,"max_hp_gain":0.0,"max_hp_loss":0.0,"gold_gain":0.0,"event_name":"Golden Idol","player_choice":"Ignored","floor":11.0,"gold_loss":0.0,"damage_taken":0.0}],"is_beta":false,"boss_relics":[{"not_picked":["Empty Cage","SacredBark"],"picked":"HolyWater"}],"items_purged_floors":[14],"is_endless":false,"potions_floor_spawned":[5,7,8,13,22],"killed_by":"Cultist and Chosen","ascension_level":5}}