{"host":"8is2j71l4wmybkoi","time":1612424336,"event":{"mods":["AchievementEnabler","BaseMod","Colored Map","Minty Spire (QoL Compilation)","Rare Cards Sparkle","StSLib","SuperFastMode"],"gold_per_floor":[112,128,128,147,160,160,160,180,235,235,258,258,2,22,22,101,101,115,130,130,30,30,56,56,75,75,75,75,75,94,109,109,188,188,208,208,208,224,236,236,236],"floor_reached":40,"language":"KOR","playtime":1880,"items_purged":["Strike_G","Strike_G"],"score":722,"play_id":"6c22c565-fb18-425a-aefc-e30d443e054f","local_time":"20210204163856","is_ascension_mode":true,"campfire_choices":[{"data":"Deadly Poison","floor":6.0,"key":"SMITH"},{"floor":10.0,"key":"REST"},{"data":"Tactician","floor":12.0,"key":"SMITH"},{"data":"Bouncing Flask","floor":15.0,"key":"SMITH"},{"data":"Well Laid Plans","floor":24.0,"key":"SMITH"},{"floor":27.0,"key":"REST"},{"data":"Malaise","floor":29.0,"key":"SMITH"},{"floor":32.0,"key":"REST"}],"circlet_count":0,"master_deck":["AscendersBane","Strike_G+1","Defend_G","Defend_G","Defend_G+1","Defend_G","Survivor","Neutralize","Quick Slash","Leg Sweep","Deadly Poison+1","Dagger Throw","Tactician+1","Well Laid Plans+1","Heel Hook","Bouncing Flask+1","Malaise+1","PiercingWail","Expertise+1","Reflex","Night Terror","Riddle With Holes","Concentrate","Acrobatics","Corpse Explosion","CurseOfTheBell","Crippling Poison","Parasite","Outmaneuver+1"],"relics":["Ring of the Snake","Ice Cream","Dream Catcher","HoveringKite","Singing Bowl","StrikeDummy","Calling Bell","Strawberry","Mercury Hourglass","TungstenRod"],"acts_visited":["Exordium","TheCity","TheBeyond"],"potions_floor_usage":[40,40],"damage_taken":[{"damage":7.0,"enemies":"Small Slimes","floor":1.0,"turns":4.0},{"damage":0.0,"enemies":"Cultist","floor":2.0,"turns":3.0},{"damage":3.0,"enemies":"Jaw Worm","floor":4.0,"turns":5.0},{"damage":5.0,"enemies":"Exordium Wildlife","floor":5.0,"turns":6.0},{"damage":6.0,"enemies":"3 Louse","floor":8.0,"turns":3.0},{"damage":1.0,"enemies":"Blue Slaver","floor":14.0,"turns":3.0},{"damage":2.0,"enemies":"The Guardian","floor":16.0,"turns":7.0},{"damage":0.0,"enemies":"Shell Parasite","floor":18.0,"turns":6.0},{"damage":3.0,"enemies":"Chosen","floor":19.0,"turns":5.0},{"damage":6.0,"enemies":"Book of Stabbing","floor":23.0,"turns":8.0},{"damage":8.0,"enemies":"Shelled Parasite and Fungi","floor":25.0,"turns":6.0},{"damage":23.0,"enemies":"3 Cultists","floor":30.0,"turns":7.0},{"damage":17.0,"enemies":"Sentry and Sphere","floor":31.0,"turns":6.0},{"damage":15.0,"enemies":"Automaton","floor":33.0,"turns":11.0},{"damage":2,"enemies":"3 Shapes","floor":35,"turns":3},{"damage":10,"enemies":"3 Darklings","floor":38,"turns":4},{"damage":22,"enemies":"Writhing Mass","floor":39,"turns":7},{"damage":39,"enemies":"Reptomancer","floor":40,"turns":3}],"seed_played":"-4612373803509869911","potions_obtained":[{"floor":2.0,"key":"PowerPotion"},{"floor":4.0,"key":"CunningPotion"},{"floor":5.0,"key":"CunningPotion"},{"floor":23.0,"key":"GhostInAJar"},{"floor":31.0,"key":"EntropicBrew"},{"floor":33.0,"key":"FearPotion"},{"floor":39,"key":"CunningPotion"}],"is_trial":false,"path_per_floor":["M","M","?","M","M","R","?","M","T","R","T","R","$","M","R","B",null,"M","M","?","$","?","E","R","M","T","R","?","R","M","M","R","B",null,"M","?","?","M","M","E"],"character_chosen":"THE_SILENT","items_purchased":["Well Laid Plans","Heel Hook","DuplicationPotion"],"campfire_rested":3,"item_purchase_floors":[13,13,13],"current_hp_per_floor":[37,37,37,34,29,29,9,3,3,22,22,22,22,21,21,19,54,54,51,33,33,33,27,27,21,21,44,44,44,21,6,29,14,68,66,66,66,58,36,0,0],"gold":236,"neow_bonus":"ONE_RARE_RELIC","is_daily":false,"chose_seed":false,"campfire_upgraded":5,"win_rate":0.0,"timestamp":1612424336,"path_taken":["M","M","?","M","?","R","?","M","T","R","?","R","?","M","R","BOSS","M","M","?","$","?","E","R","M","T","R","?","R","M","M","R","BOSS","M","?","?","M","?","E"],"items_purchased_type":["Card","Card","Potion"],"build_version":"2020-12-22","purchased_purges":2,"victory":false,"max_hp_per_floor":[66,66,66,66,66,66,66,66,66,66,66,66,66,66,66,66,66,66,66,71,71,71,71,71,73,73,75,75,75,75,77,77,77,84,84,84,84,86,86,86,86],"card_choices":[{"not_picked":["Finisher","Cloak And Dagger"],"picked":"Quick Slash","floor":1.0},{"not_picked":["Flechettes","All Out Attack"],"picked":"Leg Sweep","floor":2.0},{"not_picked":["Cloak And Dagger","Slice"],"picked":"Deadly Poison","floor":4.0},{"not_picked":["Prepared","Underhanded Strike"],"picked":"Dagger Throw","floor":5.0},{"not_picked":["Cloak And Dagger","Dagger Throw"],"picked":"Tactician","floor":8.0},{"not_picked":["Well Laid Plans","Outmaneuver"],"picked":"Bouncing Flask","floor":14.0},{"not_picked":["A Thousand Cuts","Grand Finale"],"picked":"Malaise","floor":16.0},{"not_picked":["Dagger Spray","Flying Knee"],"picked":"PiercingWail","floor":18.0},{"not_picked":["Deflect","Outmaneuver+1"],"picked":"Expertise+1","floor":19.0},{"not_picked":["Deadly Poison","PiercingWail+1"],"picked":"Reflex","floor":23.0},{"not_picked":["Sucker Punch","Skewer","Deadly Poison"],"picked":"Singing Bowl","floor":25.0},{"not_picked":["Dagger Throw","Distraction","Accuracy"],"picked":"Singing Bowl","floor":27.0},{"not_picked":["Setup","Backflip"],"picked":"Concentrate","floor":30.0},{"not_picked":["Bane","Malaise","Heel Hook"],"picked":"Singing Bowl","floor":31.0},{"not_picked":["Dagger Spray","Deflect"],"picked":"Acrobatics","floor":32.0},{"not_picked":["Phantasmal Killer","Tools of the Trade"],"picked":"Corpse Explosion","floor":33.0},{"not_picked":["Choke+1","Deadly Poison"],"picked":"Crippling Poison","floor":35},{"not_picked":["Slice","Expertise+1","Deadly Poison"],"picked":"Singing Bowl","floor":38},{"not_picked":["Deflect","Quick Slash"],"picked":"Outmaneuver+1","floor":39}],"player_experience":951011,"relics_obtained":[{"floor":11.0,"key":"Dream Catcher"},{"floor":23.0,"key":"Singing Bowl"},{"floor":26.0,"key":"StrikeDummy"},{"floor":34,"key":"Strawberry"},{"floor":34,"key":"Mercury Hourglass"},{"floor":34,"key":"TungstenRod"}],"event_choices":[{"cards_removed":["Strike_G"],"damage_healed":0.0,"max_hp_gain":0.0,"max_hp_loss":0.0,"gold_gain":0.0,"event_name":"Bonfire Elementals","player_choice":"Offered Basic","floor":3.0,"gold_loss":0.0,"damage_taken":0.0},{"damage_healed":0.0,"max_hp_gain":0.0,"max_hp_loss":0.0,"gold_gain":0.0,"event_name":"Shining Light","player_choice":"Entered Light","floor":7.0,"gold_loss":0.0,"damage_taken":20.0,"cards_upgraded":["Defend_G","Strike_G"]},{"damage_healed":0.0,"max_hp_gain":5.0,"max_hp_loss":0.0,"gold_gain":0.0,"event_name":"Forgotten Altar","player_choice":"Shed Blood","floor":20.0,"gold_loss":0.0,"damage_taken":23.0},{"damage_healed":0.0,"max_hp_gain":0.0,"max_hp_loss":0.0,"gold_gain":0.0,"event_name":"Ghosts","player_choice":"Ignored","floor":22.0,"gold_loss":0.0,"damage_taken":0.0},{"damage_healed":0.0,"max_hp_gain":0.0,"max_hp_loss":0.0,"gold_gain":0.0,"cards_transformed":["Strike_G","Defend_G"],"event_name":"Drug Dealer","player_choice":"Became Test Subject","floor":28.0,"gold_loss":0.0,"damage_taken":0.0,"cards_obtained":["Night Terror","Riddle With Holes"]},{"damage_healed":0,"gold_gain":0,"player_choice":"Ignored","damage_taken":0,"max_hp_gain":0,"max_hp_loss":0,"event_name":"Tomb of Lord Red Mask","floor":36,"gold_loss":0},{"damage_healed":0,"gold_gain":0,"player_choice":"Ignored","damage_taken":0,"max_hp_gain":0,"max_hp_loss":0,"event_name":"SecretPortal","floor":37,"gold_loss":0}],"is_beta":false,"boss_relics":[{"not_picked":["Busted Crown","Runic Pyramid"],"picked":"HoveringKite"},{"not_picked":["Runic Dome","Ring of the Serpent"],"picked":"Calling Bell"}],"items_purged_floors":[13,21],"is_endless":false,"potions_floor_spawned":[2,4,5,23,31,33,39],"killed_by":"Reptomancer","ascension_level":15}}