{"host":"1ooxfz79hmpvpehx","time":1612482841,"event":{"mods":["BaseMod","Minty Spire (QoL Compilation)","Quick Restart","Replay The Spire","StSLib","SuperFastMode"],"gold_per_floor":[115,115,128,44,144,170,189,216,216,249,26,45,45,45],"floor_reached":13,"language":"ENG","playtime":251,"items_purged":["Defend_R"],"score":128,"play_id":"5f4736b4-15a5-4735-aac4-0df4b9444178","local_time":"20210204205401","is_ascension_mode":false,"campfire_choices":[],"circlet_count":0,"master_deck":["Strike_R","Strike_R","Strike_R","Strike_R","Strike_R","Defend_R","Defend_R","Defend_R","Bash","Cleave","Flex"],"relics":["Burning Blood","NeowsBlessing","Replay:Wax Seal","Replay:Multitool","Mirror","Replay:Bottled Snecko","ReplayTheSpireMod:TigerMarble","PreservedInsect"],"acts_visited":["Exordium"],"potions_floor_usage":[8,8,8],"damage_taken":[{"damage":0,"enemies":"Small Slimes","floor":1,"turns":1},{"damage":0,"enemies":"Cultist","floor":3,"turns":1},{"damage":0,"enemies":"Gremlin Nob","floor":6,"turns":1},{"damage":5,"enemies":"Jaw Worm","floor":7,"turns":4},{"damage":21,"enemies":"Lagavulin","floor":8,"turns":4},{"damage":51,"enemies":"Gremlin Nob","floor":10,"turns":5},{"damage":1,"enemies":"Exordium Thugs","floor":12,"turns":4},{"damage":26,"enemies":"Lagavulin","floor":13,"turns":3}],"seed_played":"-2031633201401638692","potions_obtained":[{"floor":1,"key":"Weak Potion"},{"floor":3,"key":"BlessingOfTheForge"},{"floor":7,"key":"AttackPotion"}],"is_trial":false,"path_per_floor":["M","?","M","$","?","E","M","E","T","E","$","M","E"],"character_chosen":"IRONCLAD","items_purchased":["Replay:Wax Seal","PreservedInsect"],"campfire_rested":0,"item_purchase_floors":[4,11],"current_hp_per_floor":[80,80,80,80,80,80,80,65,65,20,20,25,0,0],"gold":45,"neow_bonus":"THREE_ENEMY_KILL","is_daily":false,"chose_seed":false,"campfire_upgraded":0,"win_rate":0.0,"timestamp":1612482841,"path_taken":["M","?","M","?","?","E","?","E","T","E","$","M","E"],"items_purchased_type":["Relic","Relic"],"build_version":"2020-12-22","purchased_purges":1,"victory":false,"max_hp_per_floor":[80,80,80,80,80,80,80,80,80,80,80,80,80,80],"card_choices":[{"not_picked":["Bloodletting","Massacre"],"picked":"Cleave","floor":1},{"not_picked":["Burning Pact","Dual Wield","Rupture"],"picked":"SKIP","floor":3},{"not_picked":["Armaments","True Grit","Burning Pact"],"picked":"SKIP","floor":6},{"not_picked":["Perfected Strike","Iron Wave"],"picked":"Flex","floor":7},{"not_picked":["Clash","True Grit","Cleave"],"picked":"SKIP","floor":8},{"not_picked":["Eclipse","Clash","Feel No Pain"],"picked":"SKIP","floor":10},{"not_picked":["Entrench","Clash","Disarm"],"picked":"SKIP","floor":12}],"player_experience":2411,"relics_obtained":[{"floor":6,"key":"Replay:Multitool"},{"floor":8,"key":"Mirror"},{"floor":9,"key":"Replay:Bottled Snecko"},{"floor":10,"key":"ReplayTheSpireMod:TigerMarble"}],"event_choices":[{"damage_healed":0,"gold_gain":0,"player_choice":"Bought 0 Potions","damage_taken":0,"max_hp_gain":0,"max_hp_loss":0,"event_name":"The Woman in Blue","floor":2,"gold_loss":0},{"damage_healed":0,"gold_gain":100,"player_choice":"Pray","damage_taken":0,"max_hp_gain":0,"max_hp_loss":0,"event_name":"Golden Shrine","floor":5,"gold_loss":0}],"is_beta":false,"boss_relics":[],"items_purged_floors":[11],"is_endless":false,"potions_floor_spawned":[1,3,7],"killed_by":"Lagavulin","ascension_level":0}}