{"host":"rzpi613efy9j52u4","time":1612447553,"event":{"mods":["Aspiration","BaseMod","BetterRewards","Colored Powertips","Custom Start","Dio Mod","Downfall","Googly Eyes","Hubris","Infinite Spire","Jorbs\u0027s Wanderer Trilogy","Minty Spire (QoL Compilation)","Rare Cards Sparkle","Reliquary","Shop Mod","StSLib","The Cursed","The Disciple","The Hierophant","The Necromancer","The Poker Player","Waifu the Spire"],"gold_per_floor":[117,131,33,108,121,121,155,155,227,241,241,252,280,239,239,335,335,335],"floor_reached":17,"language":"ENG","playtime":1214,"items_purged":[],"score":240,"play_id":"876c69a6-10ae-4ee6-b359-2198df3e9730","local_time":"20210204090553","is_ascension_mode":false,"campfire_choices":[{"data":"dioMod:DarkRebirth","floor":6,"key":"SMITH"},{"data":"dioMod:DominatingPresence","floor":15,"key":"SMITH"}],"circlet_count":0,"master_deck":["dioMod:Defend","dioMod:Defend","dioMod:Defend","dioMod:Defend","dioMod:Defend","dioMod:Defend","dioMod:RoadRoller","dioMod:BloodSuck","dioMod:OverHeaven","dioMod:Strike","dioMod:Strike","dioMod:Strike","dioMod:Strike","dioMod:Strike","dioMod:Strike","dioMod:Muda","dioMod:Muda","dioMod:DaggerToss","dioMod:DaggerToss","dioMod:StreetSign","dioMod:DaggerSpree","dioMod:DominatingPresence+1","dioMod:GoodbyeJojo","dioMod:KonoDioDa","dioMod:TheWalk","dioMod:ZaWarudo","dioMod:DarkRebirth+1","dioMod:BloodTransfusion","dioMod:MudaMudaMuda","dioMod:Regeneration","dioMod:Freeze","dioMod:DaggerToss","dioMod:Hiss","dioMod:SecretPlan","dioMod:Minions","dioMod:BloodSplash","dioMod:ComposedMuda","dioMod:DaggerSpree","dioMod:Minions","dioMod:DisarmingVoice","dioMod:GoldVial"],"relics":["dioMod:VampireBlood","hubris:TenFootPole","hubris:64BitClover","aspiration:AnachronicSnailShell","Ancient Tea Set","Anchor","hubris:Backtick","Tiny Chest","aspiration:KaomsHeart"],"acts_visited":["Exordium","TheCity"],"potions_floor_usage":[16],"damage_taken":[{"damage":0.0,"enemies":"2 Louse","floor":1.0,"turns":2.0},{"damage":0.0,"enemies":"Cultist","floor":2.0,"turns":2.0},{"damage":0.0,"enemies":"Jaw Worm","floor":5.0,"turns":3.0},{"damage":24,"enemies":"Lagavulin","floor":7,"turns":4},{"damage":8,"enemies":"Looter","floor":10,"turns":3},{"damage":1,"enemies":"Exordium Wildlife","floor":12,"turns":2},{"damage":14,"enemies":"3 Sentries","floor":13,"turns":6},{"damage":50,"enemies":"Slime Boss","floor":16,"turns":9}],"seed_played":"-2789084177955182579","potions_obtained":[{"floor":1.0,"key":"BlessingOfTheForge"},{"floor":5.0,"key":"SneckoOil"},{"floor":12,"key":"LiquidMemories"},{"floor":13,"key":"LiquidMemories"},{"floor":16,"key":"EssenceOfSteel"}],"is_trial":true,"path_per_floor":["M","M","$","?","M","R","E","$","T","M","T","M","E","$","R","B",null],"character_chosen":"THE_DEFAULT","items_purchased":["aspiration:KMNothing","aspiration:KMNothing","aspiration:KMNothing","dioMod:Hiss","dioMod:SecretPlan","dioMod:DisarmingVoice"],"campfire_rested":0,"item_purchase_floors":[3,3,3,3,3,14],"current_hp_per_floor":[175,175,175,167,170,170,159,159,159,157,157,175,175,175,175,156,175,175],"gold":335,"neow_bonus":"","is_daily":false,"chose_seed":false,"campfire_upgraded":2,"win_rate":0.0,"timestamp":1612447553,"path_taken":["M","M","$","?","?","R","E","?","T","M","?","M","E","?","R","BOSS"],"items_purchased_type":["Relic","Relic","Relic","Card","Card","Card"],"build_version":"2020-12-13","purchased_purges":0,"victory":false,"max_hp_per_floor":[175,175,175,175,175,175,175,175,175,175,175,175,175,175,175,175,175,175],"card_choices":[{"not_picked":["dioMod:DarkRebirth","dioMod:FlyAway"],"picked":"dioMod:Freeze","floor":1.0},{"not_picked":["dioMod:GoodbyeJojo","dioMod:StreetSign"],"picked":"dioMod:DaggerToss","floor":2.0},{"not_picked":["dioMod:BloodSplash","dioMod:CautiousMuda"],"picked":"dioMod:Minions","floor":5.0},{"not_picked":["dioMod:VengefulMuda","dioMod:SecretPlan"],"picked":"dioMod:BloodSplash","floor":7},{"not_picked":["dioMod:BloodSplash","dioMod:BloodSuck"],"picked":"dioMod:ComposedMuda","floor":10},{"not_picked":["dioMod:BloodSuck","dioMod:Freeze"],"picked":"dioMod:DaggerSpree","floor":12},{"not_picked":["dioMod:DarkRebirth","dioMod:GoodbyeJojo"],"picked":"dioMod:Minions","floor":13},{"not_picked":["dioMod:SevenPageMuda","dioMod:TheWalk"],"picked":"dioMod:GoldVial","floor":16}],"player_experience":101834,"relics_obtained":[{"floor":7,"key":"aspiration:KMNothing"},{"floor":9,"key":"aspiration:KMNothing"},{"floor":11,"key":"aspiration:KMNothing"},{"floor":13,"key":"aspiration:KMNothing"}],"event_choices":[{"damage_healed":0.0,"max_hp_gain":0.0,"max_hp_loss":0.0,"gold_gain":75.0,"event_name":"FaceTrader","player_choice":"Touch","floor":4.0,"gold_loss":0.0,"damage_taken":17.0}],"is_beta":false,"boss_relics":[{"not_picked":["aspiration:KMNothing","aspiration:KMNothing"],"picked":"aspiration:KMNothing"}],"items_purged_floors":[],"is_endless":false,"potions_floor_spawned":[1,5,12,13,16],"ascension_level":0}}