{"host":"sad04l3m69qtnhom","time":1612449204,"event":{"mods":["AchievementEnabler","BaseMod","Colored Map","Colored Powertips","DeckTracker","Highlight Path","Minty Spire (QoL Compilation)","Permanent Neow","Quick Restart","SuperFastMode","everything is the same but u backflip on backflip"],"gold_per_floor":[111,121,196,39,52,52,77,77,131,131,142,118,118,118,118,191,191,210,260,280,299,315,315,341,391,391,391,401,411,411,461,461,461,461],"floor_reached":33,"language":"KOR","playtime":2587,"items_purged":["Strike_G"],"score":520,"play_id":"9eeb17a1-a64c-41d3-901f-f3d0bb49e6a4","local_time":"20210204233324","is_ascension_mode":true,"campfire_choices":[{"data":"Finisher","floor":6,"key":"SMITH"},{"data":"Blade Dance","floor":8,"key":"SMITH"},{"data":"Cloak And Dagger","floor":15,"key":"SMITH"},{"floor":23,"key":"REST"},{"floor":27,"key":"REST"},{"data":"Accuracy","floor":30,"key":"SMITH"},{"data":"A Thousand Cuts","floor":32,"key":"SMITH"}],"circlet_count":0,"master_deck":["AscendersBane","Strike_G","Defend_G","Defend_G","Defend_G","Defend_G","Survivor","Neutralize","Envenom+1","Die Die Die+1","Flechettes+1","Blade Dance+1","Adrenaline+1","Finisher+1","Endless Agony","Grand Finale","Cloak And Dagger+1","A Thousand Cuts+1","Blade Dance","Accuracy+1","Leg Sweep+1","Writhe"],"relics":["Astrolabe","Orichalcum","Potion Belt","SsserpentHead","Cursed Key","Juzu Bracelet","Happy Flower"],"acts_visited":["Exordium","TheCity"],"potions_floor_usage":[7,16,24,24,29,29],"damage_taken":[{"damage":0,"enemies":"Small Slimes","floor":1,"turns":3},{"damage":0,"enemies":"2 Louse","floor":2,"turns":1},{"damage":0,"enemies":"Cultist","floor":5,"turns":2},{"damage":10,"enemies":"Lagavulin","floor":7,"turns":4},{"damage":0,"enemies":"Exordium Wildlife","floor":11,"turns":2},{"damage":0,"enemies":"Slime Boss","floor":16,"turns":7},{"damage":5,"enemies":"Spheric Guardian","floor":18,"turns":3},{"damage":19,"enemies":"Shell Parasite","floor":20,"turns":4},{"damage":9,"enemies":"Snecko","floor":21,"turns":4},{"damage":12,"enemies":"Cultist and Chosen","floor":22,"turns":6},{"damage":17,"enemies":"Book of Stabbing","floor":24,"turns":4},{"damage":1,"enemies":"Shelled Parasite and Fungi","floor":28,"turns":2},{"damage":0,"enemies":"Snake Plant","floor":29,"turns":2},{"damage":46,"enemies":"Collector","floor":33,"turns":5}],"seed_played":"-6742782977001756736","potions_obtained":[{"floor":2,"key":"Poison Potion"},{"floor":7,"key":"FearPotion"},{"floor":11,"key":"Energy Potion"},{"floor":16,"key":"LiquidBronze"},{"floor":20,"key":"Dexterity Potion"},{"floor":24,"key":"Swift Potion"},{"floor":28,"key":"CunningPotion"}],"is_trial":false,"path_per_floor":["M","M","?","$","M","R","E","R","T","?","M","$","?","$","R","B",null,"M","?","M","M","M","R","E","?","T","R","M","M","R","?","R","B"],"character_chosen":"THE_SILENT","items_purchased":["Finisher","Cloak And Dagger"],"campfire_rested":2,"item_purchase_floors":[4,12],"current_hp_per_floor":[63,63,52,52,52,52,42,42,42,42,42,42,42,42,42,42,63,58,45,26,17,5,27,10,10,10,32,31,31,31,31,31,0,0],"gold":461,"neow_bonus":"BOSS_RELIC","is_daily":false,"chose_seed":false,"campfire_upgraded":5,"win_rate":0.0,"timestamp":1612449204,"path_taken":["M","M","?","$","M","R","E","R","T","?","?","$","?","$","R","BOSS","M","?","M","M","M","R","E","?","T","R","M","M","R","?","R","BOSS"],"items_purchased_type":["Card","Card"],"build_version":"2020-12-22","purchased_purges":1,"victory":false,"max_hp_per_floor":[70,70,70,70,70,70,70,70,70,70,70,70,70,70,70,70,70,70,75,75,75,75,75,75,75,75,75,75,75,75,75,75,75,75],"card_choices":[{"not_picked":["Underhanded Strike","Dagger Throw"],"picked":"Blade Dance","floor":1},{"not_picked":["Poisoned Stab","Dodge and Roll"],"picked":"Adrenaline","floor":2},{"not_picked":["Prepared","Expertise"],"picked":"Endless Agony","floor":5},{"not_picked":["Quick Slash","Venomology"],"picked":"Grand Finale","floor":7},{"not_picked":["Bouncing Flask","Quick Slash","Sucker Punch"],"picked":"SKIP","floor":11},{"not_picked":["Corpse Explosion","Grand Finale"],"picked":"A Thousand Cuts","floor":16},{"not_picked":["Quick Slash","Slice"],"picked":"Blade Dance","floor":18},{"not_picked":["Dagger Spray+1","Heel Hook","Poisoned Stab"],"picked":"SKIP","floor":20},{"not_picked":["Prepared","Backflip","Underhanded Strike"],"picked":"SKIP","floor":21},{"not_picked":["Well Laid Plans","Concentrate+1","Outmaneuver"],"picked":"SKIP","floor":22},{"not_picked":["Setup","Deadly Poison"],"picked":"Accuracy","floor":24},{"not_picked":["Acrobatics","Sucker Punch","Quick Slash+1"],"picked":"SKIP","floor":28},{"not_picked":["Heel Hook","Slice"],"picked":"Leg Sweep+1","floor":29}],"player_experience":443817,"relics_obtained":[{"floor":7,"key":"Orichalcum"},{"floor":9,"key":"Potion Belt"},{"floor":24,"key":"Juzu Bracelet"}],"event_choices":[{"damage_healed":0,"gold_gain":75,"player_choice":"Gather Gold","damage_taken":11,"max_hp_gain":0,"max_hp_loss":0,"event_name":"World of Goop","floor":3,"gold_loss":0},{"damage_healed":0,"gold_gain":0,"player_choice":"Forge","damage_taken":0,"max_hp_gain":0,"max_hp_loss":0,"event_name":"Accursed Blacksmith","floor":10,"gold_loss":0,"cards_upgraded":["Adrenaline"]},{"damage_healed":0,"gold_gain":0,"player_choice":"Trade","damage_taken":0,"relics_obtained":["SsserpentHead"],"max_hp_gain":0,"max_hp_loss":0,"event_name":"FaceTrader","floor":13,"gold_loss":0},{"damage_healed":0,"gold_gain":0,"player_choice":"Shed Blood","damage_taken":18,"max_hp_gain":5,"max_hp_loss":0,"event_name":"Forgotten Altar","floor":19,"gold_loss":0},{"cards_removed":["Strike_G"],"damage_healed":0,"gold_gain":0,"player_choice":"Elegance","damage_taken":0,"max_hp_gain":0,"max_hp_loss":0,"event_name":"Back to Basics","floor":25,"gold_loss":0},{"damage_healed":0,"gold_gain":0,"player_choice":"Opened","damage_taken":0,"relics_obtained":["Happy Flower"],"max_hp_gain":0,"max_hp_loss":0,"event_name":"The Mausoleum","floor":31,"gold_loss":0,"cards_obtained":["Writhe"]}],"is_beta":false,"boss_relics":[{"not_picked":["Empty Cage","SlaversCollar"],"picked":"Cursed Key"}],"items_purged_floors":[4],"is_endless":false,"potions_floor_spawned":[2,7,11,16,20,24,28],"killed_by":"Collector","ascension_level":13}}