{"host":"g2yp6paluzgljz05","time":1612415726,"event":{"mods":["BaseMod","Bestiary","Colored Powertips","DeckTracker","Highlight Path","Minty Spire (QoL Compilation)","Quick Restart"],"gold_per_floor":[118,118,132,132,31,31,56,56,56,56,56,56,56,56,56,182,182,206,206,222,321,321,321,355,355,355,555,555,570,570,586,586,586,586],"floor_reached":33,"language":"ENG","playtime":1509,"items_purged":["Strike_R"],"score":386,"play_id":"76f277cc-9aca-4ad4-8fc5-9a470cc52d91","local_time":"20210204161526","is_ascension_mode":true,"campfire_choices":[{"data":"Shrug It Off","floor":6,"key":"SMITH"},{"data":"True Grit","floor":8,"key":"SMITH"},{"data":"Defend_R","floor":11,"key":"SMITH"},{"data":"Defend_R","floor":13,"key":"SMITH"},{"data":"Defend_R","floor":15,"key":"SMITH"},{"data":"Whirlwind","floor":23,"key":"SMITH"},{"floor":28,"key":"REST"},{"floor":30,"key":"REST"},{"floor":32,"key":"REST"}],"circlet_count":0,"master_deck":["AscendersBane","Defend_R+1","Defend_R+1","Defend_R+1","Defend_R+1","Bash","Juggernaut+1","Shrug It Off+1","True Grit+1","Feed","Seeing Red+1","Inflame+1","Headbutt+1","Whirlwind+1","Battle Trance+1","Shrug It Off+1"],"relics":["Burning Blood","Shuriken","Eternal Feather","Golden Idol","Astrolabe","Regal Pillow","War Paint","Juzu Bracelet","Bottled Lightning"],"acts_visited":["Exordium","TheCity"],"potions_floor_usage":[7,24,31],"damage_taken":[{"damage":3,"enemies":"2 Louse","floor":1,"turns":3},{"damage":11,"enemies":"Cultist","floor":3,"turns":4},{"damage":20,"enemies":"3 Sentries","floor":7,"turns":9},{"damage":16,"enemies":"The Guardian","floor":16,"turns":15},{"damage":6,"enemies":"Spheric Guardian","floor":18,"turns":6},{"damage":19,"enemies":"Chosen","floor":20,"turns":6},{"damage":64,"enemies":"Slavers","floor":24,"turns":5},{"damage":30,"enemies":"Centurion and Healer","floor":29,"turns":8},{"damage":34,"enemies":"Snecko","floor":31,"turns":6},{"damage":89,"enemies":"Champ","floor":33,"turns":13}],"seed_played":"7485183895991887424","potions_obtained":[{"floor":1,"key":"Swift Potion"},{"floor":7,"key":"AttackPotion"},{"floor":24,"key":"BlessingOfTheForge"},{"floor":29,"key":"FearPotion"}],"is_trial":false,"path_per_floor":["M","?","M","?","$","R","E","R","T","$","R","$","R","?","R","B",null,"M","?","M","?","T","R","E","?","T","?","R","M","R","M","R","B"],"character_chosen":"IRONCLAD","items_purchased":["Shrug It Off"],"campfire_rested":3,"item_purchase_floors":[5],"current_hp_per_floor":[72,72,67,60,60,60,46,46,46,46,52,52,58,58,64,54,64,67,67,57,57,57,66,8,8,8,8,53,29,73,49,77,0,0],"gold":586,"neow_bonus":"THREE_RARE_CARDS","is_daily":false,"chose_seed":false,"campfire_upgraded":6,"win_rate":0.0,"timestamp":1612415726,"path_taken":["M","?","?","?","$","R","E","R","T","$","R","?","R","?","R","BOSS","M","?","M","?","?","R","E","?","T","?","R","M","R","M","R","BOSS"],"items_purchased_type":["Card"],"build_version":"2020-12-22","purchased_purges":1,"victory":false,"max_hp_per_floor":[72,72,72,72,72,72,72,72,72,72,72,72,72,67,67,67,67,70,70,73,73,73,73,73,73,73,73,73,73,73,77,77,77,77],"card_choices":[{"not_picked":["Limit Break","Berserk"],"picked":"Juggernaut","floor":0},{"not_picked":["Inflame","Flex","Clothesline"],"picked":"SKIP","floor":1},{"not_picked":["Feel No Pain","Wild Strike","Perfected Strike"],"picked":"SKIP","floor":3},{"not_picked":["Pommel Strike","Headbutt"],"picked":"True Grit","floor":7},{"not_picked":["Corruption","Immolate"],"picked":"Feed","floor":16},{"not_picked":["Rampage","Sword Boomerang"],"picked":"Whirlwind","floor":18},{"not_picked":["Dark Embrace","Uppercut"],"picked":"Battle Trance+1","floor":20},{"not_picked":["Clash+1","Combust","Uppercut"],"picked":"SKIP","floor":24},{"not_picked":["Searing Blow","Battle Trance"],"picked":"Shrug It Off+1","floor":29},{"not_picked":["Sword Boomerang+1","Flex","Shrug It Off"],"picked":"SKIP","floor":31}],"player_experience":322428,"relics_obtained":[{"floor":7,"key":"Shuriken"},{"floor":9,"key":"Eternal Feather"},{"floor":22,"key":"War Paint"},{"floor":24,"key":"Juzu Bracelet"},{"floor":26,"key":"Bottled Lightning"}],"event_choices":[{"damage_healed":0,"gold_gain":0,"player_choice":"Upgraded","damage_taken":0,"max_hp_gain":0,"max_hp_loss":0,"event_name":"Upgrade Shrine","floor":2,"gold_loss":0,"cards_upgraded":["Juggernaut"]},{"cards_removed":["Strike_R"],"damage_healed":0,"gold_gain":0,"player_choice":"Card Removal","damage_taken":7,"max_hp_gain":0,"max_hp_loss":0,"event_name":"Golden Wing","floor":4,"gold_loss":0},{"damage_healed":0,"gold_gain":0,"player_choice":"Lose Max HP","damage_taken":0,"relics_obtained":["Golden Idol"],"max_hp_gain":0,"max_hp_loss":5,"event_name":"Golden Idol","floor":14,"gold_loss":0},{"damage_healed":0,"gold_gain":0,"player_choice":"Opened","damage_taken":0,"relics_obtained":["Regal Pillow"],"max_hp_gain":0,"max_hp_loss":0,"event_name":"The Mausoleum","floor":19,"gold_loss":0},{"damage_healed":0,"gold_gain":99,"player_choice":"Stole From Cult","damage_taken":0,"max_hp_gain":0,"max_hp_loss":0,"event_name":"Nest","floor":21,"gold_loss":0},{"damage_healed":0,"gold_gain":0,"player_choice":"Ignored","damage_taken":0,"max_hp_gain":0,"max_hp_loss":0,"event_name":"Vampires","floor":25,"gold_loss":0},{"damage_healed":0,"gold_gain":250,"player_choice":"Bet on Owner","damage_taken":0,"max_hp_gain":0,"max_hp_loss":0,"event_name":"The Joust","floor":27,"gold_loss":50}],"is_beta":false,"boss_relics":[{"not_picked":["Calling Bell","Runic Cube"],"picked":"Astrolabe"}],"items_purged_floors":[5],"is_endless":false,"potions_floor_spawned":[1,7,24,29],"killed_by":"Champ","ascension_level":10}}