{"host":"hs5g5f0q56ds4vmn","time":1612449465,"event":{"mods":["AchievementEnabler","BaseMod","DeckTracker","Highlight Path","Minty Spire (QoL Compilation)","SuperFastMode","everything is the same but u backflip on backflip"],"gold_per_floor":[109,123,298,83,83,118,118,129,129,41,41,79,99,99,99],"floor_reached":14,"language":"KOR","playtime":588,"items_purged":["Doubt","Strike_B"],"score":185,"play_id":"edd61571-0309-4ce5-9b7b-c4d990d2b28c","local_time":"20210204233745","is_ascension_mode":true,"campfire_choices":[{"data":"Zap","floor":7,"key":"SMITH"}],"circlet_count":0,"master_deck":["AscendersBane","Strike_B","Strike_B","Strike_B","Defend_B","Defend_B","Defend_B","Defend_B","Zap+1","Dualcast","Turbo","Consume","Lockon","Electrodynamics","Defragment+1","White Noise"],"relics":["Cracked Core","NeowsBlessing","Membership Card","Kunai","Ginger","Golden Idol","Frozen Egg 2"],"acts_visited":["Exordium"],"potions_floor_usage":[12,14],"damage_taken":[{"damage":0.0,"enemies":"Small Slimes","floor":1.0,"turns":1.0},{"damage":0.0,"enemies":"Jaw Worm","floor":2.0,"turns":1.0},{"damage":0,"enemies":"Lagavulin","floor":6,"turns":1},{"damage":0,"enemies":"Cultist","floor":8,"turns":3},{"damage":16,"enemies":"Gremlin Nob","floor":12,"turns":3},{"damage":14,"enemies":"Exordium Wildlife","floor":13,"turns":4},{"damage":20,"enemies":"3 Sentries","floor":14,"turns":2}],"seed_played":"-7264010622124185433","potions_obtained":[{"floor":6,"key":"FocusPotion"},{"floor":8,"key":"Ancient Potion"}],"is_trial":false,"path_per_floor":["M","M","?","$","?","E","R","M","T","$","?","E","M","E"],"character_chosen":"DEFECT","items_purchased":["Membership Card","Lockon","Electrodynamics"],"campfire_rested":0,"item_purchase_floors":[4,4,10],"current_hp_per_floor":[68,68,68,68,68,68,68,68,68,68,50,34,20,0,0],"gold":99,"neow_bonus":"THREE_ENEMY_KILL","is_daily":false,"chose_seed":false,"campfire_upgraded":1,"win_rate":0.0,"timestamp":1612449465,"path_taken":["M","M","?","$","?","E","R","M","T","$","?","E","M","E"],"items_purchased_type":["Relic","Card","Card"],"build_version":"2020-12-22","purchased_purges":2,"victory":false,"max_hp_per_floor":[75,75,75,75,75,75,75,75,75,75,75,75,75,75,75],"card_choices":[{"not_picked":["Streamline","Steam"],"picked":"Turbo","floor":1.0},{"not_picked":["Sweeping Beam","Auto Shields"],"picked":"Consume","floor":2.0},{"not_picked":["Steam","Buffer","Rebound"],"picked":"SKIP","floor":6},{"not_picked":["Gash","Sweeping Beam","Stack"],"picked":"SKIP","floor":8},{"not_picked":["Self Repair+1","Force Field"],"picked":"Defragment+1","floor":12},{"not_picked":["Turbo","Cold Snap"],"picked":"White Noise","floor":13}],"player_experience":576103,"relics_obtained":[{"floor":6,"key":"Kunai"},{"floor":9,"key":"Ginger"},{"floor":12,"key":"Frozen Egg 2"}],"event_choices":[{"damage_healed":0.0,"max_hp_gain":0.0,"max_hp_loss":0.0,"gold_gain":175.0,"event_name":"Liars Game","player_choice":"AGREE","floor":3.0,"gold_loss":0.0,"damage_taken":0.0,"cards_obtained":["Doubt"]},{"damage_healed":0,"gold_gain":0,"player_choice":"Fled","damage_taken":0,"max_hp_gain":0,"max_hp_loss":0,"event_name":"Scrap Ooze","floor":5,"gold_loss":0},{"damage_healed":0,"gold_gain":0,"player_choice":"Take Damage","damage_taken":18,"relics_obtained":["Golden Idol"],"max_hp_gain":0,"max_hp_loss":0,"event_name":"Golden Idol","floor":11,"gold_loss":0}],"is_beta":false,"boss_relics":[],"items_purged_floors":[4,10],"is_endless":false,"potions_floor_spawned":[6,8],"killed_by":"3 Sentries","ascension_level":10}}