{"host":"6a9c3xws62y7efyw","time":1612400795,"event":{"mods":["BaseMod","Colored Map","Minty Spire (QoL Compilation)","Relic Stats","StSLib"],"gold_per_floor":[362,167,317,332,11,45,45,45,45],"floor_reached":8,"language":"ENG","playtime":508,"items_purged":[],"score":108,"play_id":"dd564a95-8978-47cc-a734-eb93856fdd32","local_time":"20210203170635","is_ascension_mode":true,"campfire_choices":[{"floor":7,"key":"REST"}],"circlet_count":0,"master_deck":["AscendersBane","Strike_G","Strike_G","Strike_G","Strike_G","Strike_G","Defend_G","Defend_G","Defend_G","Defend_G","Defend_G","Survivor","Neutralize","Riddle With Holes","Footwork","Predator","Dagger Spray","Doubt","Quick Slash","Wraith Form v2","Backflip"],"relics":["Ring of the Snake","ClockworkSouvenir","Blue Candle"],"acts_visited":["Exordium"],"potions_floor_usage":[6],"damage_taken":[{"damage":0.0,"enemies":"2 Louse","floor":1.0,"turns":4.0},{"damage":5,"enemies":"Small Slimes","floor":4,"turns":3},{"damage":28,"enemies":"3 Sentries","floor":6,"turns":10},{"damage":34,"enemies":"Lagavulin","floor":8,"turns":5}],"seed_played":"6793716552946992476","potions_obtained":[{"floor":4,"key":"GhostInAJar"}],"is_trial":false,"path_per_floor":["M","$","?","M","$","E","R","E"],"character_chosen":"THE_SILENT","items_purchased":["Footwork","Predator","Dagger Spray","ClockworkSouvenir","Wraith Form v2"],"campfire_rested":1,"item_purchase_floors":[2,2,2,5,5],"current_hp_per_floor":[44,44,44,39,39,11,30,0,0],"gold":45,"neow_bonus":"TWO_FIFTY_GOLD","is_daily":false,"chose_seed":false,"campfire_upgraded":0,"win_rate":0.0,"timestamp":1612400795,"path_taken":["M","$","?","M","$","E","R","E"],"items_purchased_type":["Card","Card","Card","Relic","Card"],"build_version":"2020-12-22","purchased_purges":0,"victory":false,"max_hp_per_floor":[66,66,66,66,66,66,66,66,66],"relic_stats":{"counters":[4,22],"Blue Candle":[1],"obtain_stats":[{"Blue Candle":6,"Ring of the Snake":0,"ClockworkSouvenir":5},{"Blue Candle":3,"Ring of the Snake":0,"ClockworkSouvenir":2},{"Blue Candle":17,"Ring of the Snake":0,"ClockworkSouvenir":7}],"Ring of the Snake":[8]},"card_choices":[{"not_picked":["Cloak And Dagger","Prepared"],"picked":"Riddle With Holes","floor":1.0},{"not_picked":["Prepared","Dagger Spray"],"picked":"Quick Slash","floor":4},{"not_picked":["Riddle With Holes","Escape Plan"],"picked":"Backflip","floor":6}],"player_experience":1472687,"relics_obtained":[{"floor":6,"key":"Blue Candle"}],"event_choices":[{"damage_healed":0,"gold_gain":150,"player_choice":"AGREE","damage_taken":0,"max_hp_gain":0,"max_hp_loss":0,"event_name":"Liars Game","floor":3,"gold_loss":0,"cards_obtained":["Doubt"]}],"is_beta":false,"boss_relics":[],"items_purged_floors":[],"is_endless":false,"potions_floor_spawned":[4],"killed_by":"Lagavulin","ascension_level":20}}