{"host":"0lnbgkridwifzojt","time":1612407874,"event":{"mods":["BaseMod","Minty Spire (QoL Compilation)","StSLib","The Bug Knight"],"gold_per_floor":[110,110,124,140,151,185,206,94,121,160,60,87,130,130,130,243,293,319,319,347,68,89,89,125,224,224,224,134,134,145,170,170,170,170],"floor_reached":33,"language":"ENG","playtime":3839,"items_purged":["HollowMod:NailStrikeStart","HollowMod:QuickDashStart","HollowMod:QuickDashStart"],"score":287,"play_id":"49bbd23d-d81d-439d-8a86-6aed64f6c346","local_time":"20210203190434","is_ascension_mode":false,"campfire_choices":[{"floor":15.0,"key":"REST"},{"data":"HollowMod:NewGlowingWomb","floor":23.0,"key":"SMITH"},{"floor":27.0,"key":"REST"},{"data":"HollowMod:SoulStrike","floor":29.0,"key":"SMITH"},{"floor":32,"key":"REST"}],"circlet_count":0,"master_deck":["HollowMod:NailStrikeStart","HollowMod:QuickDashStart","HollowMod:QuickDashStart","HollowMod:FocusHealStart","HollowMod:PogoStrike","HollowMod:ChannelNail","HollowMod:InfectedAttack+1","HollowMod:MothsMistake","HollowMod:NewJinnsSoul","HollowMod:ChannelNail","HollowMod:NewGlowingWomb+1","HollowMod:SoulStrike+1","HollowMod:DashSlash","HollowMod:InfectedCysts","HollowMod:DoubleDash","HollowMod:ZotesMagnificence","HollowMod:CornifersMapStart+1","HollowMod:DoubleDash+1","HollowMod:SoulVessel+1","HollowMod:DoubleDash","HollowMod:BrokenVessel"],"relics":["HollowMod:VesselMask","Oddly Smooth Stone","CeramicFish","Lantern","Akabeko","Nunchaku","Tiny House","Pen Nib","White Beast Statue","Ornamental Fan"],"acts_visited":["Exordium","TheCity"],"potions_floor_usage":[33],"damage_taken":[{"damage":0.0,"enemies":"Cultist","floor":1.0,"turns":3.0},{"damage":0.0,"enemies":"2 Louse","floor":3.0,"turns":2.0},{"damage":8.0,"enemies":"Jaw Worm","floor":4.0,"turns":3.0},{"damage":15.0,"enemies":"Looter","floor":5.0,"turns":4.0},{"damage":21.0,"enemies":"HollowMod:MossKnight","floor":6.0,"turns":8.0},{"damage":12.0,"enemies":"Gremlin Gang","floor":7.0,"turns":4.0},{"damage":46.0,"enemies":"Gremlin Nob","floor":10.0,"turns":4.0},{"damage":0.0,"enemies":"3 Louse","floor":12.0,"turns":3.0},{"damage":24.0,"enemies":"Lagavulin","floor":13.0,"turns":7.0},{"damage":24.0,"enemies":"HollowMod:FalseKnight","floor":16.0,"turns":10.0},{"damage":5.0,"enemies":"2 Thieves","floor":18.0,"turns":3.0},{"damage":4.0,"enemies":"Shell Parasite","floor":20.0,"turns":4.0},{"damage":12.0,"enemies":"Centurion and Healer","floor":22.0,"turns":5.0},{"damage":90.0,"enemies":"Book of Stabbing","floor":24.0,"turns":8.0},{"damage":11.0,"enemies":"Snake Plant","floor":30.0,"turns":6.0},{"damage":0.0,"enemies":"Chosen and Byrds","floor":31.0,"turns":4.0},{"damage":78,"enemies":"Collector","floor":33,"turns":10}],"seed_played":"7704417805865145033","potions_obtained":[{"floor":4.0,"key":"SkillPotion"},{"floor":5.0,"key":"ColorlessPotion"},{"floor":7.0,"key":"LiquidBronze"},{"floor":10.0,"key":"FairyPotion"},{"floor":12.0,"key":"Fruit Juice"},{"floor":16.0,"key":"SpeedPotion"},{"floor":17.0,"key":"Weak Potion"},{"floor":20.0,"key":"Fire Potion"},{"floor":24.0,"key":"SkillPotion"},{"floor":30.0,"key":"DistilledChaos"},{"floor":31.0,"key":"Weak Potion"}],"is_trial":false,"path_per_floor":["M","?","M","M","M","E","M","$","T","E","$","M","E","?","R","B",null,"M","?","M","$","M","R","E","?","T","R","?","R","M","M","R","B"],"character_chosen":"THE_BUGKNIGHT","items_purchased":["HollowMod:SoulStrike","Pen Nib"],"campfire_rested":3,"item_purchase_floors":[8,21],"current_hp_per_floor":[75,75,75,72,67,73,67,67,67,21,21,26,8,8,32,8,85,80,80,76,76,70,70,13,13,13,38,38,38,33,39,64,0,0],"gold":170,"neow_bonus":"RANDOM_COMMON_RELIC","is_daily":false,"chose_seed":false,"campfire_upgraded":2,"win_rate":0.0,"timestamp":1612407874,"path_taken":["M","?","M","?","M","E","M","$","T","E","?","M","E","?","R","BOSS","M","?","M","$","M","R","E","?","T","R","?","R","M","M","R","BOSS"],"items_purchased_type":["Card","Relic"],"build_version":"2020-12-22","purchased_purges":3,"victory":false,"max_hp_per_floor":[75,75,75,75,75,75,75,75,75,75,75,80,80,80,80,80,85,85,85,85,85,85,85,85,85,85,85,85,85,85,85,85,85,85],"card_choices":[{"not_picked":["HollowMod:NewLittleFool","HollowMod:VengefulSpirit"],"picked":"HollowMod:ChannelNail","floor":1.0},{"not_picked":["HollowMod:HowlingWraiths","HollowMod:DashSlash"],"picked":"HollowMod:InfectedAttack","floor":3.0},{"not_picked":["HollowMod:DashSlash","HollowMod:GoodIntentions"],"picked":"HollowMod:MothsMistake","floor":4.0},{"not_picked":["HollowMod:BlackTendrils","HollowMod:LifebloodCocoon"],"picked":"HollowMod:NewJinnsSoul","floor":5.0},{"not_picked":["HollowMod:BlackTendrils","HollowMod:ElderbugsWisdom"],"picked":"HollowMod:ChannelNail","floor":6.0},{"not_picked":["HollowMod:InfectedAttack","HollowMod:NewLittleFool"],"picked":"HollowMod:NewGlowingWomb","floor":7.0},{"not_picked":["HollowMod:WraithStrike","HollowMod:MonarchWings"],"picked":"HollowMod:DashSlash","floor":10.0},{"not_picked":["HollowMod:HuntersJournal","HollowMod:CycloneSlash"],"picked":"HollowMod:InfectedCysts","floor":12.0},{"not_picked":["HollowMod:DescendingDark","HollowMod:HowlingWraiths"],"picked":"HollowMod:DoubleDash","floor":13.0},{"not_picked":["HollowMod:HerrahsAnger","HollowMod:theNailsmith"],"picked":"HollowMod:ZotesMagnificence","floor":16.0},{"not_picked":["HollowMod:SiblingsShadow","HollowMod:VengefulVoid"],"picked":"HollowMod:CornifersMapStart+1","floor":18.0},{"not_picked":["HollowMod:LifebloodCocoon","HollowMod:CornifersMapStart"],"picked":"HollowMod:DoubleDash","floor":20.0},{"not_picked":["HollowMod:CornifersMapStart+1","HollowMod:LifebloodCocoon"],"picked":"HollowMod:SoulVessel+1","floor":22.0},{"not_picked":["HollowMod:MothsMistake+1","HollowMod:SiblingsSouls"],"picked":"HollowMod:DoubleDash","floor":24.0},{"not_picked":["HollowMod:CornifersMapStart","HollowMod:LifebloodCocoon","HollowMod:SiblingsSouls"],"picked":"SKIP","floor":30.0},{"not_picked":["HollowMod:HuntersJournal","HollowMod:DashSlash+1"],"picked":"HollowMod:BrokenVessel","floor":31.0}],"player_experience":337095,"relics_obtained":[{"floor":6.0,"key":"CeramicFish"},{"floor":9.0,"key":"Lantern"},{"floor":10.0,"key":"Akabeko"},{"floor":13.0,"key":"Nunchaku"},{"floor":24.0,"key":"White Beast Statue"},{"floor":26.0,"key":"Ornamental Fan"}],"event_choices":[{"damage_healed":0.0,"max_hp_gain":0.0,"max_hp_loss":0.0,"gold_gain":0.0,"event_name":"NoteForYourself","player_choice":"Ignored","floor":2.0,"gold_loss":0.0,"damage_taken":0.0},{"damage_healed":0.0,"max_hp_gain":0.0,"max_hp_loss":0.0,"gold_gain":99.0,"event_name":"Nest","player_choice":"Stole From Cult","floor":25.0,"gold_loss":0.0,"damage_taken":0.0},{"cards_removed":["HollowMod:NailStrikeStart"],"damage_healed":0.0,"max_hp_gain":0.0,"max_hp_loss":0.0,"gold_gain":0.0,"event_name":"Designer","player_choice":"Upgrade and Remove","floor":28.0,"gold_loss":90.0,"damage_taken":0.0,"cards_upgraded":["HollowMod:DoubleDash"]}],"is_beta":false,"boss_relics":[{"not_picked":["SacredBark","Velvet Choker"],"picked":"Tiny House"}],"items_purged_floors":[8,11,21],"is_endless":false,"potions_floor_spawned":[4,5,7,10,12,16,20,24,30,31],"killed_by":"Collector","ascension_level":0}}