{"host":"iy54rgx5egu9t31x","time":1612439566,"event":{"mods":["2.2 Compatiblity","Act Like it!","Always Whale","BaseMod","Downfall","Gensokyo","Koishi","Marisa£®ÏF”Í°°ƒß¿Ì…≥£©","Minty Spire (QoL Compilation)","Quick Restart","StSLib","SuperFastMode"],"gold_per_floor":[99,117,131,146,131,151,151,38,54,54,0,33,264,307,333,442,454,266,295,319,331,223,245,257,24,74,86,412,424,336,348,374,490,502,514,540,867,879,906,947,959,991,854,864,881,338,338,338,351,351,351,377,40,40,40,40],"floor_reached":57,"language":"ZHS","playtime":2646,"items_purged":[],"score":1510,"play_id":"d0f490ac-7c62-43ed-98b0-8dc47fa01cb2","local_time":"20210204195246","is_ascension_mode":true,"campfire_choices":[{"floor":1.0,"key":"RECALL"},{"data":"hexamod:TimeWarp","floor":18.0,"key":"SMITH"},{"data":"hexamod:VolcanoVisage","floor":27,"key":"SMITH"},{"data":"hexamod:ApocalypseNow","floor":30,"key":"SMITH"},{"data":"hexamod:HexaLevel","floor":35,"key":"SMITH"},{"data":"1","floor":47,"key":"LIFT"},{"data":"2","floor":54,"key":"LIFT"}],"circlet_count":0,"master_deck":["hexamod:Strike+1","hexamod:Strike+1","hexamod:Strike+1","hexamod:Strike+1","hexamod:Defend+1","hexamod:Defend+1","hexamod:Defend+1","hexamod:Defend+1","hexamod:Sear+1","hexamod:Float+1","hexamod:AdvancingGuard+1","hexamod:Hexaguard+1","hexamod:StepThrough+1","hexamod:ThermalTransfer+1","hexamod:SwordOfDarkness+1","hexamod:GiftsFromTheDead+1","hexamod:HeatCrush+1","hexamod:Haunt+1","hexamod:HauntingEcho+1","hexamod:SixthSeal","hexamod:TimeWarp+1","hexamod:VolcanoVisage+1","hexamod:FlamesFromBeyond+1","hexamod:SpectralSpark+1","Gensokyo:AllTheWorldsEvil","hexamod:RainOfEmbers+1","hexamod:SixthSeal","hexamod:AdvancingGuard+1","hexamod:ApocalypseNow+1","hexamod:NightmareGuise+1","hexamod:SkipABeat+1","hexamod:HexaLevel+1","hexamod:HeatMetal+1","hexamod:GhostOfSpireFuture+1","hexamod:GhostLash+1","hexamod:RadiantFlame+1","hexamod:ShieldOfDarkness+1","expansioncontent:StudyTheSpire+1","Impatience+1","hexamod:TurnItUp+1","hexamod:EmpoweredFlame+1","Gensokyo:TarnishedGold","Gensokyo:HAARP+1","hexamod:FourthSeal","hexamod:RainOfEmbers+1","hexamod:SpectralAdrenaline+1","hexamod:EtherealExpedition+1","Mayhem+1"],"relics":["hexamod:SpiritBrand","Incense Burner","Shuriken","Gensokyo:YoukaiFlower","MawBank","Du-Vu Doll","hexamod:SoulConsumer","Runic Dome","downfall:HeartBlessingGreen","downfall:HeartBlessingRed","Gensokyo:MaskOfHope","Chemical X","hexamod:TheBrokenSeal","Ornamental Fan","hexamod:MatchstickCase","downfall:HeartBlessingBlue","HornCleat","SlaversCollar","Old Coin","Girya","Mummified Hand","Membership Card","Calipers","Sling","PreservedInsect","Bottled Lightning","Bottled Flame","hexamod:InflammatoryLetter"],"acts_visited":["Gensokyo:Gensokyo","Gensokyo:Gensokyoer","Gensokyo:Gensokyoest","TheEnding"],"potions_floor_usage":[23,26,26,28,33,43,50,50,55],"damage_taken":[{"damage":2.0,"enemies":"Gensokyo:2_Kodama","floor":2.0,"turns":4.0},{"damage":0.0,"enemies":"Gensokyo:Python","floor":3.0,"turns":3.0},{"damage":3.0,"enemies":"Gensokyo:Gryphon","floor":4.0,"turns":3.0},{"damage":0.0,"enemies":"downfall:FleeingMerchant","floor":5.0,"turns":4.0},{"damage":0.0,"enemies":"Gensokyo:CorruptedTreant","floor":6.0,"turns":3.0},{"damage":7.0,"enemies":"Gensokyo:3_Kodama","floor":9.0,"turns":5.0},{"damage":8.0,"enemies":"Gensokyo:Cirno","floor":12.0,"turns":7.0},{"damage":5.0,"enemies":"Gensokyo:VengefulSpirit","floor":13.0,"turns":5.0},{"damage":12.0,"enemies":"Gensokyo:Aya","floor":14.0,"turns":6.0},{"damage":0.0,"enemies":"Gensokyo:LivingMonolith","floor":15.0,"turns":3.0},{"damage":37.0,"enemies":"DF_ARCHETYPE_STREAMLINE","floor":16.0,"turns":8.0},{"damage":0,"enemies":"Gensokyo:2_Gloops","floor":19,"turns":4},{"damage":22,"enemies":"Gensokyo:3_Dogs","floor":20,"turns":5},{"damage":39,"enemies":"Gensokyo:Slime_Group","floor":23,"turns":6},{"damage":7,"enemies":"Gensokyo:Reisen","floor":26,"turns":7},{"damage":0,"enemies":"Gensokyo:Swordslinger","floor":28,"turns":2},{"damage":1,"enemies":"Gensokyo:Monolith_and_Dog","floor":32,"turns":3},{"damage":9,"enemies":"IC_MUSHROOM_ARCHETYPE","floor":33,"turns":4},{"damage":0,"enemies":"Gensokyo:AncientGuardian","floor":36,"turns":4},{"damage":3,"enemies":"Gensokyo:3_Boulders","floor":37,"turns":4},{"damage":5,"enemies":"Gensokyo:4_Bats","floor":39,"turns":3},{"damage":0,"enemies":"Gensokyo:Doremy","floor":40,"turns":3},{"damage":0,"enemies":"Gensokyo:SeedOfUnknown","floor":42,"turns":3},{"damage":0,"enemies":"downfall:FleeingMerchant","floor":43,"turns":3},{"damage":0,"enemies":"Gensokyo:AtlasGolem","floor":44,"turns":3},{"damage":0,"enemies":"Gensokyo:Sharpion","floor":45,"turns":2},{"damage":0,"enemies":"Gensokyo:Dusk_and_Dawn","floor":49,"turns":3},{"damage":20,"enemies":"SI_POISON_ARCHETYPE","floor":50,"turns":6},{"damage":1,"enemies":"downfall:CharBossMerchant","floor":52,"turns":6},{"damage":4,"enemies":"downfall:NeowBoss","floor":55,"turns":9},{"damage":27,"enemies":"downfall:NeowBossFinal","floor":56,"turns":8}],"seed_played":"6196894696182593898","potions_obtained":[{"floor":6.0,"key":"SmokeBomb"},{"floor":9.0,"key":"bronze:BurnAndBuffPotion"},{"floor":12.0,"key":"LiquidBronze"},{"floor":13.0,"key":"SpeedPotion"},{"floor":14.0,"key":"DuplicationPotion"},{"floor":16.0,"key":"champ:CounterPotion"},{"floor":20,"key":"DuplicationPotion"},{"floor":23,"key":"LiquidMemories"},{"floor":26,"key":"hexamod:EctoCoolerPotion"},{"floor":26,"key":"Fire Potion"},{"floor":37,"key":"FairyPotion"},{"floor":42,"key":"Swift Potion"},{"floor":49,"key":"LiquidBronze"},{"floor":52,"key":"Explosive Potion"},{"floor":52,"key":"LiquidBronze"}],"is_trial":false,"path_per_floor":["R","M","M","M","$","M","T","COS","M","?","?","E","M","E","M","B",null,"R","M","M","?","?","M","T","COS","E","R","M","T","R","?","M","B",null,"R","M","M","?","M","E","T","M","$","M","M","COS","R","?","M","B",null,"E","$","R","B","B",null],"character_chosen":"THE_SPIRIT","items_purchased":["Membership Card","expansioncontent:StudyTheSpire","Calipers","Impatience","Strength Potion","Bottled Lightning","Bottled Flame","Mayhem"],"campfire_rested":0,"item_purchase_floors":[43,43,43,43,43,53,53,53],"current_hp_per_floor":[49,47,47,44,44,44,44,44,37,37,64,56,51,39,46,13,70,70,70,59,59,59,27,27,27,80,80,80,80,90,83,82,77,83,83,83,83,83,82,82,82,82,83,83,83,83,83,83,83,67,83,83,83,83,83,60],"gold":40,"neow_bonus":"ONE_RARE_RELIC","is_daily":false,"chose_seed":false,"campfire_upgraded":4,"win_rate":0.0,"timestamp":1612439566,"path_taken":["R","M","M","M","$","?","T","COS","M","?","?","E","M","E","M","BOSS","R","M","M","?","?","M","T","COS","E","R","M","?","R","?","M","BOSS","R","M","M","?","M","E","T","M","$","M","M","COS","R","?","M","BOSS","E","$","R","BOSS","BOSS"],"items_purchased_type":["Relic","Card","Relic","Card","Potion","Relic","Relic","Card"],"build_version":"2020-12-22","purchased_purges":0,"victory":true,"max_hp_per_floor":[70,70,70,70,70,70,70,70,70,70,70,70,70,70,70,70,70,70,70,70,70,70,70,70,70,80,80,80,80,90,83,83,83,83,83,83,83,83,83,83,83,83,83,83,83,83,83,83,83,83,83,83,83,83,83,83],"card_choices":[{"not_picked":["hexamod:FastForward","hexamod:Firestarter"],"picked":"hexamod:AdvancingGuard","floor":2.0},{"not_picked":["hexamod:Haunt","hexamod:ThermalTransfer"],"picked":"hexamod:Hexaguard","floor":3.0},{"not_picked":["hexamod:FastForward","hexamod:ShieldOfDarkness"],"picked":"hexamod:StepThrough","floor":4.0},{"not_picked":["hexamod:GhostShield","hexamod:StepThrough"],"picked":"hexamod:ThermalTransfer","floor":5.0},{"not_picked":["hexamod:RecurringNightmare","hexamod:GhostOfSpireFuture"],"picked":"hexamod:SwordOfDarkness","floor":6.0},{"not_picked":["hexamod:EmpoweredFlame+1","hexamod:SpectersWail+1"],"picked":"hexamod:GiftsFromTheDead+1","floor":9.0},{"not_picked":["hexamod:Firestarter","hexamod:ChargedBarrage"],"picked":"hexamod:NightmareStrike","floor":9.0},{"not_picked":["hexamod:FastForward","hexamod:SuperheatedStrike"],"picked":"hexamod:FifthSeal","floor":12.0},{"not_picked":["hexamod:FourthSeal","hexamod:SecondSeal"],"picked":"hexamod:SixthSeal","floor":13.0},{"not_picked":["hexamod:CatchUp","hexamod:FastForward"],"picked":"hexamod:HeatCrush","floor":13.0},{"not_picked":["hexamod:FourthSeal","hexamod:ThirdSeal"],"picked":"hexamod:FirstSeal","floor":14.0},{"not_picked":["hexamod:GhostLash","hexamod:PhantomCloak"],"picked":"hexamod:Haunt","floor":14.0},{"not_picked":["hexamod:FirstSeal","hexamod:SixthSeal"],"picked":"hexamod:ThirdSeal","floor":15.0},{"not_picked":["hexamod:SecondSeal","hexamod:AdvancingGuard"],"picked":"hexamod:HauntingEcho","floor":15.0},{"not_picked":["hexamod:FirstSeal","hexamod:SecondSeal"],"picked":"hexamod:SixthSeal","floor":16.0},{"not_picked":["hexamod:TurnItUp","hexamod:FifthSeal"],"picked":"hexamod:TimeWarp","floor":16.0},{"not_picked":["hexamod:UnlimitedPower","hexamod:HexaLevel"],"picked":"hexamod:VolcanoVisage","floor":16.0},{"not_picked":["hexamod:BacktrackSmack+1","hexamod:SecondSeal"],"picked":"hexamod:FourthSeal","floor":19},{"not_picked":["hexamod:GhostLash","hexamod:BurningTouch"],"picked":"hexamod:FlamesFromBeyond+1","floor":20},{"not_picked":["hexamod:ThirdSeal","hexamod:FourthSeal"],"picked":"hexamod:SixthSeal","floor":20},{"not_picked":["hexamod:SpectersWail","hexamod:NightmareStrike"],"picked":"hexamod:SpectralSpark+1","floor":20},{"not_picked":["hexamod:SpectersWail","hexamod:GhostLash"],"picked":"hexamod:RainOfEmbers+1","floor":23},{"not_picked":["hexamod:SixthSeal","hexamod:ThirdSeal"],"picked":"hexamod:SecondSeal","floor":23},{"not_picked":["hexamod:FourthSeal","hexamod:SecondSeal"],"picked":"hexamod:SixthSeal","floor":23},{"not_picked":["hexamod:ShieldOfDarkness","hexamod:BurningTouch"],"picked":"hexamod:AdvancingGuard+1","floor":23},{"not_picked":["hexamod:SecondSeal","hexamod:FlameSwitch"],"picked":"hexamod:ApocalypseNow","floor":26},{"not_picked":["hexamod:EtherealExpedition","hexamod:NightmareStrike"],"picked":"hexamod:NightmareGuise+1","floor":28},{"not_picked":["hexamod:Firestarter","hexamod:HeatMetal"],"picked":"hexamod:SkipABeat","floor":32},{"not_picked":["hexamod:GiftsFromTheDead","hexamod:FifthSeal"],"picked":"hexamod:HexaLevel","floor":33},{"not_picked":["hexamod:NightmareGuise","hexamod:ThermalTransfer+1"],"picked":"hexamod:HeatMetal+1","floor":36},{"not_picked":["hexamod:HauntingEcho+1","hexamod:GhostOfSpirePast"],"picked":"hexamod:GhostOfSpireFuture+1","floor":37},{"not_picked":["hexamod:PowerFromBeyond","hexamod:Firestarter+1"],"picked":"hexamod:GhostLash+1","floor":39},{"not_picked":["hexamod:ThermalTransfer","hexamod:Again+1"],"picked":"hexamod:RadiantFlame+1","floor":40},{"not_picked":["hexamod:HeatShield","hexamod:HeatMetal+1"],"picked":"hexamod:ShieldOfDarkness+1","floor":42},{"not_picked":["hexamod:AdvancingGuard","hexamod:GhostLash","hexamod:ThermalTransfer"],"picked":"SKIP","floor":43},{"not_picked":["hexamod:BurningTouch+1","hexamod:NightmareGuise"],"picked":"hexamod:TurnItUp","floor":44},{"not_picked":["hexamod:SuperheatedStrike","hexamod:BurningTouch"],"picked":"hexamod:EmpoweredFlame+1","floor":45},{"not_picked":["hexamod:PowerFromBeyond+1","hexamod:SpectersWail+1"],"picked":"hexamod:RainOfEmbers+1","floor":49},{"not_picked":["hexamod:BurningTouch","hexamod:FlamesFromBeyond"],"picked":"hexamod:SpectralAdrenaline","floor":49},{"not_picked":["hexamod:Haunt","hexamod:SoulSteal"],"picked":"hexamod:EtherealExpedition","floor":52}],"player_experience":1135628,"relics_obtained":[{"floor":7.0,"key":"Shuriken"},{"floor":12.0,"key":"Du-Vu Doll"},{"floor":14.0,"key":"hexamod:SoulConsumer"},{"floor":26,"key":"Ornamental Fan"},{"floor":29,"key":"hexamod:MatchstickCase"},{"floor":40,"key":"Girya"},{"floor":41,"key":"Mummified Hand"},{"floor":52,"key":"PreservedInsect"}],"event_choices":[],"is_beta":false,"boss_relics":[{"not_picked":["Busted Crown","Pandora\u0027s Box"],"picked":"Runic Dome"},{"not_picked":["Runic Pyramid","Fusion Hammer"],"picked":"SlaversCollar"}],"items_purged_floors":[],"is_endless":false,"potions_floor_spawned":[6,9,12,13,14,16,23,26,37,42,44,49,52],"ascension_level":2}}