{"host":"4amcrcg6ktw8dbzk","time":1612408444,"event":{"mods":["ATMod(°¢èªMod)","BaseMod","Dota2Spire","Downfall","Minty Spire (QoL Compilation)","MostiFishMod","Spicy Shops","StSLib","Waifu the Spire","¡¾ÒÅÎï¿¨ÅÆ¡¿REMEMod"],"gold_per_floor":[99,118,132,150,150,163,163,23,53,64,75,75,175,187,201,302,302,202,220,220,220,220],"floor_reached":20,"language":"ZHS","playtime":1580,"items_purged":["Guardian:Strike_Guardian"],"score":264,"play_id":"edf384bf-492a-4f32-8dc6-71d31f945633","local_time":"20210204111404","is_ascension_mode":true,"campfire_choices":[{"floor":1.0,"key":"RECALL"},{"data":"Guardian:RefractedBeam","floor":12,"key":"SMITH"},{"data":"Guardian:BodySlam","floor":18,"key":"SMITH"}],"circlet_count":0,"master_deck":["Guardian:Strike_Guardian","Guardian:Strike_Guardian","Guardian:Strike_Guardian","Guardian:Defend_Guardian","Guardian:Defend_Guardian","Guardian:Defend_Guardian","Guardian:Defend_Guardian","Guardian:CurlUp","Guardian:TwinSlam","AT_ShrugMaster","MostiFishMod:Chiaki","Guardian:ShieldSpikes","Guardian:DonusPower","Guardian:Gem_Purple","Guardian:BronzeOrb","Guardian:RefractedBeam+1","Guardian:Recover","Guardian:TemporalShield","Guardian:ChargeCore","Guardian:BodySlam+1","Guardian:ShieldCharger"],"relics":["Guardian:ModeShifter","DaveBox","REME_ComplimentaryCards","AT_ATBox","ChiXiaoBlade","Guardian:PickAxe","Mummified Hand","Mango","Toy Ornithopter","RhineSuit","downfall:HeartBlessingRed"],"acts_visited":["Exordium","TheCity"],"potions_floor_usage":[13],"damage_taken":[{"damage":6.0,"enemies":"Jaw Worm","floor":2.0,"turns":4.0},{"damage":8.0,"enemies":"2 Louse","floor":3.0,"turns":3.0},{"damage":2.0,"enemies":"Cultist","floor":4.0,"turns":5.0},{"damage":17.0,"enemies":"Cultist","floor":5.0,"turns":8.0},{"damage":12.0,"enemies":"Large Slime","floor":6.0,"turns":12.0},{"damage":0.0,"enemies":"downfall:FleeingMerchant","floor":8.0,"turns":4.0},{"damage":5.0,"enemies":"Lagavulin","floor":9.0,"turns":10.0},{"damage":4.0,"enemies":"Exordium Wildlife","floor":10.0,"turns":5.0},{"damage":3.0,"enemies":"Lots of Slimes","floor":11.0,"turns":6.0},{"damage":24,"enemies":"downfall:LadyInBlue","floor":13,"turns":18},{"damage":0,"enemies":"2 Fungi Beasts","floor":14,"turns":3},{"damage":20,"enemies":"Exordium Thugs","floor":15,"turns":4},{"damage":0,"enemies":"SI_SHIV_ARCHETYPE","floor":16,"turns":6},{"damage":0,"enemies":"Spheric Guardian","floor":19,"turns":2},{"damage":0,"enemies":"3 Byrds","floor":20,"turns":1}],"seed_played":"-7821158651800291369","potions_obtained":[{"floor":2.0,"key":"Fruit Juice"},{"floor":9.0,"key":"DistilledChaos"},{"floor":10.0,"key":"Ancient Potion"},{"floor":11.0,"key":"Fire Potion"},{"floor":13,"key":"EntropicBrew"}],"is_trial":false,"path_per_floor":["R","M","M","M","?","M","T","$","E","M","M","R","?","M","M","B",null,"R","M","M"],"character_chosen":"GUARDIAN","items_purchased":["Guardian:Recover"],"campfire_rested":0,"item_purchase_floors":[8],"current_hp_per_floor":[88,87,79,77,60,48,48,48,57,53,50,50,26,26,6,6,107,107,107,107,107,107],"gold":220,"neow_bonus":"TEN_PERCENT_HP_BONUS","is_daily":false,"chose_seed":false,"campfire_upgraded":2,"win_rate":0.0,"timestamp":1612408444,"path_taken":["R","M","M","M","?","M","T","$","E","M","M","R","?","M","M","BOSS","R","M","?"],"items_purchased_type":["Card"],"build_version":"2020-12-22","purchased_purges":1,"victory":false,"max_hp_per_floor":[88,93,93,93,93,93,93,93,107,107,107,107,107,107,107,107,107,107,107,107,107,107],"card_choices":[{"not_picked":["Guardian:Suspension","Guardian:Reroute"],"picked":"Guardian:ShieldSpikes","floor":2.0},{"not_picked":["Guardian:Preprogram","Guardian:WalkerClaw"],"picked":"Guardian:DonusPower","floor":3.0},{"not_picked":["Guardian:Gem_Lightblue","Guardian:RollAttack","Guardian:Gem_Yellow"],"picked":"SKIP","floor":4.0},{"not_picked":["Guardian:Gem_Blue","Guardian:DonusPower"],"picked":"Guardian:BronzeOrb","floor":6.0},{"not_picked":["Guardian:TimeSifter","Guardian:Planning"],"picked":"Guardian:RefractedBeam","floor":8.0},{"not_picked":["Guardian:TemporalShield","Guardian:Gem_Green","Guardian:Gem_Purple"],"picked":"SKIP","floor":9.0},{"not_picked":["Guardian:Gem_Green","Guardian:Gem_Purple"],"picked":"Guardian:TemporalShield","floor":9.0},{"not_picked":["Guardian:Gem_Cyan","Guardian:Recover"],"picked":"Guardian:ChargeCore","floor":10.0},{"not_picked":["Guardian:TimeBomb","Guardian:Gem_Purple"],"picked":"Guardian:Gem_Crimson","floor":11.0},{"not_picked":["Guardian:PiercingHide","Guardian:ShieldSpikes"],"picked":"Guardian:BodySlam","floor":13},{"not_picked":["Guardian:Gem_Green","Guardian:Harden"],"picked":"Guardian:ShieldCharger","floor":14},{"not_picked":["Guardian:ShieldCharger","Guardian:ArmoredProtocol","Guardian:Gem_Blue"],"picked":"SKIP","floor":15},{"not_picked":["Guardian:Gem_Crimson","Guardian:BodySlam","Guardian:ShieldSpikes"],"picked":"SKIP","floor":19}],"player_experience":453812,"relics_obtained":[{"floor":7.0,"key":"Mummified Hand"},{"floor":9.0,"key":"Mango"},{"floor":13,"key":"Toy Ornithopter"}],"event_choices":[],"is_beta":false,"boss_relics":[{"not_picked":["TimeKeys","Coffee Dripper"],"picked":"RhineSuit"}],"items_purged_floors":[8],"is_endless":false,"potions_floor_spawned":[2,9,10,11,13,19],"killed_by":"3 Byrds","ascension_level":1}}