{"host":"4eao2pkwlmv012cz","time":1612423077,"event":{"mods":["BaseMod","Colored Powertips","Minty Spire (QoL Compilation)","Permanent Neow","Quick Restart","Random Character Button","StSLib"],"gold_per_floor":[133,133,27,66,66,66,95,111,111,161,161,177,177,64,64,164,164,137,196,196,196,196],"floor_reached":21,"language":"ENG","playtime":577,"items_purged":[],"score":370,"play_id":"6e810ec8-e9c2-4dec-a99d-925e323378ba","local_time":"20210204021757","is_ascension_mode":true,"campfire_choices":[{"data":"HandOfGreed","floor":6.0,"key":"SMITH"},{"floor":11.0,"key":"DIG"},{"floor":13.0,"key":"DIG"},{"floor":15.0,"key":"REST"}],"circlet_count":0,"master_deck":["AscendersBane","Strike_B","Strike_B","Strike_B","Strike_B","Defend_B","Defend_B","Defend_B","Defend_B","Zap","Dualcast","HandOfGreed+1","Ball Lightning","Cold Snap","Pain","Loop","Blizzard","Conserve Battery","Glacier","Defragment","White Noise","Electrodynamics","Chill+1","Cold Snap"],"relics":["Cracked Core","WarpedTongs","Unceasing Top","Shovel","Kunai","DataDisk","Question Card","SlaversCollar","Red Mask"],"acts_visited":["Exordium","TheCity"],"potions_floor_usage":[19,19],"damage_taken":[{"damage":5.0,"enemies":"Small Slimes","floor":1.0,"turns":3.0},{"damage":4.0,"enemies":"Jaw Worm","floor":4.0,"turns":3.0},{"damage":32.0,"enemies":"Gremlin Nob","floor":7.0,"turns":4.0},{"damage":3.0,"enemies":"Cultist","floor":8.0,"turns":2.0},{"damage":18.0,"enemies":"3 Sentries","floor":10.0,"turns":5.0},{"damage":6.0,"enemies":"Red Slaver","floor":12.0,"turns":3.0},{"damage":15.0,"enemies":"The Guardian","floor":16.0,"turns":10.0},{"damage":25.0,"enemies":"2 Thieves","floor":18.0,"turns":4.0},{"damage":33,"enemies":"Masked Bandits","floor":19,"turns":4},{"damage":1,"enemies":"Chosen","floor":21,"turns":1}],"seed_played":"-4169583231585000398","potions_obtained":[{"floor":8.0,"key":"EntropicBrew"},{"floor":16.0,"key":"EssenceOfDarkness"},{"floor":18.0,"key":"EssenceOfDarkness"}],"is_trial":false,"path_per_floor":["M","?","$","M","?","R","E","M","T","E","R","M","R","$","R","B",null,"M","?","?","M"],"character_chosen":"DEFECT","items_purchased":["Fruit Juice","Defragment","White Noise"],"campfire_rested":1,"item_purchase_floors":[3,14,14],"current_hp_per_floor":[59,64,64,65,65,65,33,30,30,12,12,6,6,6,28,13,59,34,1,1,0,0],"gold":196,"neow_bonus":"RANDOM_COLORLESS_2","is_daily":false,"chose_seed":false,"campfire_upgraded":1,"win_rate":0.0,"timestamp":1612423077,"path_taken":["M","?","$","M","?","R","E","M","T","E","R","?","R","?","R","BOSS","M","?","?","M"],"items_purchased_type":["Potion","Card","Card"],"build_version":"2020-12-22","purchased_purges":0,"victory":false,"max_hp_per_floor":[64,69,69,74,74,74,74,74,74,74,74,74,74,74,74,74,74,74,74,74,74,74],"card_choices":[{"not_picked":["Chrysalis","Thinking Ahead"],"picked":"HandOfGreed","floor":0.0},{"not_picked":["Reinforced Body","Gash"],"picked":"Ball Lightning","floor":1.0},{"not_picked":["Leap","Compile Driver"],"picked":"Cold Snap","floor":4.0},{"not_picked":["Steam Power","Streamline"],"picked":"Loop","floor":7.0},{"not_picked":["Ball Lightning","Conserve Battery"],"picked":"Blizzard","floor":8.0},{"not_picked":["Compile Driver","Sweeping Beam"],"picked":"Conserve Battery","floor":10.0},{"not_picked":["Streamline","Chill"],"picked":"Glacier","floor":12.0},{"not_picked":["Biased Cognition","Core Surge","Machine Learning"],"picked":"Electrodynamics","floor":16.0},{"not_picked":["Heatsinks","Consume","Cold Snap"],"picked":"Chill+1","floor":18.0},{"not_picked":["Rebound","Doom and Gloom+1","FTL+1"],"picked":"Cold Snap","floor":19}],"player_experience":2872871,"relics_obtained":[{"floor":7.0,"key":"Unceasing Top"},{"floor":9.0,"key":"Shovel"},{"floor":10.0,"key":"Kunai"},{"floor":11.0,"key":"DataDisk"},{"floor":13.0,"key":"Question Card"},{"floor":19,"key":"Red Mask"}],"event_choices":[{"damage_healed":0.0,"max_hp_gain":5.0,"max_hp_loss":0.0,"gold_gain":0.0,"event_name":"Big Fish","player_choice":"Donut","floor":2.0,"gold_loss":0.0,"damage_taken":0.0},{"damage_healed":0.0,"max_hp_gain":0.0,"max_hp_loss":0.0,"gold_gain":0.0,"event_name":"Accursed Blacksmith","player_choice":"Rummage","floor":5.0,"gold_loss":0.0,"damage_taken":0.0,"relics_obtained":["WarpedTongs"],"cards_obtained":["Pain"]},{"damage_healed":0,"gold_gain":0,"player_choice":"Fought Bandits","damage_taken":0,"max_hp_gain":0,"max_hp_loss":0,"event_name":"Masked Bandits","floor":19,"gold_loss":0},{"damage_healed":0,"gold_gain":0,"player_choice":"Ignored","damage_taken":0,"max_hp_gain":0,"max_hp_loss":0,"event_name":"Ghosts","floor":20,"gold_loss":0}],"is_beta":false,"boss_relics":[{"not_picked":["Philosopher\u0027s Stone","Sozu"],"picked":"SlaversCollar"}],"items_purged_floors":[],"is_endless":false,"potions_floor_spawned":[8,16,18],"killed_by":"Chosen","ascension_level":20}}