{"host":"ml2ro5l6hu6y0pll","time":1612399954,"event":{"mods":["AchievementEnabler","BaseMod","Colored Map","Colored Powertips","Custom Start","Googly Eyes","Minty Spire (QoL Compilation)","Quick Restart","Rare Cards Sparkle","Relic Stats","Reliquary","StSLib","everything is the same but u backflip on backflip"],"gold_per_floor":[111,126,126,88,103,132,132,159,185,14,14,46,61,76,76,153,153,170,170,180,180,199,226,8,35,60,60,89,89,116,127,127,199,199,213,268,285,285,222,254,264,299,599,615,631,631,7,22,22,22,22],"floor_reached":52,"language":"ENG","playtime":2603,"items_purged":["Strike_R"],"score":2545,"play_id":"1fbfef8e-f3b9-4140-b61e-51f87965b287","local_time":"20210204005234","is_ascension_mode":true,"campfire_choices":[{"data":"Whirlwind","floor":7.0,"key":"SMITH"},{"data":"Rupture","floor":11.0,"key":"SMITH"},{"data":"Flame Barrier","floor":15.0,"key":"SMITH"},{"data":"Rupture","floor":27.0,"key":"SMITH"},{"data":"Bludgeon","floor":32,"key":"SMITH"},{"floor":49,"key":"REST"}],"circlet_count":0,"master_deck":["Whirlwind+1","Pommel Strike+1","Strike_R","Strike_R+1","Bash","Uppercut","Spot Weakness","Shrug It Off","Shrug It Off","Shrug It Off","Defend_R","Defend_R","Offering","Combust+1","Rupture+1","Power Through","Rupture+1","Flame Barrier+1","Bludgeon+1","Shockwave","Limit Break+1","Evolve","Second Wind+1","Feed+1","True Grit+1"],"relics":["Burning Blood","The Courier","Membership Card","Ice Cream","reliquary:BoilingFlask","Mummified Hand","Snecko Eye","reliquary:Buckler","Bronze Scales","Self Forming Clay","Mango","reliquary:TuningFork","reliquary:WritOfMandamus","Matryoshka","Toxic Egg 2","Happy Flower","Akabeko","Red Skull","MutagenicStrength","Letter Opener","Fusion Hammer","Unceasing Top","reliquary:RoseTintedGlasses","White Beast Statue","Whetstone","reliquary:PurpleTingedLeaf","reliquary:NewFriend","Old Coin","Pear","reliquary:MedicineBall","Centennial Puzzle","Torii","reliquary:Crutches","MealTicket","Potion Belt"],"acts_visited":["Exordium","TheCity","TheBeyond"],"potions_floor_usage":[],"damage_taken":[{"damage":7.0,"enemies":"Jaw Worm","floor":1.0,"turns":3.0},{"damage":1.0,"enemies":"Cultist","floor":2.0,"turns":2.0},{"damage":0.0,"enemies":"Small Slimes","floor":5.0,"turns":2.0},{"damage":9.0,"enemies":"3 Sentries","floor":6.0,"turns":4.0},{"damage":10.0,"enemies":"Lagavulin","floor":8.0,"turns":3.0},{"damage":14.0,"enemies":"3 Sentries","floor":12.0,"turns":4.0},{"damage":7.0,"enemies":"Blue Slaver","floor":13.0,"turns":2.0},{"damage":2.0,"enemies":"Exordium Thugs","floor":14.0,"turns":2.0},{"damage":8.0,"enemies":"The Guardian","floor":16.0,"turns":6.0},{"damage":1.0,"enemies":"2 Thieves","floor":18.0,"turns":2.0},{"damage":3.0,"enemies":"Spheric Guardian","floor":20.0,"turns":3.0},{"damage":1.0,"enemies":"3 Cultists","floor":22.0,"turns":2.0},{"damage":7.0,"enemies":"Gremlin Leader","floor":23.0,"turns":3.0},{"damage":11.0,"enemies":"Book of Stabbing","floor":25.0,"turns":3.0},{"damage":0.0,"enemies":"Slavers","floor":28.0,"turns":1.0},{"damage":1.0,"enemies":"Book of Stabbing","floor":30.0,"turns":2.0},{"damage":6,"enemies":"Cultist and Chosen","floor":31,"turns":2},{"damage":9,"enemies":"Automaton","floor":33,"turns":4},{"damage":8,"enemies":"3 Darklings","floor":35,"turns":4},{"damage":0,"enemies":"2 Orb Walkers","floor":36,"turns":2},{"damage":10,"enemies":"3 Shapes","floor":37,"turns":4},{"damage":41,"enemies":"Nemesis","floor":40,"turns":5},{"damage":10,"enemies":"Transient","floor":41,"turns":6},{"damage":23,"enemies":"Giant Head","floor":42,"turns":6},{"damage":0,"enemies":"Jaw Worm Horde","floor":44,"turns":1},{"damage":13,"enemies":"Spire Growth","floor":45,"turns":3},{"damage":21,"enemies":"Transient","floor":48,"turns":6},{"damage":16,"enemies":"Donu and Deca","floor":50,"turns":5},{"damage":26,"enemies":"Awakened One","floor":51,"turns":4}],"seed_played":"-9142658816084291408","potions_obtained":[{"floor":3.0,"key":"CultistPotion"},{"floor":3.0,"key":"LiquidMemories"},{"floor":5.0,"key":"DuplicationPotion"},{"floor":35,"key":"Fruit Juice"}],"is_trial":true,"path_per_floor":["M","M","?","$","M","E","R","E","T","$","R","E","M","M","R","B",null,"M","?","M","?","M","E","$","E","T","R","E","?","E","M","R","B",null,"M","?","M","T","$","E","M","E","T","M","M","?","$","M","R","B","B",null],"character_chosen":"IRONCLAD","items_purchased":["Self Forming Clay","reliquary:FerryPass","Toxic Egg 2","Limit Break+1","Evolve","Whetstone","Pear","reliquary:MedicineBall","Centennial Puzzle","Torii","reliquary:Crutches","MealTicket","Potion Belt","SkillPotion","Regen Potion"],"campfire_rested":1,"item_purchase_floors":[10,10,24,24,24,39,47,47,47,47,47,47,47,47,47],"current_hp_per_floor":[67,72,72,72,75,72,72,68,68,68,68,74,73,77,77,75,86,89,89,89,89,89,88,88,83,83,83,89,89,89,89,89,86,88,89,92,91,91,91,56,54,42,42,49,47,47,57,44,77,72,57],"gold":22,"neow_bonus":"","is_daily":false,"chose_seed":false,"campfire_upgraded":5,"win_rate":0.0,"timestamp":1612399954,"path_taken":["M","M","?","?","?","E","R","E","T","?","R","E","M","M","R","BOSS","M","?","M","?","?","E","$","E","T","R","E","?","E","M","R","BOSS","M","?","M","?","$","E","M","E","T","M","M","?","$","M","R","BOSS","BOSS"],"items_purchased_type":["Relic","Relic","Relic","Card","Card","Relic","Relic","Relic","Relic","Relic","Relic","Relic","Relic","Potion","Potion"],"build_version":"2020-12-22","purchased_purges":1,"victory":true,"max_hp_per_floor":[75,75,75,75,75,75,75,75,75,75,75,89,89,89,89,89,89,89,89,89,89,89,89,89,89,89,89,89,89,89,89,89,89,89,92,92,95,95,95,95,95,99,99,100,104,99,109,110,110,114,118],"relic_stats":{"Happy Flower":[18],"Torii":0,"counters":[29,96],"Self Forming Clay":[192],"Letter Opener":[185],"Whetstone":["Strike_R","Feed"],"Burning Blood":153,"Centennial Puzzle":[9],"Mummified Hand":[177],"Bronze Scales":[143],"Snecko Eye":[191,220,190,176],"MealTicket":0,"obtain_stats":[{"Ice Cream":0,"Torii":47,"reliquary:BoilingFlask":0,"Mango":12,"Whetstone":39,"Burning Blood":0,"reliquary:FerryPass":10,"Old Coin":43,"Centennial Puzzle":47,"Matryoshka":23,"Mummified Hand":0,"reliquary:Buckler":8,"reliquary:NewFriend":42,"MealTicket":47,"Fusion Hammer":34,"reliquary:RoseTintedGlasses":38,"Toxic Egg 2":24,"Red Skull":28,"Potion Belt":47,"Pear":47,"Happy Flower":25,"Self Forming Clay":10,"The Courier":0,"Letter Opener":30,"Akabeko":26,"White Beast Statue":38,"reliquary:Crutches":47,"Bronze Scales":9,"MutagenicStrength":29,"Snecko Eye":0,"reliquary:TuningFork":12,"reliquary:MedicineBall":47,"Membership Card":0,"reliquary:WritOfMandamus":17,"Unceasing Top":36,"reliquary:PurpleTingedLeaf":40},{"Ice Cream":0,"Torii":26,"reliquary:BoilingFlask":0,"Mango":6,"Whetstone":21,"Burning Blood":0,"reliquary:FerryPass":5,"Old Coin":24,"Centennial Puzzle":26,"Matryoshka":13,"Mummified Hand":0,"reliquary:Buckler":5,"reliquary:NewFriend":24,"MealTicket":26,"Fusion Hammer":18,"reliquary:RoseTintedGlasses":21,"Toxic Egg 2":13,"Red Skull":15,"Potion Belt":26,"Pear":26,"Happy Flower":14,"Self Forming Clay":5,"The Courier":0,"Letter Opener":16,"Akabeko":14,"White Beast Statue":21,"reliquary:Crutches":26,"Bronze Scales":5,"MutagenicStrength":15,"Snecko Eye":0,"reliquary:TuningFork":6,"reliquary:MedicineBall":26,"Membership Card":0,"reliquary:WritOfMandamus":9,"Unceasing Top":20,"reliquary:PurpleTingedLeaf":22},{"Ice Cream":0,"Torii":81,"reliquary:BoilingFlask":0,"Mango":18,"Whetstone":60,"Burning Blood":0,"reliquary:FerryPass":14,"Old Coin":77,"Centennial Puzzle":81,"Matryoshka":38,"Mummified Hand":0,"reliquary:Buckler":14,"reliquary:NewFriend":77,"MealTicket":81,"Fusion Hammer":50,"reliquary:RoseTintedGlasses":60,"Toxic Egg 2":38,"Red Skull":42,"Potion Belt":81,"Pear":81,"Happy Flower":41,"Self Forming Clay":14,"The Courier":0,"Letter Opener":44,"Akabeko":41,"White Beast Statue":60,"reliquary:Crutches":81,"Bronze Scales":14,"MutagenicStrength":42,"Snecko Eye":0,"reliquary:TuningFork":18,"reliquary:MedicineBall":81,"Membership Card":0,"reliquary:WritOfMandamus":28,"Unceasing Top":56,"reliquary:PurpleTingedLeaf":65}],"Unceasing Top":[1]},"card_choices":[{"not_picked":["Flex","Reckless Charge","Armaments"],"picked":"SKIP","floor":1.0},{"not_picked":["Flex","Clash","Cleave"],"picked":"SKIP","floor":2.0},{"not_picked":["Fire Breathing","Twin Strike"],"picked":"Power Through","floor":5.0},{"not_picked":["Double Tap","True Grit","Body Slam"],"picked":"SKIP","floor":6.0},{"not_picked":["Juggernaut","Sever Soul","Pommel Strike"],"picked":"SKIP","floor":8.0},{"not_picked":["Evolve","Havoc"],"picked":"Rupture","floor":12.0},{"not_picked":["Heavy Blade","Twin Strike"],"picked":"Flame Barrier","floor":13.0},{"not_picked":["Spot Weakness","Dropkick","Infernal Blade"],"picked":"SKIP","floor":14.0},{"not_picked":["Impervious","Fiend Fire"],"picked":"Bludgeon","floor":16.0},{"not_picked":["Flex","Thunderclap","Bloodletting"],"picked":"SKIP","floor":18.0},{"not_picked":["Pummel","Perfected Strike","Intimidate"],"picked":"SKIP","floor":20.0},{"not_picked":["Pommel Strike","Warcry","Body Slam"],"picked":"SKIP","floor":22.0},{"not_picked":["Perfected Strike","Headbutt"],"picked":"Shockwave","floor":23.0},{"not_picked":["Metallicize","Thunderclap","Sever Soul"],"picked":"SKIP","floor":25.0},{"not_picked":["Twin Strike","Whirlwind"],"picked":"Second Wind+1","floor":28.0},{"not_picked":["Spot Weakness+1","Cleave","Blood for Blood"],"picked":"SKIP","floor":30.0},{"not_picked":["Flex+1","Pommel Strike","Warcry+1"],"picked":"SKIP","floor":31},{"not_picked":["Demon Form","Offering+1"],"picked":"Feed","floor":33},{"not_picked":["Sword Boomerang","Anger","Shrug It Off+1"],"picked":"SKIP","floor":35},{"not_picked":["Cleave","Dropkick","Clothesline"],"picked":"SKIP","floor":37},{"not_picked":["Cleave","Thunderclap","True Grit+1"],"picked":"SKIP","floor":40},{"not_picked":["Cleave","Thunderclap"],"picked":"True Grit+1","floor":40},{"not_picked":["Havoc+1","Clash+1","Pommel Strike"],"picked":"SKIP","floor":41},{"not_picked":["Iron Wave","Body Slam+1","Corruption"],"picked":"SKIP","floor":42},{"not_picked":["Iron Wave","Sentinel+1","Anger+1"],"picked":"SKIP","floor":44},{"not_picked":["Whirlwind+1","Dropkick","Combust"],"picked":"SKIP","floor":45},{"not_picked":["Clash","Wild Strike+1","Blood for Blood+1"],"picked":"SKIP","floor":48}],"player_experience":913690,"relics_obtained":[{"floor":8.0,"key":"reliquary:Buckler"},{"floor":9.0,"key":"Bronze Scales"},{"floor":12.0,"key":"Mango"},{"floor":12.0,"key":"reliquary:TuningFork"},{"floor":23.0,"key":"Matryoshka"},{"floor":25.0,"key":"Happy Flower"},{"floor":26.0,"key":"Akabeko"},{"floor":28.0,"key":"Red Skull"},{"floor":30.0,"key":"Letter Opener"},{"floor":36,"key":"Unceasing Top"},{"floor":38,"key":"reliquary:RoseTintedGlasses"},{"floor":38,"key":"White Beast Statue"},{"floor":40,"key":"reliquary:PurpleTingedLeaf"},{"floor":42,"key":"reliquary:NewFriend"},{"floor":43,"key":"Old Coin"}],"event_choices":[{"damage_healed":0.0,"max_hp_gain":0.0,"max_hp_loss":0.0,"gold_gain":0.0,"event_name":"Lab","player_choice":"Got Potions","floor":3.0,"gold_loss":0.0,"damage_taken":0.0},{"damage_healed":0.0,"max_hp_gain":0.0,"max_hp_loss":0.0,"gold_gain":0.0,"event_name":"Ghosts","player_choice":"Ignored","floor":19.0,"gold_loss":0.0,"damage_taken":0.0},{"damage_healed":0.0,"max_hp_gain":0.0,"max_hp_loss":0.0,"gold_gain":0.0,"event_name":"Vampires","player_choice":"Ignored","floor":21.0,"gold_loss":0.0,"damage_taken":0.0},{"damage_healed":0.0,"max_hp_gain":0.0,"max_hp_loss":0.0,"gold_gain":0.0,"event_name":"Drug Dealer","player_choice":"Inject Mutagens","floor":29.0,"gold_loss":0.0,"damage_taken":0.0,"relics_obtained":["MutagenicStrength"]},{"damage_healed":0,"gold_gain":0,"player_choice":"Fight","damage_taken":0,"max_hp_gain":0,"max_hp_loss":0,"event_name":"Mysterious Sphere","floor":36,"gold_loss":0},{"damage_healed":0,"gold_gain":0,"player_choice":"Max HP","damage_taken":0,"max_hp_gain":0,"max_hp_loss":5,"event_name":"Winding Halls","floor":46,"gold_loss":0}],"is_beta":false,"boss_relics":[{"not_picked":["Runic Cube","reliquary:RedCape"],"picked":"reliquary:WritOfMandamus"},{"not_picked":["reliquary:RedPaperclip","Pandora\u0027s Box"],"picked":"Fusion Hammer"}],"items_purged_floors":[4],"is_endless":false,"potions_floor_spawned":[5,8,12,13,14,22,23,30,33,35,37,40,41,42,44,45,48],"ascension_level":20}}