{"host":"eu5wvbbtjeiar27l","time":1612423064,"event":{"mods":["Astrologer","BaseMod","Colored Powertips","Conspire","Energized Spire","Hubris","Infinite Spire","Mad Scientist","Melee Mod","Minty Spire (QoL Compilation)","Potionbrewer","Rare Cards Sparkle","StSLib","The Construct","The Jungle","The Runesmith","The Valiant","Treasure Hunter"],"gold_per_floor":[116,116,37,56,56,56,85,85,134,134,134,162,176,138,138,238,238,248,263,263,15,27,27,62,12,12,12,12],"floor_reached":27,"language":"ENG","playtime":1304,"items_purged":[],"score":312,"play_id":"adbbf9fe-f37c-475f-b476-ccb2ea1b3230","local_time":"20210204071744","is_ascension_mode":false,"campfire_choices":[{"data":"infinitespire:NeuralNetwork","floor":6,"key":"SMITH"},{"data":"Zap","floor":8,"key":"SMITH"},{"data":"Beam Cell","floor":11,"key":"SMITH"},{"data":"Loop","floor":15,"key":"SMITH"},{"data":"Heatsinks","floor":23,"key":"SMITH"}],"circlet_count":0,"master_deck":["conspire:GhostlyStrike","conspire:GhostlyStrike","conspire:GhostlyStrike","conspire:GhostlyStrike","conspire:GhostlyDefend","conspire:GhostlyDefend","conspire:GhostlyDefend","conspire:GhostlyDefend","Zap+1","Dualcast","Beam Cell+1","infinitespire:NeuralNetwork+1","Self Repair","Coolheaded","Go for the Eyes","Loop+1","Streamline","Loop","All For One","CurseOfTheBell","Storm+1","Self Repair","Panache","Heatsinks+1","Barrage","Barrage"],"relics":["Cracked Core","NeowsBlessing","conspire:GlowingRock","Tiny Chest","Matryoshka","Calling Bell","Emotion Chip","hubris:OldNail","hubris:Metronome","hubris:BottledRain","Bottled Lightning"],"acts_visited":["Exordium","TheCity"],"potions_floor_usage":[16,19,22,27,27],"damage_taken":[{"damage":0,"enemies":"Jaw Worm","floor":1,"turns":1},{"damage":0,"enemies":"2 Louse","floor":4,"turns":1},{"damage":0,"enemies":"Gremlin Nob","floor":7,"turns":1},{"damage":12,"enemies":"Lagavulin","floor":12,"turns":5},{"damage":0,"enemies":"Cultist","floor":13,"turns":3},{"damage":16,"enemies":"The Guardian","floor":16,"turns":7},{"damage":22,"enemies":"Spheric Guardian","floor":18,"turns":4},{"damage":25,"enemies":"conspire:FuzzyDice","floor":19,"turns":4},{"damage":15,"enemies":"conspire:HollyBat","floor":22,"turns":6},{"damage":38,"enemies":"Gremlin Leader","floor":24,"turns":5},{"damage":17,"enemies":"conspire:Head Lice","floor":27,"turns":2}],"seed_played":"-5251022219260079698","potions_obtained":[{"floor":1,"key":"Weak Potion"},{"floor":4,"key":"potionbrewer:NoxiousPotion"},{"floor":13,"key":"FocusPotion"},{"floor":22,"key":"potionbrewer:SplittingPotion"},{"floor":24,"key":"PotionOfCapacity"}],"is_trial":false,"path_per_floor":["M","?","$","M","?","R","E","R","T","?","R","E","M","$","R","B",null,"M","M","?","$","M","R","E","$","T","E"],"character_chosen":"DEFECT","items_purchased":["Self Repair","Loop","Self Repair","Panache","Barrage"],"campfire_rested":0,"item_purchase_floors":[3,14,21,21,25],"current_hp_per_floor":[75,57,57,57,57,57,57,57,57,57,57,52,59,59,59,50,75,60,42,42,42,41,41,17,17,17,0,0],"gold":12,"neow_bonus":"THREE_ENEMY_KILL","is_daily":false,"chose_seed":false,"campfire_upgraded":5,"win_rate":0.0,"timestamp":1612423064,"path_taken":["M","?","$","M","?","R","E","R","T","?","R","E","M","$","R","BOSS","M","M","?","$","M","R","E","?","T","E"],"items_purchased_type":["Card","Card","Card","Card","Card"],"build_version":"2020-12-22","purchased_purges":0,"victory":false,"max_hp_per_floor":[75,75,75,75,75,75,75,75,75,75,75,75,75,75,75,75,75,75,75,75,75,75,75,75,75,75,75,75],"card_choices":[{"not_picked":["Leap","Double Energy"],"picked":"Beam Cell","floor":1},{"not_picked":["infinitespire:SealOfDarkness+","infinitespire:SevenWalls"],"picked":"infinitespire:NeuralNetwork","floor":2},{"not_picked":["Conserve Battery","Steam"],"picked":"Coolheaded","floor":4},{"not_picked":["Hologram","Darkness"],"picked":"Go for the Eyes","floor":7},{"not_picked":["TH:TreasureMap","TH:DeckOfManyThings"],"picked":"SKIP","floor":7},{"not_picked":["TH:CursedSword","TH:Mimic"],"picked":"SKIP","floor":9},{"not_picked":["Chaos","Steam"],"picked":"Loop","floor":12},{"not_picked":["TH:ElvenBoots","TH:BikiniMail"],"picked":"SKIP","floor":12},{"not_picked":["Compile Driver","Redo"],"picked":"Streamline","floor":13},{"not_picked":["Meteor Strike","Core Surge"],"picked":"All For One","floor":16},{"not_picked":["Rebound+1","FTL"],"picked":"Storm","floor":18},{"not_picked":["Compile Driver+1","White Noise","Stack"],"picked":"SKIP","floor":19},{"not_picked":["Conserve Battery","Ball Lightning"],"picked":"Heatsinks","floor":22},{"not_picked":["Conserve Battery","Glacier+1"],"picked":"Barrage","floor":24},{"not_picked":["TH:ElvenBoots","TH:CopperCoins"],"picked":"SKIP","floor":24},{"not_picked":["TH:BikiniMail","TH:CursedSword"],"picked":"SKIP","floor":26}],"player_experience":199044,"relics_obtained":[{"floor":7,"key":"conspire:GlowingRock"},{"floor":9,"key":"Tiny Chest"},{"floor":12,"key":"Matryoshka"},{"floor":17,"key":"Emotion Chip"},{"floor":17,"key":"hubris:OldNail"},{"floor":17,"key":"hubris:Metronome"},{"floor":24,"key":"hubris:BottledRain"},{"floor":26,"key":"Bottled Lightning"}],"event_choices":[{"damage_healed":0,"gold_gain":0,"player_choice":"Agree","damage_taken":0,"max_hp_gain":0,"max_hp_loss":0,"event_name":"conspire:LoneGhost","floor":10,"gold_loss":0}],"is_beta":false,"boss_relics":[{"not_picked":["energizedSpire:RedRose","FrozenCore"],"picked":"Calling Bell"}],"items_purged_floors":[],"is_endless":false,"potions_floor_spawned":[1,4,13,22,24],"killed_by":"conspire:Head Lice","ascension_level":0}}