{"host":"s24sb66hw4a4sfft","time":1612408666,"event":{"mods":["AchievementEnabler","BaseMod","Colored Map","Colored Powertips","Googly Eyes","Hermit","Hubris","Minty Spire (QoL Compilation)","Quick Restart","Shop Mod","StSLib","The Poker Player"],"gold_per_floor":[112,112,128,8,18,53,53,83,83,103,103,117,17,34,34,34,34],"floor_reached":16,"language":"ENG","playtime":808,"items_purged":["hermit:Strike_Hermit","hermit:Strike_Hermit"],"score":112,"play_id":"af870277-1058-48c0-9054-cc29ea167414","local_time":"20210203221746","is_ascension_mode":false,"campfire_choices":[{"floor":7.0,"key":"REST"},{"floor":11.0,"key":"REST"},{"floor":15,"key":"REST"}],"circlet_count":0,"master_deck":["hermit:Strike_Hermit","hermit:Strike_Hermit","hermit:Defend_Hermit","hermit:Defend_Hermit","hermit:Defend_Hermit+1","hermit:Defend_Hermit","hermit:Snapshot","hermit:Covet","hermit:BigShot","hermit:Quickdraw","hermit:Quickdraw","hermit:Snipe+1","hermit:GoldenBullet","hermit:Midnight+1","hermit:Malice","hermit:Glare+1"],"relics":["hermit:Momento","NeowsBlessing","hubris:TenFootPole","War Paint","Toxic Egg 2"],"acts_visited":["Exordium"],"potions_floor_usage":[16],"damage_taken":[{"damage":0.0,"enemies":"2 Louse","floor":1.0,"turns":1.0},{"damage":0.0,"enemies":"Cultist","floor":3.0,"turns":1.0},{"damage":0.0,"enemies":"Small Slimes","floor":5.0,"turns":1.0},{"damage":30.0,"enemies":"Lagavulin","floor":6.0,"turns":7.0},{"damage":38.0,"enemies":"Gremlin Nob","floor":8.0,"turns":5.0},{"damage":9.0,"enemies":"2 Fungi Beasts","floor":10.0,"turns":3.0},{"damage":6,"enemies":"Exordium Thugs","floor":12,"turns":4},{"damage":2,"enemies":"Red Slaver","floor":14,"turns":2},{"damage":60,"enemies":"The Guardian","floor":16,"turns":6}],"seed_played":"5136988754362696387","potions_obtained":[{"floor":1.0,"key":"Block Potion"},{"floor":5.0,"key":"Explosive Potion"},{"floor":8.0,"key":"LiquidBronze"},{"floor":12,"key":"FearPotion"},{"floor":14,"key":"Dexterity Potion"}],"is_trial":false,"path_per_floor":["M","?","M","$","M","E","R","E","T","M","R","M","$","M","R","B"],"character_chosen":"HERMIT","items_purchased":["hermit:Quickdraw"],"campfire_rested":3,"item_purchase_floors":[4],"current_hp_per_floor":[75,75,75,75,75,45,67,29,29,20,42,36,36,34,56,0,0],"gold":34,"neow_bonus":"THREE_ENEMY_KILL","is_daily":false,"chose_seed":false,"campfire_upgraded":0,"win_rate":0.0,"timestamp":1612408666,"path_taken":["M","?","M","$","?","E","R","E","T","M","R","M","$","M","R","BOSS"],"items_purchased_type":["Card"],"build_version":"2020-12-22","purchased_purges":2,"victory":false,"max_hp_per_floor":[75,75,75,75,75,75,75,75,75,75,75,75,75,75,75,75,75],"card_choices":[{"not_picked":["hermit:ShadowCloak","hermit:Virtue"],"picked":"hermit:BigShot","floor":1.0},{"not_picked":["hermit:FlashPowder","hermit:Gestalt"],"picked":"hermit:Quickdraw","floor":3.0},{"not_picked":["hermit:HoleUp","hermit:Gestalt"],"picked":"hermit:Snipe","floor":5.0},{"not_picked":["hermit:BigShot","hermit:EyeOfTheStorm"],"picked":"hermit:GoldenBullet","floor":6.0},{"not_picked":["hermit:Dissolve","hermit:TakeCover","hermit:Dive"],"picked":"SKIP","floor":8.0},{"not_picked":["hermit:Headshot","hermit:FlashPowder+1"],"picked":"hermit:Midnight+1","floor":10.0},{"not_picked":["hermit:Misfire","hermit:CalledShot"],"picked":"hermit:Malice","floor":12},{"not_picked":["hermit:Manifest+1","hermit:BigShot"],"picked":"hermit:Glare+1","floor":14}],"player_experience":570528,"relics_obtained":[{"floor":6.0,"key":"hubris:TenFootPole"},{"floor":8.0,"key":"War Paint"},{"floor":9.0,"key":"Toxic Egg 2"}],"event_choices":[{"damage_healed":0.0,"max_hp_gain":0.0,"max_hp_loss":0.0,"gold_gain":0.0,"event_name":"The Woman in Blue","player_choice":"Bought 0 Potions","floor":2.0,"gold_loss":0.0,"damage_taken":0.0}],"is_beta":false,"boss_relics":[],"items_purged_floors":[4,13],"is_endless":false,"potions_floor_spawned":[1,5,8,12,14],"killed_by":"The Guardian","ascension_level":0}}