{"host":"msfr2axb1w9025n0","time":1612427251,"event":{"mods":["BaseMod","Colored Map","DeckTracker","Minty Spire (QoL Compilation)","Relic Stats"],"gold_per_floor":[39,106,106,167,19,19,84,84,84,84,123,187,187,227,227,227,227],"floor_reached":16,"language":"ENG","playtime":466,"items_purged":["Pain"],"score":184,"play_id":"01c7b9f9-6c15-49a8-8fa7-f28136bacc2c","local_time":"20210204152731","is_ascension_mode":true,"campfire_choices":[{"data":"Footwork","floor":6,"key":"SMITH"},{"floor":10,"key":"REST"},{"data":"Footwork","floor":15,"key":"SMITH"}],"circlet_count":0,"master_deck":["AscendersBane","Strike_G","Strike_G","Strike_G+1","Strike_G","Strike_G","Defend_G","Defend_G","Defend_G","Defend_G","Defend_G","Survivor","Neutralize+1","HandOfGreed","Footwork+1","Dagger Spray","Footwork+1","Deflect","Cloak And Dagger","Cloak And Dagger","Dodge and Roll"],"relics":["Ring of the Snake","WarpedTongs","CeramicFish","InkBottle","Matryoshka","Whetstone","Bottled Tornado"],"acts_visited":["Exordium"],"potions_floor_usage":[7],"damage_taken":[{"damage":12,"enemies":"Jaw Worm","floor":1,"turns":4},{"damage":8,"enemies":"Small Slimes","floor":4,"turns":4},{"damage":24,"enemies":"Gremlin Nob","floor":7,"turns":6},{"damage":6,"enemies":"Cultist","floor":11,"turns":4},{"damage":2,"enemies":"Lagavulin","floor":12,"turns":11},{"damage":0,"enemies":"Blue Slaver","floor":14,"turns":5},{"damage":35,"enemies":"The Guardian","floor":16,"turns":14}],"seed_played":"-1179515859643745878","potions_obtained":[{"floor":1,"key":"GamblersBrew"},{"floor":14,"key":"BlessingOfTheForge"}],"is_trial":false,"path_per_floor":["M","?","?","M","$","R","E","?","T","R","M","E","T","M","R","B"],"character_chosen":"THE_SILENT","items_purchased":["Footwork"],"campfire_rested":1,"item_purchase_floors":[5],"current_hp_per_floor":[47,47,47,39,39,39,15,15,15,34,28,26,26,26,26,0,0],"gold":227,"neow_bonus":"RANDOM_COLORLESS_2","is_daily":false,"chose_seed":false,"campfire_upgraded":2,"win_rate":0.0,"timestamp":1612427251,"path_taken":["M","?","?","?","$","R","E","?","T","R","M","E","?","M","R","BOSS"],"items_purchased_type":["Card"],"build_version":"2020-12-22","purchased_purges":1,"victory":false,"max_hp_per_floor":[66,66,66,66,66,66,66,66,66,66,66,66,66,66,66,66,66],"relic_stats":{"counters":[7,48],"CeramicFish":36,"Whetstone":["Strike_G","Neutralize"],"obtain_stats":[{"Matryoshka":12,"CeramicFish":7,"Whetstone":13,"Bottled Tornado":13,"InkBottle":9,"Ring of the Snake":0,"WarpedTongs":3},{"Matryoshka":5,"CeramicFish":3,"Whetstone":5,"Bottled Tornado":5,"InkBottle":3,"Ring of the Snake":0,"WarpedTongs":1},{"Matryoshka":29,"CeramicFish":14,"Whetstone":29,"Bottled Tornado":29,"InkBottle":14,"Ring of the Snake":0,"WarpedTongs":4}],"InkBottle":[10],"Ring of the Snake":[14],"WarpedTongs":[44]},"card_choices":[{"not_picked":["Master of Strategy","Secret Technique"],"picked":"HandOfGreed","floor":0},{"not_picked":["Bane","Cloak And Dagger"],"picked":"Footwork","floor":1},{"not_picked":["Sucker Punch","Slice"],"picked":"Dagger Spray","floor":4},{"not_picked":["Predator","Dodge and Roll"],"picked":"Deflect","floor":7},{"not_picked":["Flying Knee","Unload"],"picked":"Cloak And Dagger","floor":11},{"not_picked":["Calculated Gamble","Prepared"],"picked":"Cloak And Dagger","floor":12},{"not_picked":["Deadly Poison","Flying Knee"],"picked":"Dodge and Roll","floor":14}],"player_experience":279525,"relics_obtained":[{"floor":7,"key":"CeramicFish"},{"floor":9,"key":"InkBottle"},{"floor":12,"key":"Matryoshka"},{"floor":13,"key":"Whetstone"},{"floor":13,"key":"Bottled Tornado"}],"event_choices":[{"damage_healed":0,"gold_gain":67,"player_choice":"Gained Gold","damage_taken":0,"max_hp_gain":0,"max_hp_loss":0,"event_name":"Golden Wing","floor":2,"gold_loss":0},{"damage_healed":0,"gold_gain":0,"player_choice":"Rummage","damage_taken":0,"relics_obtained":["WarpedTongs"],"max_hp_gain":0,"max_hp_loss":0,"event_name":"Accursed Blacksmith","floor":3,"gold_loss":0,"cards_obtained":["Pain"]},{"damage_healed":0,"gold_gain":0,"player_choice":"Ignored","damage_taken":0,"max_hp_gain":0,"max_hp_loss":0,"event_name":"Shining Light","floor":8,"gold_loss":0}],"is_beta":false,"boss_relics":[],"items_purged_floors":[5],"is_endless":false,"potions_floor_spawned":[1,14],"killed_by":"The Guardian","ascension_level":14}}