{"host":"kw4o7b3ro2ktmmbe","time":1612408175,"event":{"mods":["BaseMod","Bossed Relics","Evolution","Minty Spire (QoL Compilation)","StSLib"],"gold_per_floor":[113,113,113,113,127,127,138,138,138,138,187,187,211,228,228,366,366,436,436,436,485,500,560,560,620,695,752,772,772,274,346,346,482,482,524,116,194,237,29,70,70,125,125,125,185,201,201,258,258,258,258],"floor_reached":50,"language":"ENG","playtime":6138,"items_purged":["EmptyBody"],"score":1056,"play_id":"cb819c1f-e3e7-424b-b047-98ecb16b2970","local_time":"20210204160935","is_ascension_mode":true,"campfire_choices":[{"data":"Consecrate","floor":6.0,"key":"SMITH"},{"data":"Wish","floor":8.0,"key":"SMITH"},{"data":"Eruption","floor":10.0,"key":"SMITH"},{"data":"Nirvana","floor":12.0,"key":"SMITH"},{"floor":15.0,"key":"REST"},{"data":"Nirvana","floor":24.0,"key":"SMITH"},{"floor":29.0,"key":"REST"},{"data":"Vault","floor":32.0,"key":"SMITH"},{"floor":44,"key":"REST"},{"floor":47,"key":"REST"},{"data":"Good Instincts","floor":49,"key":"SMITH"}],"circlet_count":0,"master_deck":["AscendersBane","CutThroughFate+1","CutThroughFate+1","CutThroughFate+1","CutThroughFate+1","EmptyBody+1","EmptyBody+1","Eruption+1","Vigilance","Consecrate+1","Wish+1","Nirvana+1","LikeWater+1","LessonLearned+1","BattleHymn","Bite+1","Bite","Bite","Bite+1","Bite+1","Nirvana+1","WindmillStrike+1","Vault+1","Wish+1","MasterReality+1","Fasting2+1","Good Instincts+1","ThirdEye","MentalFortress+1","Nirvana+1","Prostrate+1","PathToVictory+1"],"relics":["EVO:Axolotl","Astrolabe","Shuriken","Dream Catcher","Tiny House","Bronze Scales","Red Mask","Pear","Boot","Blood Vial","Juzu Bracelet","DollysMirror","Philosopher\u0027s Stone","Nunchaku","Damaru","OrangePellets","Frozen Egg 2","Centennial Puzzle","Bag of Preparation"],"acts_visited":["Exordium","TheCity","TheBeyond"],"potions_floor_usage":[50],"damage_taken":[{"damage":0.0,"enemies":"Jaw Worm","floor":1.0,"turns":1.0},{"damage":2.0,"enemies":"Small Slimes","floor":5.0,"turns":2.0},{"damage":0.0,"enemies":"Cultist","floor":7.0,"turns":2.0},{"damage":0.0,"enemies":"Large Slime","floor":11.0,"turns":3.0},{"damage":0.0,"enemies":"Exordium Wildlife","floor":14.0,"turns":2.0},{"damage":14.0,"enemies":"The Guardian","floor":16.0,"turns":8.0},{"damage":18.0,"enemies":"3 Byrds","floor":18.0,"turns":5.0},{"damage":21.0,"enemies":"Chosen","floor":21.0,"turns":5.0},{"damage":7.0,"enemies":"Sentry and Sphere","floor":22.0,"turns":4.0},{"damage":2.0,"enemies":"Gremlin Leader","floor":23.0,"turns":6.0},{"damage":37.0,"enemies":"Masked Bandits","floor":25.0,"turns":5.0},{"damage":24.0,"enemies":"Slavers","floor":27.0,"turns":7.0},{"damage":15.0,"enemies":"3 Cultists","floor":28.0,"turns":5.0},{"damage":10.0,"enemies":"Snecko","floor":31.0,"turns":6.0},{"damage":55.0,"enemies":"Collector","floor":33.0,"turns":13.0},{"damage":14.0,"enemies":"3 Darklings","floor":35.0,"turns":11.0},{"damage":32.0,"enemies":"3 Shapes","floor":37.0,"turns":13.0},{"damage":47.0,"enemies":"Writhing Mass","floor":38.0,"turns":7.0},{"damage":23.0,"enemies":"4 Shapes","floor":40.0,"turns":14.0},{"damage":16.0,"enemies":"Mind Bloom Boss Battle","floor":42.0,"turns":10.0},{"damage":43,"enemies":"Nemesis","floor":45,"turns":9},{"damage":18,"enemies":"Sphere and 2 Shapes","floor":46,"turns":5},{"damage":14,"enemies":"Giant Head","floor":48,"turns":7},{"damage":67,"enemies":"Awakened One","floor":50,"turns":6}],"seed_played":"8995155724560353695","potions_obtained":[{"floor":5.0,"key":"DuplicationPotion"},{"floor":7.0,"key":"DuplicationPotion"},{"floor":16.0,"key":"FearPotion"},{"floor":18.0,"key":"AttackPotion"},{"floor":23.0,"key":"PowerPotion"},{"floor":27.0,"key":"Block Potion"},{"floor":37.0,"key":"CultistPotion"},{"floor":40.0,"key":"Block Potion"},{"floor":46,"key":"PowerPotion"}],"is_trial":false,"path_per_floor":["M","?","?","$","M","R","M","R","T","R","M","R","T","M","R","B",null,"M","?","?","M","M","E","R","?","T","E","M","R","$","M","R","B",null,"M","$","M","M","$","M","?","?","T","R","E","M","R","E","R","B"],"character_chosen":"WATCHER","items_purchased":["Blood Vial","Juzu Bracelet","DollysMirror","Nunchaku","Damaru","OrangePellets","Fasting2"],"campfire_rested":4,"item_purchase_floors":[30,30,30,36,36,39,39],"current_hp_per_floor":[63,42,42,42,40,40,40,40,40,40,40,40,40,40,61,47,64,46,46,46,30,31,40,40,18,28,24,26,43,43,44,44,37,54,59,59,42,18,18,13,13,29,29,46,29,31,48,54,54,0,0],"gold":258,"neow_bonus":"BOSS_RELIC","is_daily":false,"chose_seed":false,"campfire_upgraded":7,"win_rate":0.0,"timestamp":1612408175,"path_taken":["M","?","?","?","M","R","M","R","T","R","M","R","?","M","R","BOSS","M","?","?","?","M","E","R","?","T","E","M","R","$","M","R","BOSS","M","$","M","M","$","M","?","?","T","R","E","M","R","E","R","BOSS"],"items_purchased_type":["Relic","Relic","Relic","Relic","Relic","Relic","Card"],"build_version":"2020-12-22","purchased_purges":1,"victory":false,"max_hp_per_floor":[70,70,70,70,70,70,70,70,70,70,70,70,70,70,70,70,70,70,49,49,49,49,49,49,49,59,59,59,59,59,59,59,59,59,59,59,59,59,59,59,59,59,59,59,59,59,59,59,59,59,59],"card_choices":[{"not_picked":["FlurryOfBlows","Meditate","Halt"],"picked":"SKIP","floor":1.0},{"not_picked":["Crescendo","SashWhip"],"picked":"Consecrate","floor":5.0},{"not_picked":["Adaptation","PathToVictory"],"picked":"Wish","floor":7.0},{"not_picked":["Conclude","Collect"],"picked":"Nirvana","floor":11.0},{"not_picked":["CrushJoints","ClearTheMind","Halt"],"picked":"SKIP","floor":14.0},{"not_picked":["CarveReality","FlurryOfBlows"],"picked":"LikeWater","floor":15.0},{"not_picked":["Wish","Ragnarok"],"picked":"LessonLearned","floor":16.0},{"not_picked":["Prostrate","Indignation"],"picked":"BattleHymn","floor":18.0},{"not_picked":["JustLucky","Crescendo","Meditate"],"picked":"SKIP","floor":21.0},{"not_picked":["EmptyBody","FlyingSleeves"],"picked":"Nirvana","floor":22.0},{"not_picked":["CarveReality","BowlingBash","WaveOfTheHand"],"picked":"SKIP","floor":23.0},{"not_picked":["FlyingSleeves","ForeignInfluence"],"picked":"WindmillStrike","floor":25.0},{"not_picked":["SashWhip","Swivel","CarveReality"],"picked":"SKIP","floor":27.0},{"not_picked":["JustLucky","InnerPeace"],"picked":"Vault","floor":28.0},{"not_picked":["Evaluate","JustLucky","Crescendo"],"picked":"SKIP","floor":31.0},{"not_picked":["Alpha","DeusExMachina"],"picked":"MasterReality","floor":33.0},{"not_picked":["Protect","EmptyMind","MentalFortress"],"picked":"SKIP","floor":35.0},{"not_picked":["CutThroughFate","Crescendo+1","Protect"],"picked":"SKIP","floor":37.0},{"not_picked":["ThirdEye","CrushJoints","Vengeance"],"picked":"SKIP","floor":38.0},{"not_picked":["WreathOfFlame","Halt","Evaluate"],"picked":"SKIP","floor":40.0},{"not_picked":["HandOfGreed","Secret Weapon"],"picked":"Good Instincts","floor":41.0},{"not_picked":["Collect","EmptyBody"],"picked":"ThirdEye","floor":42},{"not_picked":["CutThroughFate","Halt+1"],"picked":"MentalFortress+1","floor":44},{"not_picked":["Protect","Pray"],"picked":"Nirvana+1","floor":45},{"not_picked":["Pray","ForeignInfluence"],"picked":"Prostrate+1","floor":46},{"not_picked":["LessonLearned","JustLucky"],"picked":"PathToVictory+1","floor":48}],"player_experience":1831364,"relics_obtained":[{"floor":9.0,"key":"Shuriken"},{"floor":13.0,"key":"Dream Catcher"},{"floor":23.0,"key":"Bronze Scales"},{"floor":25.0,"key":"Red Mask"},{"floor":26.0,"key":"Pear"},{"floor":27.0,"key":"Boot"},{"floor":43,"key":"Frozen Egg 2"},{"floor":45,"key":"Centennial Puzzle"},{"floor":48,"key":"Bag of Preparation"}],"event_choices":[{"damage_healed":0.0,"max_hp_gain":0.0,"max_hp_loss":0.0,"gold_gain":0.0,"event_name":"Shining Light","player_choice":"Entered Light","floor":2.0,"gold_loss":0.0,"damage_taken":21.0,"cards_upgraded":["CutThroughFate","EmptyBody"]},{"damage_healed":0.0,"max_hp_gain":0.0,"max_hp_loss":0.0,"gold_gain":0.0,"event_name":"The Cleric","player_choice":"Leave","floor":3.0,"gold_loss":0.0,"damage_taken":0.0},{"damage_healed":0.0,"max_hp_gain":0.0,"max_hp_loss":21.0,"gold_gain":0.0,"event_name":"Vampires","player_choice":"Became a vampire","floor":19.0,"gold_loss":0.0,"damage_taken":0.0,"cards_obtained":["Bite","Bite","Bite","Bite","Bite"]},{"cards_removed":["EmptyBody"],"damage_healed":0.0,"max_hp_gain":0.0,"max_hp_loss":0.0,"gold_gain":0.0,"event_name":"Purifier","player_choice":"Purged","floor":20.0,"gold_loss":0.0,"damage_taken":0.0},{"damage_healed":0.0,"max_hp_gain":0.0,"max_hp_loss":0.0,"gold_gain":0.0,"event_name":"Masked Bandits","player_choice":"Fought Bandits","floor":25.0,"gold_loss":0.0,"damage_taken":0.0},{"damage_healed":0.0,"max_hp_gain":0.0,"max_hp_loss":0.0,"gold_gain":0.0,"event_name":"SensoryStone","player_choice":"Memory 1","floor":41.0,"gold_loss":0.0,"damage_taken":0.0},{"damage_healed":0.0,"max_hp_gain":0.0,"max_hp_loss":0.0,"gold_gain":0.0,"event_name":"MindBloom","player_choice":"Fight","floor":42.0,"gold_loss":0.0,"damage_taken":0.0}],"is_beta":false,"boss_relics":[{"not_picked":["SlaversCollar","Runic Pyramid"],"picked":"Tiny House"},{"not_picked":["VioletLotus","Black Star"],"picked":"Philosopher\u0027s Stone"}],"items_purged_floors":[36],"is_endless":false,"potions_floor_spawned":[5,7,14,16,18,21,23,27,37,40,46],"killed_by":"Awakened One","ascension_level":17}}