{"host":"w7o06k3e8uel8euj","time":1612437216,"event":{"mods":["AchievementEnabler","BaseMod","Colored Powertips","Custom Start","DeckTracker","Keyboard Shortcuts","Minty Spire (QoL Compilation)","Quick Restart","Relic Stats","StSLib","SuperFastMode","everything is the same but u backflip on backflip"],"gold_per_floor":[209,46,46,46,60,60,75,75,75,95,128,146,221,249,249,326,326,346,271,271,291,309,335,385,410,410,410,435,445,74,89,89,161,211,230,242,260,260,45,73,86,114,114,114,125,125,125,125,125,125,125],"floor_reached":50,"language":"KOR","playtime":1139,"items_purged":["Defend_R","Strike_R","Writhe"],"score":1265,"play_id":"200cc649-213d-4279-99d0-92a204b88988","local_time":"20210204201336","is_ascension_mode":true,"campfire_choices":[{"data":"Perfected Strike","floor":6.0,"key":"SMITH"},{"data":"Perfected Strike","floor":8.0,"key":"SMITH"},{"data":"Burning Pact","floor":15.0,"key":"SMITH"},{"data":"Perfected Strike","floor":27.0,"key":"SMITH"},{"data":"Perfected Strike","floor":32.0,"key":"SMITH"},{"data":"Perfected Strike","floor":44,"key":"SMITH"},{"data":"Seeing Red","floor":46,"key":"SMITH"},{"floor":49,"key":"RECALL"}],"circlet_count":0,"master_deck":["AscendersBane","Strike_R+1","Strike_R+1","Strike_R+1","Defend_R+1","Defend_R+1","Defend_R+1","Bash+1","Wild Strike+1","Perfected Strike+1","Twin Strike+1","Pommel Strike+1","Burning Pact+1","Perfected Strike+1","Offering+1","Perfected Strike+1","Seeing Red+1","Perfected Strike+1","Twin Strike+1","Pommel Strike+1","Metallicize+1","Perfected Strike+1","Shrug It Off+1","Shrug It Off+1","Evolve+1","Pommel Strike+1","Disarm+1"],"relics":["Burning Blood","StrikeDummy","TheAbacus","Bottled Lightning","Pocketwatch","Ice Cream","Coffee Dripper","Dream Catcher","Nunchaku","Pantograph","Red Skull","StrikeDummy","Tiny House","Potion Belt","Pen Nib","Mark of the Bloom","Darkstone Periapt"],"acts_visited":["Exordium","TheCity","TheBeyond"],"potions_floor_usage":[40,42],"damage_taken":[{"damage":2.0,"enemies":"2 Louse","floor":1.0,"turns":2.0},{"damage":0.0,"enemies":"Cultist","floor":5.0,"turns":2.0},{"damage":7.0,"enemies":"Jaw Worm","floor":7.0,"turns":3.0},{"damage":6.0,"enemies":"2 Fungi Beasts","floor":10.0,"turns":3.0},{"damage":15.0,"enemies":"3 Sentries","floor":11.0,"turns":4.0},{"damage":0.0,"enemies":"Large Slime","floor":12.0,"turns":2.0},{"damage":0.0,"enemies":"Lagavulin","floor":14.0,"turns":3.0},{"damage":15.0,"enemies":"The Guardian","floor":16.0,"turns":11.0},{"damage":0.0,"enemies":"Chosen","floor":18.0,"turns":3.0},{"damage":6.0,"enemies":"Shell Parasite","floor":21.0,"turns":1.0},{"damage":29.0,"enemies":"Centurion and Healer","floor":22.0,"turns":2.0},{"damage":11.0,"enemies":"Gremlin Leader","floor":23.0,"turns":3.0},{"damage":0.0,"enemies":"Slavers","floor":25.0,"turns":3.0},{"damage":24.0,"enemies":"Gremlin Leader","floor":28.0,"turns":3.0},{"damage":27.0,"enemies":"Snake Plant","floor":29.0,"turns":2.0},{"damage":0.0,"enemies":"Snecko","floor":31.0,"turns":2.0},{"damage":40.0,"enemies":"Champ","floor":33.0,"turns":4.0},{"damage":24,"enemies":"3 Darklings","floor":35,"turns":4},{"damage":0,"enemies":"Orb Walker","floor":36,"turns":2},{"damage":18,"enemies":"Writhing Mass","floor":37,"turns":2},{"damage":57,"enemies":"Nemesis","floor":40,"turns":5},{"damage":22,"enemies":"4 Shapes","floor":41,"turns":4},{"damage":20,"enemies":"Giant Head","floor":42,"turns":4},{"damage":6,"enemies":"Sphere and 2 Shapes","floor":45,"turns":3},{"damage":35,"enemies":"Time Eater","floor":50,"turns":2}],"seed_played":"-2240776976208861329","potions_obtained":[{"floor":5.0,"key":"Swift Potion"},{"floor":10.0,"key":"Energy Potion"},{"floor":12.0,"key":"Block Potion"},{"floor":14.0,"key":"EntropicBrew"},{"floor":23.0,"key":"SneckoOil"},{"floor":25.0,"key":"FearPotion"},{"floor":29.0,"key":"EssenceOfSteel"},{"floor":33.0,"key":"DuplicationPotion"},{"floor":34,"key":"EssenceOfSteel"},{"floor":41,"key":"SkillPotion"},{"floor":45,"key":"SpeedPotion"}],"is_trial":false,"path_per_floor":["M","$","?","?","M","R","M","R","T","M","E","M","?","E","R","B",null,"M","$","?","M","M","E","?","E","T","R","E","M","$","M","R","B",null,"M","M","M","?","$","E","M","E","T","R","M","R","?","T","R","B"],"character_chosen":"IRONCLAD","items_purchased":["TheAbacus","StrikeDummy","Evolve"],"campfire_rested":0,"item_purchase_floors":[2,30,39],"current_hp_per_floor":[72,72,72,72,75,75,74,74,74,74,65,71,60,66,66,57,71,75,75,75,75,52,47,47,53,53,53,35,14,14,20,20,11,64,46,52,40,56,56,25,9,35,35,35,35,35,35,35,35,0,0],"gold":125,"neow_bonus":"HUNDRED_GOLD","is_daily":false,"chose_seed":false,"campfire_upgraded":7,"win_rate":0.0,"timestamp":1612437216,"path_taken":["M","$","?","?","M","R","M","R","T","M","E","?","?","E","R","BOSS","M","$","?","M","M","E","?","E","T","R","E","M","$","M","R","BOSS","M","M","M","?","$","E","M","E","T","R","M","R","?","?","R","BOSS"],"items_purchased_type":["Relic","Relic","Card"],"build_version":"2020-12-22","purchased_purges":3,"victory":false,"max_hp_per_floor":[75,75,75,75,75,75,75,75,75,75,75,75,75,75,75,75,75,75,75,75,75,75,75,75,75,75,75,75,75,75,75,75,75,80,80,80,80,80,80,80,80,80,80,80,80,80,80,80,80,80,80],"relic_stats":{"Darkstone Periapt":0,"Dream Catcher":0,"Nunchaku":[7],"Mark of the Bloom":35,"TheAbacus":[138],"counters":[25,79],"Pantograph":25,"Pen Nib":[1],"obtain_stats":[{"Ice Cream":14,"Potion Belt":40,"Darkstone Periapt":48,"Mark of the Bloom":47,"Tiny House":34,"Pen Nib":42,"Burning Blood":0,"Dream Catcher":23,"Nunchaku":25,"TheAbacus":2,"Pantograph":26,"Coffee Dripper":17,"Bottled Lightning":9,"StrikeDummy":0,"Red Skull":28,"Pocketwatch":11},{"Ice Cream":7,"Potion Belt":21,"Darkstone Periapt":24,"Mark of the Bloom":24,"Tiny House":17,"Pen Nib":23,"Burning Blood":0,"Dream Catcher":12,"Nunchaku":13,"TheAbacus":1,"Pantograph":13,"Coffee Dripper":8,"Bottled Lightning":3,"StrikeDummy":0,"Red Skull":14,"Pocketwatch":5},{"Ice Cream":19,"Potion Belt":66,"Darkstone Periapt":77,"Mark of the Bloom":77,"Tiny House":53,"Pen Nib":74,"Burning Blood":0,"Dream Catcher":39,"Nunchaku":42,"TheAbacus":2,"Pantograph":42,"Coffee Dripper":30,"Bottled Lightning":7,"StrikeDummy":0,"Red Skull":45,"Pocketwatch":14}],"Burning Blood":139,"Pocketwatch":[102]},"card_choices":[{"not_picked":["Sword Boomerang","Sentinel","Havoc"],"picked":"SKIP","floor":1.0},{"not_picked":["Spot Weakness","Sever Soul"],"picked":"Burning Pact","floor":5.0},{"not_picked":["Power Through","Clash"],"picked":"Perfected Strike","floor":7.0},{"not_picked":["Cleave","Intimidate","Clash"],"picked":"SKIP","floor":10.0},{"not_picked":["True Grit","Flex","Heavy Blade"],"picked":"SKIP","floor":11.0},{"not_picked":["Havoc","Blood for Blood","Sever Soul"],"picked":"SKIP","floor":12.0},{"not_picked":["Brutality","Headbutt","Armaments"],"picked":"SKIP","floor":14.0},{"not_picked":["Bludgeon","Feed"],"picked":"Offering","floor":16.0},{"not_picked":["Wild Strike","Sword Boomerang","Iron Wave"],"picked":"SKIP","floor":18.0},{"not_picked":["Sentinel","Flex"],"picked":"Seeing Red","floor":21.0},{"not_picked":["Wild Strike","Clothesline"],"picked":"Perfected Strike","floor":22.0},{"not_picked":["Body Slam","Dark Embrace"],"picked":"Twin Strike+1","floor":23.0},{"not_picked":["Havoc","Shrug It Off"],"picked":"Pommel Strike","floor":25.0},{"not_picked":["Armaments","Brutality","Metallicize"],"picked":"SKIP","floor":28.0},{"not_picked":["Armaments","Brutality"],"picked":"Metallicize","floor":28.0},{"not_picked":["Twin Strike","Whirlwind","Sever Soul"],"picked":"SKIP","floor":29.0},{"not_picked":["Searing Blow","Wild Strike","Body Slam"],"picked":"SKIP","floor":31.0},{"not_picked":["Armaments+1","Cleave+1"],"picked":"Perfected Strike","floor":35},{"not_picked":["Sword Boomerang","Intimidate"],"picked":"Shrug It Off","floor":36},{"not_picked":["Dark Embrace","Sentinel"],"picked":"Shrug It Off","floor":37},{"not_picked":["Sword Boomerang","Spot Weakness","Searing Blow+1"],"picked":"SKIP","floor":40},{"not_picked":["Cleave+1","Whirlwind"],"picked":"Pommel Strike","floor":41},{"not_picked":["Iron Wave","Rupture+1"],"picked":"Disarm","floor":42},{"not_picked":["Sentinel+1","Wild Strike","Shrug It Off"],"picked":"SKIP","floor":45}],"player_experience":526750,"relics_obtained":[{"floor":9.0,"key":"Bottled Lightning"},{"floor":11.0,"key":"Pocketwatch"},{"floor":14.0,"key":"Ice Cream"},{"floor":23.0,"key":"Dream Catcher"},{"floor":25.0,"key":"Nunchaku"},{"floor":26.0,"key":"Pantograph"},{"floor":28.0,"key":"Red Skull"},{"floor":40,"key":"Potion Belt"},{"floor":42,"key":"Pen Nib"},{"floor":48,"key":"Darkstone Periapt"}],"event_choices":[{"damage_healed":0.0,"max_hp_gain":0.0,"max_hp_loss":0.0,"gold_gain":0.0,"event_name":"The Cleric","player_choice":"Leave","floor":3.0,"gold_loss":0.0,"damage_taken":0.0},{"cards_removed":["Strike_R"],"damage_healed":0.0,"max_hp_gain":0.0,"max_hp_loss":0.0,"gold_gain":0.0,"event_name":"Bonfire Elementals","player_choice":"Offered Basic","floor":4.0,"gold_loss":0.0,"damage_taken":0.0},{"damage_healed":0.0,"max_hp_gain":0.0,"max_hp_loss":0.0,"gold_gain":75.0,"event_name":"World of Goop","player_choice":"Gather Gold","floor":13.0,"gold_loss":0.0,"damage_taken":11.0},{"damage_healed":0.0,"max_hp_gain":0.0,"max_hp_loss":0.0,"gold_gain":0.0,"event_name":"The Library","player_choice":"Read","floor":20.0,"gold_loss":0.0,"damage_taken":0.0,"cards_obtained":["Perfected Strike"]},{"damage_healed":0.0,"max_hp_gain":0.0,"max_hp_loss":0.0,"gold_gain":50.0,"event_name":"Nest","player_choice":"Stole From Cult","floor":24.0,"gold_loss":0.0,"damage_taken":0.0},{"damage_healed":16,"gold_gain":0,"player_choice":"Writhe","damage_taken":0,"max_hp_gain":0,"max_hp_loss":0,"event_name":"Winding Halls","floor":38,"gold_loss":0,"cards_obtained":["Writhe"]},{"damage_healed":0,"gold_gain":0,"player_choice":"Upgrade","damage_taken":0,"relics_obtained":["Mark of the Bloom"],"max_hp_gain":0,"max_hp_loss":0,"event_name":"MindBloom","floor":47,"gold_loss":0,"cards_upgraded":["Strike_R","Strike_R","Strike_R","Defend_R","Defend_R","Defend_R","Bash","Wild Strike","Pommel Strike","Offering","Pommel Strike","Metallicize","Shrug It Off","Shrug It Off","Evolve","Pommel Strike","Disarm"]}],"is_beta":false,"boss_relics":[{"not_picked":["Runic Cube","SacredBark"],"picked":"Coffee Dripper"},{"not_picked":["Pandora\u0027s Box","Fusion Hammer"],"picked":"Tiny House"}],"items_purged_floors":[19,30,39],"is_endless":false,"potions_floor_spawned":[5,10,12,14,23,25,29,33,35,41,45],"killed_by":"Time Eater","ascension_level":20}}